{"host":"xrdu44lqyrrw1kvr","time":1608941187,"event":{"mods":["Aspiration","BaseMod","Colored Powertips","Hubris","Jedi Mod","Minty Spire (QoL Compilation)","Relic Stats","Replay The Spire","StSLib"],"gold_per_floor":[116,1,1,1,17,17,49,49,73,117,139,39,79,97,97,97,97],"floor_reached":16,"playtime":550,"items_purged":["Strike_B","Regret"],"score":286,"play_id":"3108037d-a63a-4704-8c9b-56514ec60ca6","local_time":"20201226030627","is_ascension_mode":true,"campfire_choices":[{"data":"jedi:overflow","floor":6,"key":"SMITH"},{"data":"Loop","floor":8,"key":"SMITH"},{"floor":15,"key":"REST"}],"circlet_count":0,"master_deck":["AscendersBane","Strike_B","Strike_B","Strike_B","Defend_B","Defend_B","Defend_B","Defend_B","Zap","Dualcast","BasicCrystalCard+1","Gash+1","jedi:overflow+1","Loop+1","BasicCrystalCard","Coolheaded","Genetic Algorithm"],"relics":["Cracked Core","NeowsBlessing","jedi:superconductor","Ancient Tea Set","DataDisk","CeramicFish","aspiration:EnhancedActuators"],"acts_visited":["Exordium"],"potions_floor_usage":[10,10,14],"damage_taken":[{"damage":0,"enemies":"Small Slimes","floor":1,"turns":1},{"damage":0,"enemies":"Jaw Worm","floor":5,"turns":1},{"damage":0,"enemies":"3 Sentries","floor":7,"turns":1},{"damage":9,"enemies":"Gremlin Nob","floor":10,"turns":3},{"damage":2,"enemies":"Cultist","floor":11,"turns":4},{"damage":34,"enemies":"3 Sentries","floor":13,"turns":8},{"damage":12,"enemies":"Exordium Thugs","floor":14,"turns":6},{"damage":28,"enemies":"Slime Boss","floor":16,"turns":3}],"seed_played":"-4967566898394482563","potions_obtained":[{"floor":5,"key":"Elixir"},{"floor":7,"key":"SteroidPotion"},{"floor":13,"key":"Energy Potion"}],"is_trial":false,"path_per_floor":["M","$","?","?","M","R","E","R","T","E","M","$","E","M","R","B"],"character_chosen":"DEFECT","items_purchased":["Gash+1"],"campfire_rested":1,"item_purchase_floors":[2],"current_hp_per_floor":[64,64,64,64,64,64,64,64,64,55,53,53,19,7,28,0,0],"gold":97,"neow_bonus":"THREE_ENEMY_KILL","is_daily":false,"chose_seed":false,"campfire_upgraded":2,"win_rate":0.0,"timestamp":1608941187,"path_taken":["M","$","?","?","?","R","E","R","T","E","M","?","E","M","R","BOSS"],"items_purchased_type":["Card"],"build_version":"2020-12-22","purchased_purges":2,"victory":false,"max_hp_per_floor":[71,71,71,71,71,71,71,71,71,71,71,71,71,71,71,71,71],"relic_stats":{"counters":[8,27],"CeramicFish":27,"obtain_stats":[{"DataDisk":9,"jedi:superconductor":3,"NeowsBlessing":0,"aspiration:EnhancedActuators":13,"CeramicFish":10,"Cracked Core":0,"Ancient Tea Set":7},{"DataDisk":3,"jedi:superconductor":1,"NeowsBlessing":0,"aspiration:EnhancedActuators":6,"CeramicFish":4,"Cracked Core":0,"Ancient Tea Set":3},{"DataDisk":3,"jedi:superconductor":1,"NeowsBlessing":0,"aspiration:EnhancedActuators":18,"CeramicFish":6,"Cracked Core":0,"Ancient Tea Set":3}]},"card_choices":[{"not_picked":["Cold Snap","Coolheaded"],"picked":"BasicCrystalCard","floor":1},{"not_picked":["BootSequence","Ball Lightning"],"picked":"jedi:overflow","floor":5},{"not_picked":["Leap","Undo"],"picked":"Loop","floor":7},{"not_picked":["Blizzard","Barrage"],"picked":"BasicCrystalCard","floor":10},{"not_picked":["jedi:BurstLightning","Sweeping Beam"],"picked":"Coolheaded","floor":11},{"not_picked":["Turbo","hubris:DoWhile"],"picked":"Genetic Algorithm","floor":13},{"not_picked":["Rebound","jedi:blockon","Time Bomb"],"picked":"SKIP","floor":14}],"player_experience":1979364,"relics_obtained":[{"floor":7,"key":"Ancient Tea Set"},{"floor":9,"key":"DataDisk"},{"floor":10,"key":"CeramicFish"},{"floor":13,"key":"aspiration:EnhancedActuators"}],"event_choices":[{"damage_healed":0,"gold_gain":0,"player_choice":"Box","damage_taken":0,"relics_obtained":["jedi:superconductor"],"max_hp_gain":0,"max_hp_loss":0,"event_name":"Big Fish","floor":3,"gold_loss":0,"cards_obtained":["Regret"]},{"damage_healed":0,"gold_gain":0,"player_choice":"Upgraded","damage_taken":0,"max_hp_gain":0,"max_hp_loss":0,"event_name":"Upgrade Shrine","floor":4,"gold_loss":0,"cards_upgraded":["BasicCrystalCard"]}],"is_beta":false,"boss_relics":[],"items_purged_floors":[2,12],"is_endless":false,"potions_floor_spawned":[5,7,13],"killed_by":"Slime Boss","ascension_level":20}}