{"host":"kw4o7b3ro2ktmmbe","time":1608965515,"event":{"mods":["BaseMod","Downfall","Evolution","Minty Spire (QoL Compilation)","StSLib","Treasure Hunter"],"gold_per_floor":[99,118,132,117,135,155,232,232,243,243,85,85,85,85,108,217,217,217,229,248,263,263,368,368,383,383,383,383,383],"floor_reached":27,"playtime":2368,"items_purged":[],"score":205,"play_id":"294ff033-08b9-4562-9a8a-eaf51ceca2f3","local_time":"20201226195155","is_ascension_mode":false,"campfire_choices":[{"data":"champ:Execute","floor":1.0,"key":"SMITH"},{"data":"champ:RecklessLeap","floor":8.0,"key":"SMITH"},{"data":"champ:IgnorePain","floor":13.0,"key":"SMITH"},{"data":"champ:Devastate","floor":18.0,"key":"SMITH"},{"floor":26,"key":"REST"}],"circlet_count":0,"master_deck":["champ:Strike","champ:Strike","champ:Strike","champ:Strike+1","champ:Defend","champ:Defend","champ:Defend","champ:Defend","champ:Execute+1","champ:Shatter","champ:BerserkerStyle+1","champ:RecklessLeap+1","champ:CalledShot","TH:CopperCoins+1","champ:IgnorePain+1","champ:ShieldWall","Regret","champ:Devastate+1","TH:ElvenBoots","champ:SwordThrow","champ:GutPunch","champ:SkillfulDodge+1","champ:GutPunch+1","Necronomicurse","champ:CalledShot","TH:DeckOfManyThings","champ:CalledShot+1"],"relics":["champ:ChampionCrown","EVO:Axolotl","Matryoshka","Toy Ornithopter","Snecko Eye","Necronomicon","champ:BlackKnightHelmet","StrikeDummy","Darkstone Periapt","Omamori"],"acts_visited":["Exordium","TheCity"],"potions_floor_usage":[],"damage_taken":[{"damage":5.0,"enemies":"Jaw Worm","floor":2.0,"turns":3.0},{"damage":7.0,"enemies":"Small Slimes","floor":3.0,"turns":4.0},{"damage":10.0,"enemies":"downfall:FleeingMerchant","floor":4.0,"turns":4.0},{"damage":6.0,"enemies":"2 Louse","floor":5.0,"turns":3.0},{"damage":32.0,"enemies":"Large Slime","floor":6.0,"turns":5.0},{"damage":23.0,"enemies":"Red Slaver","floor":9.0,"turns":3.0},{"damage":27.0,"enemies":"downfall:FleeingMerchant","floor":11.0,"turns":4.0},{"damage":42.0,"enemies":"Blue Slaver","floor":15.0,"turns":4.0},{"damage":63.0,"enemies":"downfall:Watcher","floor":16.0,"turns":6.0},{"damage":5.0,"enemies":"Spheric Guardian","floor":19.0,"turns":2.0},{"damage":53.0,"enemies":"Shell Parasite","floor":20.0,"turns":4.0},{"damage":38.0,"enemies":"Cultist and Chosen","floor":21.0,"turns":6.0},{"damage":93.0,"enemies":"Cultist and Chosen","floor":23.0,"turns":5.0},{"damage":3,"enemies":"Centurion and Healer","floor":25,"turns":3},{"damage":41,"enemies":"Gremlin Leader","floor":27,"turns":3}],"seed_played":"6185853653527519290","potions_obtained":[{"floor":2.0,"key":"SkillPotion"},{"floor":3.0,"key":"SneckoOil"},{"floor":6.0,"key":"Strength Potion"},{"floor":21.0,"key":"Fire Potion"},{"floor":23.0,"key":"DuplicationPotion"}],"is_trial":false,"path_per_floor":["R","M","M","$","M","M","T","R","M","?","$","?","R","?","M","B",null,"R","M","M","M","?","?","T","M","R","E"],"character_chosen":"THE_CHAMP","items_purchased":["Toy Ornithopter"],"campfire_rested":1,"item_purchase_floors":[11],"current_hp_per_floor":[99,99,97,97,95,95,95,95,92,92,92,92,92,92,79,57,99,99,99,78,70,54,4,4,4,33,0,0,0],"gold":383,"neow_bonus":"TEN_PERCENT_HP_BONUS","is_daily":false,"chose_seed":false,"campfire_upgraded":4,"win_rate":0.0,"timestamp":1608965515,"path_taken":["R","M","M","$","M","M","T","R","M","?","$","?","R","?","M","BOSS","R","M","M","M","?","?","T","M","R","E"],"items_purchased_type":["Relic"],"build_version":"2020-12-22","purchased_purges":0,"victory":false,"max_hp_per_floor":[99,99,99,99,99,99,99,99,99,99,99,99,99,99,99,99,99,99,99,99,99,99,99,99,99,99,99,99,99],"card_choices":[{"not_picked":["champ:Haymaker","champ:BladeFlurry","champ:BringItOn"],"picked":"SKIP","floor":2.0},{"not_picked":["champ:GutPunch","champ:StanceDance"],"picked":"champ:Shatter","floor":3.0},{"not_picked":["champ:FlashCut","champ:SteelEdge"],"picked":"champ:BerserkerStyle","floor":4.0},{"not_picked":["champ:GutPunch","champ:CrookedStrike"],"picked":"champ:RecklessLeap","floor":5.0},{"not_picked":["champ:AdrenalArmor","champ:BerserkersShout"],"picked":"champ:CalledShot","floor":6.0},{"not_picked":["TH:Mimic"],"picked":"TH:CopperCoins","floor":7.0},{"not_picked":["champ:BringItOn","champ:Circumvent","champ:GladiatorsShout"],"picked":"SKIP","floor":9.0},{"not_picked":["champ:FaceSlap","champ:PerfectedStrike"],"picked":"champ:ShieldWall","floor":11.0},{"not_picked":["champ:GutPunch","champ:FlashCut"],"picked":"champ:Devastate","floor":15.0},{"not_picked":["TH:DeckOfManyThings"],"picked":"TH:ElvenBoots","floor":16.0},{"not_picked":["champ:IgnorePain","champ:PerfectForm"],"picked":"champ:SwordThrow","floor":16.0},{"not_picked":["champ:StanceDance","champ:Haymaker+1"],"picked":"champ:GutPunch","floor":19.0},{"not_picked":["champ:FightOn","champ:FocusedDefense"],"picked":"champ:SkillfulDodge+1","floor":20.0},{"not_picked":["champ:PerfectedStrike","champ:GladiatorsShout"],"picked":"champ:GutPunch+1","floor":21.0},{"not_picked":["champ:DefensiveShout","champ:BladeFlurry"],"picked":"champ:CalledShot","floor":23.0},{"not_picked":["TH:EnergyPotion"],"picked":"TH:DeckOfManyThings","floor":24},{"not_picked":["champ:AdrenalArmor","champ:FanOfKnives"],"picked":"champ:CalledShot+1","floor":25}],"player_experience":1860191,"relics_obtained":[{"floor":7.0,"key":"Matryoshka"},{"floor":22.0,"key":"Necronomicon"},{"floor":23.0,"key":"champ:BlackKnightHelmet"},{"floor":23.0,"key":"StrikeDummy"},{"floor":24,"key":"Darkstone Periapt"},{"floor":24,"key":"Omamori"}],"event_choices":[{"damage_healed":0.0,"max_hp_gain":0.0,"max_hp_loss":0.0,"gold_gain":0.0,"cards_transformed":["champ:Taunt"],"event_name":"Living Wall","player_choice":"Change","floor":10.0,"gold_loss":0.0,"damage_taken":0.0,"cards_obtained":["champ:IgnorePain"]}],"is_beta":false,"boss_relics":[{"not_picked":["Tiny House","Empty Cage"],"picked":"Snecko Eye"}],"items_purged_floors":[],"is_endless":false,"potions_floor_spawned":[2,3,6,21,23],"killed_by":"Gremlin Leader","ascension_level":0}}