{"host":"lvhfn8l5bvc4nolx","time":1608994707,"event":{"mods":["AchievementEnabler","BaseMod","Colored Map","Keyboard Shortcuts","Minty Spire (QoL Compilation)","Permanent Neow","Quick Restart","SuperFastMode"],"gold_per_floor":[109,71,81,100,47,77,77,77,102,102,102],"floor_reached":10,"playtime":228,"items_purged":[],"score":69,"play_id":"8dfb992b-f0d7-40a4-9ca0-ecdd1d38683c","local_time":"20201226235827","is_ascension_mode":true,"campfire_choices":[{"data":"Bullet Time","floor":7,"key":"SMITH"}],"circlet_count":0,"master_deck":["Strike_G","Strike_G","Strike_G","Strike_G","Strike_G","Defend_G","Defend_G","Defend_G","Defend_G","Defend_G","Survivor","Neutralize","Bullet Time+1","Acrobatics","Dash","Dagger Throw","Prepared","Dagger Spray"],"relics":["Ring of the Snake","Nunchaku","Meat on the Bone","Happy Flower"],"acts_visited":["Exordium"],"potions_floor_usage":[],"damage_taken":[{"damage":0,"enemies":"2 Louse","floor":1,"turns":3},{"damage":1,"enemies":"Jaw Worm","floor":3,"turns":5},{"damage":0,"enemies":"Cultist","floor":4,"turns":3},{"damage":19,"enemies":"3 Sentries","floor":6,"turns":11},{"damage":10,"enemies":"Lagavulin","floor":10,"turns":3}],"seed_played":"-7556163856206641243","potions_obtained":[{"floor":6,"key":"DuplicationPotion"}],"is_trial":false,"path_per_floor":["M","$","M","M","$","E","R","?","T","E"],"character_chosen":"THE_SILENT","items_purchased":["Dash","Prepared"],"campfire_rested":0,"item_purchase_floors":[2,5],"current_hp_per_floor":[49,49,48,48,48,29,29,11,11,1,1],"gold":102,"neow_bonus":"THREE_RARE_CARDS","is_daily":false,"chose_seed":false,"campfire_upgraded":1,"win_rate":0.0,"timestamp":1608994707,"path_taken":["M","$","M","M","$","E","R","?","T","E"],"items_purchased_type":["Card","Card"],"build_version":"2020-12-22","purchased_purges":0,"victory":false,"max_hp_per_floor":[70,70,70,70,70,70,70,70,70,70,70],"card_choices":[{"not_picked":["Phantasmal Killer","Unload"],"picked":"Bullet Time","floor":0},{"not_picked":["Deflect","Choke"],"picked":"Acrobatics","floor":1},{"not_picked":["PiercingWail","Calculated Gamble"],"picked":"Dagger Throw","floor":3},{"not_picked":["Flying Knee","Outmaneuver","Deflect"],"picked":"SKIP","floor":4},{"not_picked":["Well Laid Plans","Dagger Throw"],"picked":"Dagger Spray","floor":6}],"player_experience":340145,"relics_obtained":[{"floor":6,"key":"Nunchaku"},{"floor":9,"key":"Happy Flower"}],"event_choices":[{"damage_healed":0,"gold_gain":0,"player_choice":"Success","damage_taken":18,"relics_obtained":["Meat on the Bone"],"max_hp_gain":0,"max_hp_loss":0,"event_name":"Scrap Ooze","floor":8,"gold_loss":0}],"is_beta":false,"boss_relics":[],"items_purged_floors":[],"is_endless":false,"potions_floor_spawned":[6],"killed_by":"Lagavulin","ascension_level":1}}