{"host":"l12hrjjiowxu1z6t","time":1608948638,"event":{"mods":["BaseMod","Colored Powertips","Highlight Path","Minty Spire (QoL Compilation)","Quick Restart","SuperFastMode"],"gold_per_floor":[113,188,215,390,355,380,394,394,448,448,480,580,590,616,616,712,712,722,197,217,217,132,161,161,161,161,161,177,190,215,115,115,115,115],"floor_reached":33,"playtime":855,"items_purged":["Doubt","A Thousand Cuts"],"score":350,"play_id":"04d516ff-f9e5-4fff-ad77-c37edad0e89b","local_time":"20201225211038","is_ascension_mode":true,"campfire_choices":[{"data":"Choke","floor":8,"key":"SMITH"},{"data":"Calculated Gamble","floor":10,"key":"SMITH"},{"floor":15,"key":"REST"},{"floor":24,"key":"REST"},{"floor":27,"key":"REST"},{"floor":32,"key":"REST"}],"circlet_count":0,"master_deck":["Strike_G","Strike_G","Strike_G","Strike_G","Strike_G","Defend_G","Defend_G","Defend_G","Survivor","Neutralize","Choke+1","Cloak And Dagger","Calculated Gamble+1","Tactician","Sucker Punch","Glass Knife","Endless Agony+1","Blade Dance","Backstab","Cloak And Dagger","Cloak And Dagger+1","Dagger Throw"],"relics":["Ring of the Snake","NeowsBlessing","Potion Belt","Boot","Centennial Puzzle","White Beast Statue","Omamori","HoveringKite","Matryoshka","PreservedInsect","Frozen Egg 2","Orichalcum","Enchiridion","MealTicket","Pen Nib","Toy Ornithopter","Strawberry"],"acts_visited":["Exordium","TheCity"],"potions_floor_usage":[11,11,14,16,18,23,23,28,29,33],"damage_taken":[{"damage":0,"enemies":"Small Slimes","floor":1,"turns":1},{"damage":0,"enemies":"Gremlin Nob","floor":6,"turns":1},{"damage":0,"enemies":"Jaw Worm","floor":7,"turns":1},{"damage":20,"enemies":"3 Sentries","floor":11,"turns":7},{"damage":4,"enemies":"2 Louse","floor":13,"turns":2},{"damage":21,"enemies":"Lagavulin","floor":14,"turns":6},{"damage":37,"enemies":"Slime Boss","floor":16,"turns":9},{"damage":22,"enemies":"3 Byrds","floor":18,"turns":3},{"damage":11,"enemies":"2 Thieves","floor":20,"turns":2},{"damage":26,"enemies":"Gremlin Leader","floor":23,"turns":5},{"damage":20,"enemies":"Centurion and Healer","floor":28,"turns":4},{"damage":0,"enemies":"Snake Plant","floor":29,"turns":2},{"damage":68,"enemies":"Collector","floor":33,"turns":6}],"seed_played":"6888114118701036786","potions_obtained":[{"floor":6,"key":"Energy Potion"},{"floor":7,"key":"Fire Potion"},{"floor":13,"key":"Dexterity Potion"},{"floor":14,"key":"LiquidMemories"},{"floor":16,"key":"AttackPotion"},{"floor":18,"key":"LiquidBronze"},{"floor":20,"key":"EssenceOfSteel"},{"floor":23,"key":"Strength Potion"},{"floor":28,"key":"Swift Potion"},{"floor":29,"key":"Swift Potion"}],"is_trial":false,"path_per_floor":["M","?","T","?","?","E","M","R","T","R","E","?","M","E","R","B",null,"M","$","M","?","?","E","R","?","T","R","M","M","T","$","R","B"],"character_chosen":"THE_SILENT","items_purchased":["Blade Dance","Matryoshka","PreservedInsect"],"campfire_rested":4,"item_purchase_floors":[19,19,19],"current_hp_per_floor":[70,59,59,59,70,70,70,70,70,70,50,50,46,25,46,9,70,48,48,37,37,37,11,32,16,16,37,17,17,24,39,62,0,0],"gold":115,"neow_bonus":"THREE_ENEMY_KILL","is_daily":false,"chose_seed":false,"campfire_upgraded":2,"win_rate":0.0,"timestamp":1608948638,"path_taken":["M","?","?","?","?","E","?","R","T","R","E","?","?","E","R","BOSS","M","$","M","?","?","E","R","?","T","R","?","M","?","$","R","BOSS"],"items_purchased_type":["Card","Relic","Relic"],"build_version":"2020-12-22","purchased_purges":2,"victory":false,"max_hp_per_floor":[70,70,70,70,70,70,70,70,70,70,70,70,70,70,70,70,70,70,70,70,70,70,70,70,70,70,70,70,70,77,77,77,77,77],"card_choices":[{"not_picked":["Blade Dance","Backflip"],"picked":"Choke","floor":1},{"not_picked":["Skewer","Expertise"],"picked":"Cloak And Dagger","floor":6},{"not_picked":["Well Laid Plans","Choke"],"picked":"Calculated Gamble","floor":7},{"not_picked":["Eviscerate","Doppelganger"],"picked":"Tactician","floor":11},{"not_picked":["Crippling Poison","Poisoned Stab","Eviscerate"],"picked":"SKIP","floor":13},{"not_picked":["Noxious Fumes","Dodge and Roll"],"picked":"Sucker Punch","floor":14},{"not_picked":["Doppelganger","Night Terror"],"picked":"Glass Knife","floor":16},{"not_picked":["Deflect","Outmaneuver"],"picked":"Endless Agony+1","floor":18},{"not_picked":["Underhanded Strike","PiercingWail+1"],"picked":"Backstab","floor":20},{"not_picked":["Backflip","Concentrate","Heel Hook+1"],"picked":"SKIP","floor":23},{"not_picked":["Bane","PiercingWail"],"picked":"Cloak And Dagger+1","floor":28},{"not_picked":["Expertise","Acrobatics"],"picked":"Dagger Throw","floor":29}],"player_experience":143879,"relics_obtained":[{"floor":3,"key":"Potion Belt"},{"floor":6,"key":"Boot"},{"floor":9,"key":"Centennial Puzzle"},{"floor":11,"key":"White Beast Statue"},{"floor":14,"key":"Omamori"},{"floor":23,"key":"Orichalcum"},{"floor":25,"key":"Enchiridion"},{"floor":26,"key":"MealTicket"},{"floor":26,"key":"Pen Nib"},{"floor":30,"key":"Toy Ornithopter"},{"floor":30,"key":"Strawberry"}],"event_choices":[{"damage_healed":0,"gold_gain":75,"player_choice":"Gather Gold","damage_taken":11,"max_hp_gain":0,"max_hp_loss":0,"event_name":"World of Goop","floor":2,"gold_loss":0},{"damage_healed":0,"gold_gain":175,"player_choice":"AGREE","damage_taken":0,"max_hp_gain":0,"max_hp_loss":0,"event_name":"Liars Game","floor":4,"gold_loss":0,"cards_obtained":["Doubt"]},{"damage_healed":17,"gold_gain":0,"player_choice":"Healed","damage_taken":0,"max_hp_gain":0,"max_hp_loss":0,"event_name":"The Cleric","floor":5,"gold_loss":35},{"damage_healed":0,"gold_gain":100,"player_choice":"Pray","damage_taken":0,"max_hp_gain":0,"max_hp_loss":0,"event_name":"Golden Shrine","floor":12,"gold_loss":0},{"damage_healed":0,"gold_gain":0,"cards_transformed":["Defend_G","Defend_G"],"player_choice":"Became Test Subject","damage_taken":0,"max_hp_gain":0,"max_hp_loss":0,"event_name":"Drug Dealer","floor":21,"gold_loss":0,"cards_obtained":["A Thousand Cuts","Cloak And Dagger"]},{"damage_healed":0,"gold_gain":0,"player_choice":"Obtained Relic","damage_taken":0,"relics_obtained":["Frozen Egg 2"],"max_hp_gain":0,"max_hp_loss":0,"event_name":"Addict","floor":22,"gold_loss":85},{"damage_healed":0,"gold_gain":0,"player_choice":"Obtained Book","damage_taken":16,"max_hp_gain":0,"max_hp_loss":0,"event_name":"Cursed Tome","floor":25,"gold_loss":0}],"is_beta":false,"boss_relics":[{"not_picked":["Tiny House","WristBlade"],"picked":"HoveringKite"}],"items_purged_floors":[19,31],"is_endless":false,"potions_floor_spawned":[6,7,13,14,16,18,20,23,28,29],"killed_by":"Collector","ascension_level":3}}