{"host":"ormi09wwzv7sq47a","time":1608941338,"event":{"mods":["2.2 Compatiblity","AchievementEnabler","Act Like it!","BaseMod","Bestiary","Better Altar","Better Note","Better Sensory Stone","Better Skull","Better Third Choice","Better Vampires","BetterRewards","Block Reminder","Colored Map","Colored Powertips","Curses Come First","DeckTracker","Downfall","Highlight Path","Minty Spire (QoL Compilation)","Permanent Neow","Quick Restart","Rare Cards Sparkle","Relic Stats","Shop Mod","StSLib","The Jungle","The Servant 0.9.4"],"gold_per_floor":[109,34,52,71,4,4,36,36,36,46,46,46,46,82,82,205,205,228,26,28,127,143,143,143,143,143,143,167,167,206,219,219,347,347,367,383,383,383,383],"floor_reached":37,"playtime":2030,"items_purged":["Guardian:Strike_Guardian","Guardian:Defend_Guardian"],"score":675,"play_id":"edbe4792-e95e-44d6-8fa7-6e25b3405e3d","local_time":"20201225210858","is_ascension_mode":true,"campfire_choices":[{"data":"Guardian:TwinSlam","floor":6.0,"key":"SMITH"},{"data":"Guardian:CurlUp","floor":8.0,"key":"SMITH"},{"data":"Panache","floor":12.0,"key":"SMITH"},{"data":"Guardian:TimeBomb","floor":15.0,"key":"SMITH"},{"data":"Guardian:StasisStrike","floor":23,"key":"SMITH"},{"data":"Guardian:TimeCapacitor","floor":25,"key":"SMITH"},{"data":"Guardian:FuturePlans","floor":27,"key":"SMITH"},{"data":"Guardian:PrismaticBarrier","floor":29,"key":"SMITH"},{"data":"Guardian:SentryBeam","floor":32,"key":"SMITH"}],"circlet_count":0,"master_deck":["AscendersBane","Guardian:CurlUp+1","Guardian:TwinSlam+1","Guardian:FuturePlans+1","Guardian:TimeCapacitor+1","Guardian:FloatingOrbs","Guardian:PrismaticBarrier+1","Guardian:TimeBomb+1","Panache+1","Guardian:BronzeArmor","Guardian:StasisStrike+1","Guardian:Recover","Guardian:Incinerate","Guardian:SentryBeam+1","Guardian:WalkerClaw","Guardian:Gem_Synthetic","Guardian:Recover","Guardian:Gem_Green","Guardian:TemporalShield","Guardian:Gem_Purple","Guardian:Clone","Guardian:Gem_Yellow","Guardian:SpikerProtocol"],"relics":["Guardian:ModeShifter","Incense Burner","CaptainsWheel","Golden Idol","Dream Catcher","Guardian:StasisSlotReductionRelic","Bottled Lightning","Sundial","Pandora\u0027s Box"],"acts_visited":["TheCity","TheBeyond"],"potions_floor_usage":[16,31,37],"damage_taken":[{"damage":1.0,"enemies":"Cultist","floor":1.0,"turns":4.0},{"damage":7.0,"enemies":"Jaw Worm","floor":3.0,"turns":5.0},{"damage":2.0,"enemies":"Small Slimes","floor":4.0,"turns":5.0},{"damage":6.0,"enemies":"Gremlin Nob","floor":7.0,"turns":4.0},{"damage":0.0,"enemies":"2 Fungi Beasts","floor":10.0,"turns":4.0},{"damage":3.0,"enemies":"Lagavulin","floor":14.0,"turns":6.0},{"damage":6,"enemies":"The Guardian","floor":16,"turns":10},{"damage":12,"enemies":"Chosen","floor":18,"turns":5},{"damage":15,"enemies":"2 Thieves","floor":20,"turns":4},{"damage":2,"enemies":"3 Cultists","floor":22,"turns":3},{"damage":4,"enemies":"Snake Plant","floor":28,"turns":6},{"damage":0,"enemies":"Gremlin Leader","floor":30,"turns":6},{"damage":9,"enemies":"Sentry and Sphere","floor":31,"turns":4},{"damage":12,"enemies":"Automaton","floor":33,"turns":10},{"damage":8,"enemies":"3 Shapes","floor":35,"turns":6},{"damage":14,"enemies":"3 Darklings","floor":36,"turns":6},{"damage":52,"enemies":"2 Orb Walkers","floor":37,"turns":5}],"seed_played":"-8624878380546163168","potions_obtained":[{"floor":1.0,"key":"Explosive Potion"},{"floor":3.0,"key":"SteroidPotion"},{"floor":4.0,"key":"Guardian:DefensiveModePotion"},{"floor":14.0,"key":"Swift Potion"},{"floor":20,"key":"Ancient Potion"},{"floor":22,"key":"GamblersBrew"}],"is_trial":false,"path_per_floor":["M","$","M","M","$","R","E","R","T","M","?","R","?","E","R","B",null,"M","$","M","?","M","R","?","R","T","R","M","R","E","M","R","B",null,"M","M","?"],"character_chosen":"GUARDIAN","items_purchased":["Guardian:FloatingOrbs","Guardian:Gem_Blue","Guardian:Incinerate"],"campfire_rested":0,"item_purchase_floors":[5,19,19],"current_hp_per_floor":[71,71,64,62,62,62,56,56,56,56,56,56,36,33,33,27,67,55,55,40,40,38,38,64,64,64,64,60,60,60,51,51,39,70,62,48,0,0,0],"gold":383,"neow_bonus":"TRANSFORM_CARD","is_daily":false,"chose_seed":false,"campfire_upgraded":9,"win_rate":0.0,"timestamp":1608941338,"path_taken":["M","$","M","M","$","R","E","R","T","?","?","R","?","E","R","BOSS","M","$","M","?","M","R","?","R","T","R","M","R","E","M","R","BOSS","M","M","?"],"items_purchased_type":["Card","Card","Card"],"build_version":"2020-12-22","purchased_purges":2,"victory":false,"max_hp_per_floor":[80,80,80,80,80,80,80,80,80,80,80,80,80,80,80,80,80,80,80,80,80,80,80,80,80,80,80,80,80,80,80,80,80,80,80,80,80,80,80],"relic_stats":{"Dream Catcher":0,"counters":[17,91],"Golden Idol":105,"Sundial":[6],"Pandora\u0027s Box":["Guardian:Recover","Guardian:Gem_Green","Guardian:TemporalShield","Guardian:Gem_Purple","Guardian:Clone"],"obtain_stats":[{"CaptainsWheel":9,"Dream Catcher":14,"Guardian:StasisSlotReductionRelic":17,"Golden Idol":13,"Sundial":30,"Guardian:ModeShifter":0,"Pandora\u0027s Box":34,"Incense Burner":7,"Bottled Lightning":26},{"CaptainsWheel":4,"Dream Catcher":6,"Guardian:StasisSlotReductionRelic":7,"Golden Idol":5,"Sundial":12,"Guardian:ModeShifter":0,"Pandora\u0027s Box":14,"Incense Burner":4,"Bottled Lightning":10},{"CaptainsWheel":18,"Dream Catcher":28,"Guardian:StasisSlotReductionRelic":38,"Golden Idol":22,"Sundial":61,"Guardian:ModeShifter":0,"Pandora\u0027s Box":75,"Incense Burner":18,"Bottled Lightning":50}]},"card_choices":[{"not_picked":["Guardian:BronzeArmor","Guardian:Gem_Red"],"picked":"Guardian:Gem_Purple","floor":1.0},{"not_picked":["Guardian:DonusPower","Guardian:Gem_Purple"],"picked":"Guardian:TimeCapacitor","floor":3.0},{"not_picked":["Guardian:CrystalBeam","Guardian:SpikerProtocol"],"picked":"Guardian:Gem_White","floor":4.0},{"not_picked":["Guardian:FuturePlans","Guardian:SpikerProtocol"],"picked":"Guardian:PrismaticBarrier","floor":7.0},{"not_picked":["Guardian:Planning","Guardian:Incinerate"],"picked":"Guardian:TimeBomb","floor":10.0},{"not_picked":["Trip","Magnetism"],"picked":"Panache","floor":11.0},{"not_picked":["Guardian:VentSteam","Guardian:Reroute"],"picked":"Guardian:BronzeArmor","floor":14.0},{"not_picked":["Guardian:Gem_Orange","Guardian:Gem_Synthetic"],"picked":"Guardian:StasisStrike","floor":16},{"not_picked":["Guardian:CrystalBeam","Guardian:TemporalStrike+1"],"picked":"Guardian:Recover","floor":18},{"not_picked":["Guardian:PolyBeam","Guardian:WalkerClaw"],"picked":"Guardian:Gem_Cyan","floor":20},{"not_picked":["Guardian:ShieldCharger","Guardian:CrystalBeam","Guardian:ChargeCore"],"picked":"SKIP","floor":22},{"not_picked":["Guardian:ChargeCore","Guardian:VentSteam"],"picked":"Guardian:Gem_Cyan","floor":28},{"not_picked":["Guardian:TimeBomb","Guardian:ChargeCore"],"picked":"Guardian:SentryBeam","floor":30},{"not_picked":["Guardian:CrystalBeam","Guardian:Reroute"],"picked":"Guardian:WalkerClaw","floor":31},{"not_picked":["Guardian:ConstructionForm","Guardian:SphericShield"],"picked":"Guardian:Gem_Synthetic","floor":33},{"not_picked":["Guardian:Gem_Cyan","Guardian:Gem_Lightblue"],"picked":"Guardian:Gem_Yellow","floor":35},{"not_picked":["Guardian:CrystalBeam","Guardian:WalkerClaw"],"picked":"Guardian:SpikerProtocol","floor":36}],"player_experience":758489,"relics_obtained":[{"floor":7.0,"key":"Incense Burner"},{"floor":9.0,"key":"CaptainsWheel"},{"floor":14.0,"key":"Dream Catcher"},{"floor":26,"key":"Bottled Lightning"},{"floor":30,"key":"Sundial"}],"event_choices":[{"damage_healed":0.0,"max_hp_gain":0.0,"max_hp_loss":0.0,"gold_gain":1.0,"event_name":"betterStone:BetterStone","player_choice":"1","floor":11.0,"gold_loss":0.0,"damage_taken":0.0},{"damage_healed":0.0,"max_hp_gain":0.0,"max_hp_loss":0.0,"gold_gain":0.0,"event_name":"Golden Idol","player_choice":"Take Damage","floor":13.0,"gold_loss":0.0,"damage_taken":20.0,"relics_obtained":["Golden Idol"]},{"damage_healed":0,"gold_gain":99,"player_choice":"Steal","damage_taken":0,"max_hp_gain":0,"max_hp_loss":0,"event_name":"betterThird:BetterNest","floor":21,"gold_loss":0},{"damage_healed":26,"gold_gain":0,"player_choice":"Heal","damage_taken":0,"max_hp_gain":0,"max_hp_loss":0,"event_name":"The Library","floor":24,"gold_loss":0},{"damage_healed":0,"gold_gain":0,"player_choice":"Fight","damage_taken":0,"max_hp_gain":0,"max_hp_loss":0,"event_name":"Mysterious Sphere","floor":37,"gold_loss":0}],"is_beta":false,"boss_relics":[{"not_picked":["Ectoplasm","Cursed Key"],"picked":"Guardian:StasisSlotReductionRelic"},{"not_picked":["Coffee Dripper","Tiny House"],"picked":"Pandora\u0027s Box"}],"items_purged_floors":[2,19],"is_endless":false,"potions_floor_spawned":[1,3,4,14,20,22],"killed_by":"2 Orb Walkers","ascension_level":12}}