{"host":"agbyy69nq62afhwx","time":1608981903,"event":{"mods":["BaseMod","Colored Map","DeckTracker","Highlight Path","Keyboard Shortcuts","Minty Spire (QoL Compilation)","Quick Restart","StSLib","SuperFastMode","everything is the same but u backflip on backflip"],"gold_per_floor":[117,117,117,128,138,138,149,149,149,165,165,196,196,216,216,313,313,333,346,7,7,18,18,18,18,45,7,23,39,59,70,70,70,70],"floor_reached":33,"playtime":888,"items_purged":["Strike_G"],"score":402,"play_id":"ec519b44-d64a-482b-88e8-74fe2a99bfa7","local_time":"20201226202503","is_ascension_mode":true,"campfire_choices":[{"data":"Underhanded Strike","floor":6.0,"key":"SMITH"},{"data":"Neutralize","floor":8.0,"key":"SMITH"},{"data":"A Thousand Cuts","floor":11.0,"key":"SMITH"},{"data":"Prepared","floor":13.0,"key":"SMITH"},{"data":"Escape Plan","floor":15.0,"key":"SMITH"},{"floor":23.0,"key":"REST"},{"data":"Tactician","floor":25.0,"key":"SMITH"},{"data":"Reflex","floor":32.0,"key":"SMITH"}],"circlet_count":0,"master_deck":["AscendersBane","Strike_G","Strike_G","Strike_G","Defend_G","Defend_G","Defend_G","Defend_G","Defend_G","Survivor","Neutralize+1","Backflip+1","Underhanded Strike+1","Escape Plan+1","A Thousand Cuts+1","Prepared+1","Flechettes+1","Corpse Explosion","Sucker Punch+1","Deadly Poison+1","Tactician+1","Master of Strategy","Reflex+1","Eviscerate+1","Escape Plan"],"relics":["Ring of the Snake","NeowsBlessing","Question Card","Molten Egg 2","Philosopher\u0027s Stone","Eternal Feather","MealTicket"],"acts_visited":["Exordium","TheCity"],"potions_floor_usage":[33,33],"damage_taken":[{"damage":0.0,"enemies":"Jaw Worm","floor":1.0,"turns":1.0},{"damage":0.0,"enemies":"Cultist","floor":4.0,"turns":1.0},{"damage":0.0,"enemies":"2 Louse","floor":5.0,"turns":1.0},{"damage":0.0,"enemies":"Exordium Wildlife","floor":7.0,"turns":3.0},{"damage":0.0,"enemies":"2 Fungi Beasts","floor":10.0,"turns":5.0},{"damage":18.0,"enemies":"Gremlin Nob","floor":12.0,"turns":5.0},{"damage":0.0,"enemies":"Large Slime","floor":14.0,"turns":5.0},{"damage":5.0,"enemies":"The Guardian","floor":16.0,"turns":15.0},{"damage":34.0,"enemies":"2 Thieves","floor":18.0,"turns":4.0},{"damage":16.0,"enemies":"Shell Parasite","floor":19.0,"turns":5.0},{"damage":0.0,"enemies":"3 Cultists","floor":22.0,"turns":2.0},{"damage":3.0,"enemies":"Snecko","floor":28.0,"turns":4.0},{"damage":14.0,"enemies":"Cultist and Chosen","floor":29.0,"turns":5.0},{"damage":14.0,"enemies":"Centurion and Healer","floor":30.0,"turns":3.0},{"damage":0.0,"enemies":"3 Cultists","floor":31.0,"turns":2.0},{"damage":66,"enemies":"Champ","floor":33,"turns":7}],"seed_played":"-340063574990389418","potions_obtained":[{"floor":4.0,"key":"PowerPotion"},{"floor":12.0,"key":"CultistPotion"},{"floor":16.0,"key":"SkillPotion"},{"floor":28.0,"key":"AttackPotion"}],"is_trial":false,"path_per_floor":["M","?","?","M","M","R","M","R","T","M","R","E","R","M","R","B",null,"M","M","$","?","M","R","?","R","T","$","M","M","M","M","R","B"],"character_chosen":"THE_SILENT","items_purchased":["Tactician","Master of Strategy","Eviscerate+1"],"campfire_rested":1,"item_purchase_floors":[20,20,27],"current_hp_per_floor":[63,63,63,63,63,63,63,63,63,63,63,45,45,45,45,40,63,29,13,13,13,13,46,46,58,58,70,67,53,39,39,54,0,0],"gold":70,"neow_bonus":"THREE_ENEMY_KILL","is_daily":false,"chose_seed":false,"campfire_upgraded":7,"win_rate":0.0,"timestamp":1608981903,"path_taken":["M","?","?","?","M","R","M","R","T","M","R","E","R","M","R","BOSS","M","M","$","?","M","R","?","R","T","$","M","M","M","M","R","BOSS"],"items_purchased_type":["Card","Card","Card"],"build_version":"2020-12-22","purchased_purges":1,"victory":false,"max_hp_per_floor":[70,70,70,70,70,70,70,70,70,70,70,70,70,70,70,70,70,70,70,70,70,70,70,70,70,70,70,70,70,70,70,70,70,70],"card_choices":[{"not_picked":["Leg Sweep","Outmaneuver"],"picked":"Backflip","floor":1.0},{"not_picked":["Dagger Throw","Dagger Spray"],"picked":"Underhanded Strike","floor":4.0},{"not_picked":["PiercingWail","Quick Slash","Endless Agony"],"picked":"SKIP","floor":5.0},{"not_picked":["Leg Sweep","Deflect"],"picked":"Escape Plan","floor":7.0},{"not_picked":["Infinite Blades","Deadly Poison","Quick Slash"],"picked":"A Thousand Cuts","floor":10.0},{"not_picked":["Deflect","Footwork","Expertise"],"picked":"Prepared","floor":12.0},{"not_picked":["PiercingWail","Poisoned Stab+1","Outmaneuver"],"picked":"Flechettes+1","floor":14.0},{"not_picked":["Glass Knife+1","Storm of Steel","Malaise"],"picked":"Corpse Explosion","floor":16.0},{"not_picked":["Dagger Throw+1","Infinite Blades","PiercingWail"],"picked":"Sucker Punch+1","floor":18.0},{"not_picked":["Outmaneuver","Endless Agony+1","Dodge and Roll"],"picked":"Deadly Poison+1","floor":19.0},{"not_picked":["Underhanded Strike+1","Prepared","Flechettes+1"],"picked":"Reflex","floor":22.0},{"not_picked":["Glass Knife+1","Deflect","Outmaneuver","Poisoned Stab+1"],"picked":"SKIP","floor":28.0},{"not_picked":["Slice+1","Blade Dance","Deflect"],"picked":"Escape Plan","floor":29.0},{"not_picked":["Deflect","Cloak And Dagger","Quick Slash+1","PiercingWail"],"picked":"SKIP","floor":30.0},{"not_picked":["Poisoned Stab+1","Night Terror","Cloak And Dagger","Deadly Poison"],"picked":"SKIP","floor":31.0}],"player_experience":381116,"relics_obtained":[{"floor":9.0,"key":"Question Card"},{"floor":12.0,"key":"Molten Egg 2"},{"floor":26.0,"key":"MealTicket"}],"event_choices":[{"damage_healed":0.0,"max_hp_gain":0.0,"max_hp_loss":0.0,"gold_gain":0.0,"event_name":"Liars Game","player_choice":"Ignored","floor":2.0,"gold_loss":0.0,"damage_taken":0.0},{"damage_healed":0.0,"max_hp_gain":0.0,"max_hp_loss":0.0,"gold_gain":0.0,"event_name":"Upgrade Shrine","player_choice":"Upgraded","floor":3.0,"gold_loss":0.0,"damage_taken":0.0,"cards_upgraded":["Backflip"]},{"damage_healed":0.0,"max_hp_gain":0.0,"max_hp_loss":0.0,"gold_gain":0.0,"event_name":"The Mausoleum","player_choice":"Opened","floor":21.0,"gold_loss":0.0,"damage_taken":0.0,"relics_obtained":["Eternal Feather"]},{"cards_removed":["Strike_G"],"damage_healed":0.0,"max_hp_gain":0.0,"max_hp_loss":0.0,"gold_gain":0.0,"event_name":"Back to Basics","player_choice":"Elegance","floor":24.0,"gold_loss":0.0,"damage_taken":0.0}],"is_beta":false,"boss_relics":[{"not_picked":["WristBlade","Snecko Eye"],"picked":"Philosopher\u0027s Stone"}],"items_purged_floors":[20],"is_endless":false,"potions_floor_spawned":[4,12,16,19,28,31],"killed_by":"Champ","ascension_level":12}}