{"host":"g8p1igbuk1omubcb","time":1608987200,"event":{"mods":["BaseMod","Better Vampires","Colored Powertips","Minty Spire (QoL Compilation)","Say the Spire","StSLib","The Bug Knight"],"gold_per_floor":[111,125,125,139,64,64,78,78,78,105,120,147,166,266,266,363,363,374,391,401,401,401],"floor_reached":21,"playtime":1285,"items_purged":["HollowMod:QuickDashStart"],"score":183,"play_id":"0ee32266-ff1b-440d-b979-332ad1db51b2","local_time":"20201226205320","is_ascension_mode":false,"campfire_choices":[{"data":"Blind","floor":6.0,"key":"SMITH"},{"data":"HollowMod:FocusHealStart","floor":8.0,"key":"SMITH"},{"data":"HollowMod:TaintedHusks","floor":15.0,"key":"SMITH"}],"circlet_count":0,"master_deck":["HollowMod:NailStrikeStart","HollowMod:NailStrikeStart","HollowMod:NailStrikeStart","HollowMod:NailStrikeStart","HollowMod:QuickDashStart","HollowMod:QuickDashStart","HollowMod:QuickDashStart","HollowMod:FocusHealStart+1","HollowMod:PogoStrike","HollowMod:BrokenVessel","HollowMod:BaldurShell","Blind+1","HollowMod:DungDefenderAura","HollowMod:DungDefenderAura","HollowMod:NewGlowingWomb","HollowMod:InfectedCysts","HollowMod:TaintedHusks+1","HollowMod:CloakDash","HollowMod:MawleksShell","HollowMod:InfectionAssault","HollowMod:InfectedAttack"],"relics":["HollowMod:VesselMask","FossilizedHelix","Eternal Feather","The Courier","Odd Mushroom","Coffee Dripper"],"acts_visited":["Exordium","TheCity"],"potions_floor_usage":[21],"damage_taken":[{"damage":2.0,"enemies":"Jaw Worm","floor":1.0,"turns":3.0},{"damage":0.0,"enemies":"Cultist","floor":2.0,"turns":3.0},{"damage":0.0,"enemies":"2 Louse","floor":4.0,"turns":4.0},{"damage":1.0,"enemies":"Exordium Thugs","floor":7.0,"turns":6.0},{"damage":34.0,"enemies":"Gremlin Nob","floor":10.0,"turns":6.0},{"damage":9.0,"enemies":"Exordium Wildlife","floor":11.0,"turns":6.0},{"damage":2.0,"enemies":"The Mushroom Lair","floor":12.0,"turns":2.0},{"damage":10.0,"enemies":"Gremlin Gang","floor":13.0,"turns":3.0},{"damage":22.0,"enemies":"Slime Boss","floor":16.0,"turns":7.0},{"damage":11,"enemies":"Shell Parasite","floor":18,"turns":6},{"damage":31,"enemies":"2 Thieves","floor":19,"turns":4},{"damage":34,"enemies":"Cultist and Chosen","floor":20,"turns":5},{"damage":26,"enemies":"Masked Bandits","floor":21,"turns":3}],"seed_played":"1567146611085326239","potions_obtained":[{"floor":4.0,"key":"SmokeBomb"},{"floor":11.0,"key":"DistilledChaos"},{"floor":12.0,"key":"SteroidPotion"},{"floor":13.0,"key":"BlessingOfTheForge"}],"is_trial":false,"path_per_floor":["M","M","?","M","$","R","M","R","T","E","M","?","M","?","R","B",null,"M","M","M","?"],"character_chosen":"THE_BUGKNIGHT","items_purchased":[],"campfire_rested":0,"item_purchase_floors":[],"current_hp_per_floor":[58,64,64,70,70,70,74,74,74,46,43,41,31,31,40,30,75,74,49,15,0,0],"gold":401,"neow_bonus":"ONE_RARE_RELIC","is_daily":false,"chose_seed":false,"campfire_upgraded":3,"win_rate":0.0,"timestamp":1608987200,"path_taken":["M","M","?","M","?","R","M","R","T","E","M","?","?","?","R","BOSS","M","?","M","?"],"items_purchased_type":[],"build_version":"2020-12-22","purchased_purges":1,"victory":false,"max_hp_per_floor":[75,75,75,75,75,75,75,75,75,75,75,75,75,75,75,75,75,75,75,75,75,75],"card_choices":[{"not_picked":["HollowMod:NewJinnsSoul","HollowMod:ChannelNail","HollowMod:CornifersMapStart"],"picked":"SKIP","floor":1.0},{"not_picked":["HollowMod:GreatSlash","HollowMod:TaintedHusks"],"picked":"HollowMod:BrokenVessel","floor":2.0},{"not_picked":["HollowMod:NewLittleFool","HollowMod:MidwifesHunger"],"picked":"HollowMod:DungDefenderAura","floor":4.0},{"not_picked":["HollowMod:HeavyBlow","HollowMod:BaldurShell"],"picked":"HollowMod:DungDefenderAura","floor":7.0},{"not_picked":["HollowMod:SharpenedNail","HollowMod:GoodIntentions"],"picked":"HollowMod:NewGlowingWomb","floor":10.0},{"not_picked":["HollowMod:AbyssShriek","HollowMod:CrystalDash"],"picked":"HollowMod:InfectedCysts","floor":11.0},{"not_picked":["HollowMod:PerfectDash","HollowMod:ShadowDash"],"picked":"HollowMod:TaintedHusks","floor":12.0},{"not_picked":["HollowMod:VengefulVoid","HollowMod:NewLittleFool"],"picked":"HollowMod:CloakDash","floor":13.0},{"not_picked":["HollowMod:WraithStrike+1","HollowMod:SoulSplash"],"picked":"HollowMod:MawleksShell","floor":18},{"not_picked":["HollowMod:ChannelNail+1","HollowMod:SoulSplash"],"picked":"HollowMod:InfectionAssault","floor":19},{"not_picked":["HollowMod:BlackTendrils","HollowMod:DungDefenderAura"],"picked":"HollowMod:InfectedAttack","floor":20}],"player_experience":708350,"relics_obtained":[{"floor":9.0,"key":"Eternal Feather"},{"floor":10.0,"key":"The Courier"},{"floor":12.0,"key":"Odd Mushroom"}],"event_choices":[{"damage_healed":0.0,"max_hp_gain":0.0,"max_hp_loss":0.0,"gold_gain":0.0,"event_name":"Match and Keep!","player_choice":"2 cards matched","floor":3.0,"gold_loss":0.0,"damage_taken":0.0,"cards_obtained":["HollowMod:BaldurShell","Blind"]},{"damage_healed":0.0,"max_hp_gain":0.0,"max_hp_loss":0.0,"gold_gain":0.0,"event_name":"Mushrooms","player_choice":"Fought Mushrooms","floor":12.0,"gold_loss":0.0,"damage_taken":0.0},{"damage_healed":0.0,"max_hp_gain":0.0,"max_hp_loss":0.0,"gold_gain":100.0,"event_name":"Golden Shrine","player_choice":"Pray","floor":14.0,"gold_loss":0.0,"damage_taken":0.0},{"damage_healed":0,"gold_gain":0,"player_choice":"Fought Bandits","damage_taken":0,"max_hp_gain":0,"max_hp_loss":0,"event_name":"Masked Bandits","floor":21,"gold_loss":0}],"is_beta":false,"boss_relics":[{"not_picked":["Busted Crown","Runic Pyramid"],"picked":"Coffee Dripper"}],"items_purged_floors":[5],"is_endless":false,"potions_floor_spawned":[4,11,12,13],"killed_by":"Masked Bandits","ascension_level":0}}