{"host":"4edbuligkc8x13l4","time":1608961244,"event":{"mods":["BaseMod","Minty Spire (QoL Compilation)","StSLib","SuperFastMode"],"gold_per_floor":[417,342,201,214,232,232,232,232,232,262,262,276,32,32,32,105,105,119,119,119,119,135,135,147,147,147,147,175,3,3,0,0,79,79,97,97,97,116,136,136,164,164,164,0,34,50,69,97,97,97],"floor_reached":51,"playtime":1558,"items_purged":["Strike_R"],"score":1473,"play_id":"5c2452c5-3498-4371-a61e-7a868caa29e6","local_time":"20201226134044","is_ascension_mode":true,"campfire_choices":[{"data":"Flex","floor":6.0,"key":"SMITH"},{"data":"Pommel Strike","floor":8.0,"key":"SMITH"},{"floor":11,"key":"REST"},{"data":"1","floor":15,"key":"LIFT"},{"data":"2","floor":23,"key":"LIFT"},{"data":"3","floor":25,"key":"LIFT"},{"data":"Defend_R","floor":27,"key":"SMITH"},{"data":"Sword Boomerang","floor":30,"key":"SMITH"},{"data":"Bash","floor":32,"key":"SMITH"},{"data":"Corruption","floor":40,"key":"SMITH"},{"data":"Evolve","floor":42,"key":"SMITH"},{"data":"Flash of Steel","floor":49,"key":"SMITH"}],"circlet_count":0,"master_deck":["AscendersBane","Strike_R","Strike_R","Defend_R","Defend_R+1","Defend_R","Bash+1","Pommel Strike+1","Flex+1","Flash of Steel+1","Sword Boomerang+1","Shrug It Off+1","Havoc+1","Spot Weakness+1","Bandage Up+1","Double Tap+1","Evolve+1","Battle Trance+1","Shrug It Off+1","Corruption+1","Sentinel+1","Immolate","Entrench+1"],"relics":["Burning Blood","Old Coin","Blue Candle","Paper Frog","Toxic Egg 2","Girya","Coffee Dripper","Bottled Tornado","Bag of Preparation","Strange Spoon","Snecko Eye","Meat on the Bone","StrikeDummy","Red Mask","Gambling Chip","Letter Opener"],"acts_visited":["Exordium","TheCity","TheBeyond"],"potions_floor_usage":[21,28],"damage_taken":[{"damage":12.0,"enemies":"Cultist","floor":1.0,"turns":4.0},{"damage":3.0,"enemies":"Small Slimes","floor":4.0,"turns":3.0},{"damage":2.0,"enemies":"2 Louse","floor":5.0,"turns":3.0},{"damage":25.0,"enemies":"Lagavulin","floor":10.0,"turns":5.0},{"damage":10,"enemies":"Gremlin Gang","floor":12,"turns":5},{"damage":42,"enemies":"The Guardian","floor":16,"turns":9},{"damage":26,"enemies":"Shell Parasite","floor":18,"turns":5},{"damage":22,"enemies":"Spheric Guardian","floor":22,"turns":4},{"damage":19,"enemies":"Chosen and Byrds","floor":24,"turns":3},{"damage":43,"enemies":"Slavers","floor":28,"turns":4},{"damage":26,"enemies":"Champ","floor":33,"turns":9},{"damage":0,"enemies":"Orb Walker","floor":35,"turns":2},{"damage":19,"enemies":"3 Shapes","floor":38,"turns":3},{"damage":0,"enemies":"Sphere and 2 Shapes","floor":39,"turns":2},{"damage":0,"enemies":"Reptomancer","floor":41,"turns":3},{"damage":19,"enemies":"Nemesis","floor":45,"turns":3},{"damage":0,"enemies":"Maw","floor":46,"turns":3},{"damage":0,"enemies":"3 Darklings","floor":47,"turns":2},{"damage":0,"enemies":"Reptomancer","floor":48,"turns":3},{"damage":33,"enemies":"Donu and Deca","floor":50,"turns":6}],"seed_played":"3386362264061593718","potions_obtained":[{"floor":4.0,"key":"Strength Potion"},{"floor":12,"key":"Ancient Potion"},{"floor":16,"key":"FairyPotion"},{"floor":21,"key":"Fruit Juice"},{"floor":21,"key":"AttackPotion"},{"floor":33,"key":"Block Potion"},{"floor":35,"key":"Weak Potion"}],"is_trial":false,"path_per_floor":["M","?","$","M","M","R","?","R","T","E","R","M","$","?","R","B",null,"M","?","$","?","M","R","M","R","T","R","E","$","R","?","R","B",null,"M","?","?","M","M","R","E","R","T","?","E","M","M","E","R","B",null],"character_chosen":"IRONCLAD","items_purchased":["Flex","Flash of Steel","Spot Weakness+1","Bandage Up+1","Strange Spoon"],"campfire_rested":1,"item_purchase_floors":[3,3,13,13,29],"current_hp_per_floor":[44,44,44,47,51,51,51,51,51,32,54,50,50,39,39,9,59,45,45,45,50,40,40,33,33,33,33,30,30,30,30,30,16,64,76,76,76,63,75,75,80,80,80,80,67,80,80,80,80,59],"gold":97,"neow_bonus":"ONE_RARE_RELIC","is_daily":false,"chose_seed":false,"campfire_upgraded":8,"win_rate":0.0,"timestamp":1608961244,"path_taken":["M","?","$","M","M","R","?","R","T","E","R","M","$","?","R","BOSS","M","?","$","?","?","R","M","R","T","R","E","$","R","?","R","BOSS","M","?","?","?","M","R","E","R","T","?","E","M","M","E","R","BOSS"],"items_purchased_type":["Card","Card","Card","Card","Relic"],"build_version":"2020-12-22","purchased_purges":1,"victory":true,"max_hp_per_floor":[75,75,75,75,75,75,75,75,75,75,75,75,75,75,75,75,75,75,75,75,80,80,80,80,80,80,80,80,80,80,80,80,80,80,80,80,80,80,80,80,80,80,80,80,80,80,80,80,80,80],"card_choices":[{"not_picked":["Twin Strike","Thunderclap"],"picked":"Pommel Strike","floor":1.0},{"not_picked":["Sever Soul","Disarm"],"picked":"Cleave","floor":4.0},{"not_picked":["True Grit","Sever Soul"],"picked":"Sword Boomerang","floor":5.0},{"not_picked":["Power Through+1","Intimidate+1"],"picked":"Shrug It Off+1","floor":10},{"not_picked":["Feel No Pain","Shrug It Off+1"],"picked":"Havoc+1","floor":12},{"not_picked":["Berserk","Offering+1"],"picked":"Double Tap+1","floor":16},{"not_picked":["Sword Boomerang","Pommel Strike"],"picked":"Evolve","floor":18},{"not_picked":["Second Wind+1","Sword Boomerang"],"picked":"Battle Trance+1","floor":22},{"not_picked":["Burning Pact+1","Perfected Strike","Headbutt+1"],"picked":"SKIP","floor":24},{"not_picked":["Pommel Strike","Heavy Blade"],"picked":"Shrug It Off+1","floor":28},{"not_picked":["Barricade","Bludgeon"],"picked":"Corruption","floor":33},{"not_picked":["Wild Strike","Pommel Strike+1"],"picked":"Sentinel+1","floor":35},{"not_picked":["Heavy Blade+1","Armaments+1"],"picked":"Entrench+1","floor":38},{"not_picked":["Flex+1","Shrug It Off+1","Rage+1"],"picked":"SKIP","floor":39},{"not_picked":["Perfected Strike","Bloodletting+1","Flame Barrier+1"],"picked":"SKIP","floor":41},{"not_picked":["Armaments+1","Blood for Blood","Metallicize+1"],"picked":"SKIP","floor":45},{"not_picked":["Headbutt","True Grit+1","Perfected Strike"],"picked":"SKIP","floor":46},{"not_picked":["Clothesline","Sword Boomerang","Iron Wave"],"picked":"SKIP","floor":47},{"not_picked":["Berserk","Cleave","Thunderclap"],"picked":"SKIP","floor":48}],"player_experience":920718,"relics_obtained":[{"floor":9.0,"key":"Paper Frog"},{"floor":10,"key":"Toxic Egg 2"},{"floor":26,"key":"Bottled Tornado"},{"floor":28,"key":"Bag of Preparation"},{"floor":41,"key":"Meat on the Bone"},{"floor":43,"key":"StrikeDummy"},{"floor":45,"key":"Gambling Chip"},{"floor":48,"key":"Letter Opener"}],"event_choices":[{"cards_removed":["Strike_R"],"damage_healed":0.0,"max_hp_gain":0.0,"max_hp_loss":0.0,"gold_gain":0.0,"event_name":"The Cleric","player_choice":"Card Removal","floor":2.0,"gold_loss":75.0,"damage_taken":0.0},{"damage_healed":0.0,"max_hp_gain":0.0,"max_hp_loss":0.0,"gold_gain":0.0,"event_name":"WeMeetAgain","player_choice":"Gave Potion","floor":7.0,"gold_loss":0.0,"damage_taken":0.0,"relics_obtained":["Blue Candle"]},{"damage_healed":0,"gold_gain":0,"player_choice":"Success","damage_taken":11,"relics_obtained":["Girya"],"max_hp_gain":0,"max_hp_loss":0,"event_name":"Scrap Ooze","floor":14,"gold_loss":0},{"cards_removed":["Strike_R"],"damage_healed":0,"gold_gain":0,"player_choice":"Elegance","damage_taken":0,"max_hp_gain":0,"max_hp_loss":0,"event_name":"Back to Basics","floor":19,"gold_loss":0},{"damage_healed":0,"gold_gain":0,"player_choice":"Got Potions","damage_taken":0,"max_hp_gain":0,"max_hp_loss":0,"event_name":"Lab","floor":21,"gold_loss":0},{"damage_healed":0,"gold_gain":0,"player_choice":"Paid Fearfully","damage_taken":0,"max_hp_gain":0,"max_hp_loss":0,"event_name":"Masked Bandits","floor":31,"gold_loss":3},{"cards_removed":["Cleave"],"damage_healed":0,"gold_gain":0,"player_choice":"Removed Attack","damage_taken":0,"max_hp_gain":0,"max_hp_loss":0,"event_name":"Falling","floor":36,"gold_loss":0},{"damage_healed":0,"gold_gain":0,"cards_transformed":["Defend_R"],"player_choice":"Transformed","damage_taken":0,"max_hp_gain":0,"max_hp_loss":0,"event_name":"Transmorgrifier","floor":37,"gold_loss":0,"cards_obtained":["Immolate"]},{"damage_healed":0,"gold_gain":0,"player_choice":"Paid","damage_taken":0,"relics_obtained":["Red Mask"],"max_hp_gain":0,"max_hp_loss":0,"event_name":"Tomb of Lord Red Mask","floor":44,"gold_loss":164}],"is_beta":false,"boss_relics":[{"not_picked":["Runic Pyramid","Runic Dome"],"picked":"Coffee Dripper"},{"not_picked":["Mark of Pain","SacredBark"],"picked":"Snecko Eye"}],"items_purged_floors":[13],"is_endless":false,"potions_floor_spawned":[4,12,16,18,24,33,35,41],"ascension_level":18}}