{"host":"z9811rt50ti81n54","time":1608984482,"event":{"mods":["BaseMod","Minty Spire (QoL Compilation)"],"gold_per_floor":[361,326,326,326,336,336,369,369,369,403,1,1,176,206,206,301,301,301,31,31,31,0,0,0,0,0,0,0,0,0,0,0,0,0,0,0,0,0,0,0,0,0,0,0,0,0,0,0,0,0,0,0,0,0,0],"floor_reached":56,"playtime":2738,"items_purged":["Doubt"],"score":1489,"play_id":"c4d69a28-8d97-4f5e-821a-7a0577d1ee6f","local_time":"20201226210802","is_ascension_mode":true,"campfire_choices":[{"data":"Calculated Gamble","floor":6,"key":"SMITH"},{"floor":8,"key":"REST"},{"data":"Apotheosis","floor":12,"key":"SMITH"},{"data":"Caltrops","floor":15,"key":"SMITH"},{"data":"Well Laid Plans","floor":23,"key":"SMITH"},{"floor":27,"key":"RECALL"},{"data":"Catalyst","floor":32,"key":"SMITH"},{"data":"Apotheosis","floor":40,"key":"SMITH"},{"data":"Wraith Form v2","floor":42,"key":"SMITH"},{"data":"Venomology","floor":45,"key":"SMITH"},{"data":"Burst","floor":49,"key":"SMITH"},{"data":"Burst","floor":52,"key":"SMITH"}],"circlet_count":0,"master_deck":["Strike_G","Strike_G","Strike_G","Strike_G","Strike_G","Defend_G","Defend_G+1","Defend_G+1","Defend_G","Defend_G","Survivor","Neutralize","All Out Attack","Calculated Gamble+1","Corpse Explosion","Cloak And Dagger","Apotheosis+1","Caltrops+1","Bouncing Flask+1","Dodge and Roll","Burst+1","Reflex+1","Well Laid Plans+1","Escape Plan","Backflip","Escape Plan+1","Catalyst+1","Ghostly","Ghostly","Ghostly","Ghostly","Ghostly","Escape Plan+1","Venomology+1","Catalyst+1","Acrobatics","Outmaneuver+1","Apotheosis+1","Burst+1","Wraith Form v2+1","Backflip+1","Crippling Poison+1","Tactician","Acrobatics+1"],"relics":["Ring of the Snake","Darkstone Periapt","InkBottle","Bag of Preparation","Odd Mushroom","Ectoplasm","Dream Catcher","Pantograph","FossilizedHelix","Tiny House","Tough Bandages","Bronze Scales","TungstenRod"],"acts_visited":["Exordium","TheCity","TheBeyond","TheEnding"],"potions_floor_usage":[7,14,14,16,28,29,35,36,38,38,41,48,50,55,55,55,55],"damage_taken":[{"damage":0,"enemies":"Jaw Worm","floor":1,"turns":5},{"damage":2,"enemies":"2 Louse","floor":5,"turns":3},{"damage":30,"enemies":"Gremlin Nob","floor":7,"turns":5},{"damage":32,"enemies":"Lagavulin","floor":10,"turns":8},{"damage":0,"enemies":"The Mushroom Lair","floor":14,"turns":1},{"damage":0,"enemies":"Hexaghost","floor":16,"turns":7},{"damage":5,"enemies":"3 Byrds","floor":18,"turns":3},{"damage":5,"enemies":"2 Thieves","floor":22,"turns":3},{"damage":2,"enemies":"Centurion and Healer","floor":25,"turns":5},{"damage":2,"enemies":"Sentry and Sphere","floor":28,"turns":5},{"damage":15,"enemies":"Slavers","floor":29,"turns":4},{"damage":0,"enemies":"Chosen and Byrds","floor":31,"turns":7},{"damage":13,"enemies":"Champ","floor":33,"turns":12},{"damage":1,"enemies":"3 Shapes","floor":35,"turns":5},{"damage":1,"enemies":"2 Orb Walkers","floor":36,"turns":3},{"damage":0,"enemies":"3 Darklings","floor":38,"turns":6},{"damage":3,"enemies":"Nemesis","floor":41,"turns":7},{"damage":0,"enemies":"Transient","floor":44,"turns":5},{"damage":1,"enemies":"4 Shapes","floor":47,"turns":7},{"damage":0,"enemies":"Writhing Mass","floor":48,"turns":6},{"damage":21,"enemies":"Awakened One","floor":50,"turns":11},{"damage":4,"enemies":"Shield and Spear","floor":54,"turns":7},{"damage":25,"enemies":"The Heart","floor":55,"turns":9}],"seed_played":"4226424467961594082","potions_obtained":[{"floor":1,"key":"BlessingOfTheForge"},{"floor":10,"key":"AttackPotion"},{"floor":14,"key":"Poison Potion"},{"floor":18,"key":"Explosive Potion"},{"floor":22,"key":"LiquidMemories"},{"floor":31,"key":"DistilledChaos"},{"floor":33,"key":"ColorlessPotion"},{"floor":41,"key":"PowerPotion"},{"floor":54,"key":"PowerPotion"}],"is_trial":false,"path_per_floor":["M","?","?","?","M","R","E","R","T","E","$","R","?","?","R","B",null,"M","$","?","?","M","R","?","M","T","R","M","E","?","M","R","B",null,"M","?","?","M","?","R","E","R","T","M","R","?","M","M","R","B",null,"R","$","E","B",null],"character_chosen":"THE_SILENT","items_purchased":["Apotheosis","Regen Potion","Caltrops","Bouncing Flask","Well Laid Plans","Escape Plan","Backflip"],"campfire_rested":1,"item_purchase_floors":[11,11,11,11,19,19,19],"current_hp_per_floor":[49,66,52,52,50,50,20,41,41,9,9,9,15,20,20,20,76,71,71,77,77,72,72,60,58,58,58,56,41,41,41,41,28,46,45,44,44,44,44,44,41,41,41,41,41,41,40,40,40,25,46,46,46,42,21],"gold":0,"neow_bonus":"TWO_FIFTY_GOLD","is_daily":false,"chose_seed":false,"campfire_upgraded":10,"win_rate":0.0,"timestamp":1608984482,"path_taken":["M","?","?","?","?","R","E","R","T","E","$","R","?","?","R","BOSS","M","$","?","?","M","R","?","?","T","R","M","E","?","M","R","BOSS","M","?","?","M","?","R","E","R","T","?","R","?","?","M","R","BOSS","R","$","E","BOSS"],"items_purchased_type":["Card","Potion","Card","Card","Card","Card","Card"],"build_version":"2020-12-22","purchased_purges":1,"victory":true,"max_hp_per_floor":[70,70,70,70,70,70,70,70,70,70,70,70,76,76,76,76,76,76,76,82,82,82,82,82,82,82,82,82,82,41,41,41,41,46,46,46,46,46,46,46,46,46,46,46,46,46,46,46,46,46,46,46,46,46,46],"card_choices":[{"not_picked":["Dash","Deflect"],"picked":"All Out Attack","floor":1},{"not_picked":["Poisoned Stab","Backflip"],"picked":"Calculated Gamble","floor":5},{"not_picked":["Well Laid Plans","Prepared"],"picked":"Corpse Explosion","floor":7},{"not_picked":["Quick Slash","Acrobatics"],"picked":"Cloak And Dagger","floor":10},{"not_picked":["Poisoned Stab","Prepared"],"picked":"Dodge and Roll","floor":14},{"not_picked":["Doppelganger","Venomology"],"picked":"Burst","floor":16},{"not_picked":["Slice","Expertise"],"picked":"Reflex+1","floor":18},{"not_picked":["Dagger Throw","Dagger Spray"],"picked":"Escape Plan+1","floor":22},{"not_picked":["Flechettes","Accuracy","All Out Attack+1"],"picked":"SKIP","floor":25},{"not_picked":["Heel Hook","Bane","Flying Knee"],"picked":"SKIP","floor":28},{"not_picked":["Infinite Blades","Underhanded Strike"],"picked":"Catalyst","floor":29},{"not_picked":["Choke","Infinite Blades"],"picked":"Escape Plan+1","floor":31},{"not_picked":["Envenom","Corpse Explosion"],"picked":"Venomology","floor":33},{"not_picked":["Leg Sweep","PiercingWail"],"picked":"Catalyst","floor":34},{"not_picked":["Dagger Throw","Riddle With Holes"],"picked":"Acrobatics","floor":35},{"not_picked":["Dagger Spray+1","Eviscerate"],"picked":"Outmaneuver+1","floor":36},{"not_picked":["Flash of Steel","Enlightenment"],"picked":"Apotheosis","floor":37},{"not_picked":["Dagger Spray","Blade Dance","Outmaneuver"],"picked":"SKIP","floor":38},{"not_picked":["PiercingWail","Cloak And Dagger+1"],"picked":"Wraith Form v2","floor":41},{"not_picked":["Dodge and Roll","Bane"],"picked":"Backflip+1","floor":44},{"not_picked":["Dodge and Roll","Dagger Throw+1"],"picked":"Crippling Poison+1","floor":47},{"not_picked":["Dagger Throw","Underhanded Strike"],"picked":"Tactician","floor":48},{"not_picked":["Skewer+1","Die Die Die"],"picked":"Acrobatics+1","floor":54}],"player_experience":229350,"relics_obtained":[{"floor":7,"key":"Darkstone Periapt"},{"floor":9,"key":"InkBottle"},{"floor":10,"key":"Bag of Preparation"},{"floor":14,"key":"Odd Mushroom"},{"floor":26,"key":"Pantograph"},{"floor":29,"key":"FossilizedHelix"},{"floor":36,"key":"Tough Bandages"},{"floor":41,"key":"Bronze Scales"},{"floor":54,"key":"TungstenRod"}],"event_choices":[{"damage_healed":17,"gold_gain":0,"player_choice":"Healed","damage_taken":0,"max_hp_gain":0,"max_hp_loss":0,"event_name":"The Cleric","floor":2,"gold_loss":35},{"damage_healed":0,"gold_gain":0,"player_choice":"Entered Light","damage_taken":14,"max_hp_gain":0,"max_hp_loss":0,"event_name":"Shining Light","floor":3,"gold_loss":0,"cards_upgraded":["Defend_G","Defend_G"]},{"damage_healed":0,"gold_gain":0,"player_choice":"Ignored","damage_taken":0,"max_hp_gain":0,"max_hp_loss":0,"event_name":"NoteForYourself","floor":4,"gold_loss":0},{"damage_healed":0,"gold_gain":175,"player_choice":"AGREE","damage_taken":0,"max_hp_gain":0,"max_hp_loss":0,"event_name":"Liars Game","floor":13,"gold_loss":0,"cards_obtained":["Doubt"]},{"damage_healed":0,"gold_gain":0,"player_choice":"Fought Mushrooms","damage_taken":0,"max_hp_gain":0,"max_hp_loss":0,"event_name":"Mushrooms","floor":14,"gold_loss":0},{"damage_healed":0,"gold_gain":0,"player_choice":"Opened","damage_taken":0,"relics_obtained":["Dream Catcher"],"max_hp_gain":0,"max_hp_loss":0,"event_name":"The Mausoleum","floor":20,"gold_loss":0,"cards_obtained":["Writhe"]},{"cards_removed":["Writhe"],"damage_healed":0,"gold_gain":0,"player_choice":"Elegance","damage_taken":0,"max_hp_gain":0,"max_hp_loss":0,"event_name":"Back to Basics","floor":21,"gold_loss":0},{"damage_healed":0,"gold_gain":0,"player_choice":"POTION ","damage_taken":12,"max_hp_gain":0,"max_hp_loss":0,"event_name":"Knowing Skull","floor":24,"potions_obtained":["LiquidMemories"],"gold_loss":0,"cards_obtained":[]},{"damage_healed":0,"gold_gain":0,"player_choice":"Became a Ghost","damage_taken":0,"max_hp_gain":0,"max_hp_loss":41,"event_name":"Ghosts","floor":30,"gold_loss":0,"cards_obtained":["Ghostly","Ghostly","Ghostly","Ghostly","Ghostly"]},{"damage_healed":0,"gold_gain":0,"player_choice":"Fight","damage_taken":0,"max_hp_gain":0,"max_hp_loss":0,"event_name":"Mysterious Sphere","floor":36,"gold_loss":0},{"damage_healed":0,"gold_gain":0,"player_choice":"Memory 1","damage_taken":0,"max_hp_gain":0,"max_hp_loss":0,"event_name":"SensoryStone","floor":37,"gold_loss":0},{"damage_healed":0,"gold_gain":0,"player_choice":"Copied","damage_taken":0,"max_hp_gain":0,"max_hp_loss":0,"event_name":"Duplicator","floor":39,"gold_loss":0,"cards_obtained":["Burst"]},{"damage_healed":0,"gold_gain":0,"player_choice":"Forge","damage_taken":0,"max_hp_gain":0,"max_hp_loss":0,"event_name":"Accursed Blacksmith","floor":46,"gold_loss":0,"cards_upgraded":["Catalyst"]}],"is_beta":false,"boss_relics":[{"not_picked":["Ring of the Serpent","HoveringKite"],"picked":"Ectoplasm"},{"not_picked":["Snecko Eye","Busted Crown"],"picked":"Tiny House"}],"items_purged_floors":[19],"is_endless":false,"potions_floor_spawned":[1,10,14,18,22,31,33,41,44,47,54],"ascension_level":4}}