{"host":"ocy7z4248lncoz2b","time":1608950466,"event":{"mods":["Arknights The Spire","BaseMod","Beaked The Cultist","Bestiary","Better Match","Better Sensory Stone","Better Third Choice","BetterRewards","Clockwork Mod","Colored Powertips","Conspire","Curses Come First","Downfall","Friendly Minions","Gremlin Mod","Highlight Path","Hubris","Infinite Spire","Marisa????????","Mimic Mod","Minty Spire (QoL Compilation)","READ ME - Guardian Mod","Rare Cards Sparkle","Replay The Spire","Shop Mod","Spicy Shops","Spikes Relics","StSLib","SuperFastMode","The Blue Laboratory","The Construct","The Jungle","The Servant 0.9.4","WarShipGirlsR/????R mod","????"],"gold_per_floor":[99,99,99,99,99,111,111,211,13,13,0,15,15,33,53,155,155,155,155,155,155,155],"floor_reached":21,"playtime":1247,"items_purged":[],"score":163,"play_id":"b1ea8725-3eaf-4e0f-bf1c-de435fe2c47b","local_time":"20201226114106","is_ascension_mode":false,"campfire_choices":[{"data":"ats:Emotion Absorption","floor":1,"key":"SMITH"},{"data":"ats:Dogmatic Field","floor":10,"key":"SMITH"},{"data":"ats:Part Time Job","floor":13,"key":"SMITH"},{"data":"ats:Durian","floor":18,"key":"SMITH"}],"circlet_count":0,"master_deck":["ats:Strike C","ats:Strike S","ats:Strike V","ats:Armor Crushing Shot","ats:Defend","ats:Defend","ats:Defend","ats:Defend","ats:Emotion Absorption+1","ats:Ignite","ats:Healing Strengthening","ats:Sunburst","ats:Calcification","ats:Beaten Up","ats:Support Order","ats:Revitalization","ats:Revitalization","ats:Dogmatic Field+1","ats:Childhood Dance","ats:Apocalypse","ats:Poison Spread","ats:Neurotoxin","ats:Part Time Job+1","ats:Durian+1","ats:Fractured Body"],"relics":["ats:Sanity","downfall:HeartsMalice","Mango","Orrery","SacredBark"],"acts_visited":["Exordium","TheCity"],"potions_floor_usage":[16,21],"damage_taken":[{"damage":0,"enemies":"2 Louse","floor":2,"turns":1},{"damage":0,"enemies":"Jaw Worm","floor":3,"turns":1},{"damage":0,"enemies":"downfall:FleeingMerchant","floor":5,"turns":1},{"damage":5,"enemies":"Cultist","floor":6,"turns":7},{"damage":0,"enemies":"downfall:FleeingMerchant","floor":9,"turns":4},{"damage":15,"enemies":"downfall:FleeingMerchant","floor":11,"turns":4},{"damage":23,"enemies":"3 Louse","floor":12,"turns":4},{"damage":61,"enemies":"Exordium Wildlife","floor":14,"turns":10},{"damage":28,"enemies":"2 Fungi Beasts","floor":15,"turns":6},{"damage":477,"enemies":"downfall:Defect","floor":16,"turns":22},{"damage":140,"enemies":"Chosen","floor":21,"turns":12}],"seed_played":"-2530431101342062794","potions_obtained":[{"floor":6,"key":"blueLaboratory:LouseDecoction"},{"floor":12,"key":"ColorlessPotion"},{"floor":14,"key":"blueLaboratory:SavagePotion"},{"floor":16,"key":"blueLaboratory:CorrosionFlask"},{"floor":20,"key":"CultistPotion"}],"is_trial":false,"path_per_floor":["R","M","M","?","$","M","T","?","$","R","$","M","R","M","M","B",null,"R","?","?","M"],"character_chosen":"DOCTOR_CLASS","items_purchased":["ats:Revitalization","Orrery"],"campfire_rested":0,"item_purchase_floors":[9,9],"current_hp_per_floor":[72,72,72,72,72,68,82,82,84,84,74,71,71,83,86,65,86,86,86,86,0,0],"gold":155,"neow_bonus":"THREE_ENEMY_KILL","is_daily":false,"chose_seed":false,"campfire_upgraded":4,"win_rate":0.0,"timestamp":1608950466,"path_taken":["R","M","M","?","?","M","T","?","$","R","$","M","R","?","M","BOSS","R","?","?","M"],"items_purchased_type":["Card","Relic"],"build_version":"2020-12-22","purchased_purges":0,"victory":false,"max_hp_per_floor":[72,72,72,72,72,72,86,86,86,86,86,86,86,86,86,86,86,86,86,86,86,86],"card_choices":[{"not_picked":["ats:Hammer On","ats:Collapsing Strike"],"picked":"ats:Ignite","floor":2},{"not_picked":["ats:Defend Order","ats:Explosion Area Strengthen"],"picked":"ats:Healing Strengthening","floor":3},{"not_picked":["ats:Overload","ats:Consecutive Shot Auto"],"picked":"ats:Calcification","floor":5},{"not_picked":["ats:Collapsing Strike","ats:Explosion Area Strengthen"],"picked":"ats:Beaten Up","floor":6},{"not_picked":["ats:Spore Proliferation","ats:Charging Defense"],"picked":"ats:Support Order","floor":9},{"not_picked":["ats:Curse Doll","ats:Revitalization"],"picked":"ats:Dogmatic Field","floor":9},{"not_picked":["ats:Closed Bolt Burst Fire","ats:Powerful Strike"],"picked":"ats:Childhood Dance","floor":9},{"not_picked":["ats:Volcano","ats:Cat Scratch"],"picked":"ats:Apocalypse","floor":9},{"not_picked":["ats:Apocalypse","ats:Flexible Camouflage"],"picked":"ats:Poison Spread","floor":9},{"not_picked":["ats:Chain Hook","ats:Support Order"],"picked":"ats:Neurotoxin","floor":9},{"not_picked":["ats:Powerful Strike","ats:Poison Spread"],"picked":"ats:Part Time Job","floor":11},{"not_picked":["ats:Demon Strength","ats:Curse Doll"],"picked":"ats:Durian","floor":12},{"not_picked":["ats:Hook Shot","ats:Ignite","ats:Blood Oath"],"picked":"SKIP","floor":14},{"not_picked":["ats:Hammer On","ats:Curse Doll","ats:Childhood Dance"],"picked":"SKIP","floor":15},{"not_picked":["ats:True Silver Slash","ats:Roar Of Ursus"],"picked":"ats:Fractured Body","floor":16}],"player_experience":315594,"relics_obtained":[{"floor":7,"key":"Mango"}],"event_choices":[{"damage_healed":0,"gold_gain":0,"cards_transformed":["ats:Strike G"],"player_choice":"Transformed","damage_taken":0,"max_hp_gain":0,"max_hp_loss":0,"event_name":"Transmorgrifier","floor":4,"gold_loss":0,"cards_obtained":["ats:Sunburst"]}],"is_beta":false,"boss_relics":[{"not_picked":["Runic Dome","Empty Cage"],"picked":"SacredBark"}],"items_purged_floors":[],"is_endless":false,"potions_floor_spawned":[6,12,14,15,16],"killed_by":"Chosen","ascension_level":0}}