{"host":"4nqeo0vu1vuav7gg","time":1608994582,"event":{"mods":["AchievementEnabler","BaseMod","Block Reminder","Colored Map","Colored Powertips","Highlight Path","Minty Spire (QoL Compilation)","Quick Restart","Rare Cards Sparkle","Relic Relevance Reorder","StSLib"],"gold_per_floor":[111,111,111,123,9,36,48,48,48,65,90,104,122,155,155,230,230,241,291,59,59,70,70,105,68,68,78,78,94,94,94,94],"floor_reached":31,"playtime":1712,"items_purged":["Strike_B"],"score":555,"play_id":"195c26b4-ebdb-4f9f-bd15-e530f14abbc4","local_time":"20201226155622","is_ascension_mode":true,"campfire_choices":[{"floor":15.0,"key":"REST"},{"data":"Echo Form","floor":23.0,"key":"SMITH"},{"floor":28,"key":"REST"}],"circlet_count":0,"master_deck":["AscendersBane","Strike_B","Defend_B","Defend_B","Defend_B","Defend_B","Zap+1","Dualcast","Glacier","Lockon","Capacitor","Undo","Cold Snap","Chill","Genetic Algorithm","Ball Lightning","Lockon","Coolheaded","Static Discharge","Echo Form","Double Energy+1","Echo Form+1","Go for the Eyes","Darkness","Genetic Algorithm"],"relics":["FrozenCore","Letter Opener","Lantern","NeowsBlessing","Bottled Tornado","Gambling Chip","Singing Bowl","Shovel","Mango","DollysMirror"],"acts_visited":["Exordium","TheCity"],"potions_floor_usage":[24,29,29],"damage_taken":[{"damage":0.0,"enemies":"Cultist","floor":1.0,"turns":1.0},{"damage":0.0,"enemies":"2 Louse","floor":4.0,"turns":1.0},{"damage":0.0,"enemies":"Gremlin Nob","floor":6.0,"turns":1.0},{"damage":2.0,"enemies":"Jaw Worm","floor":7.0,"turns":5.0},{"damage":0.0,"enemies":"Lots of Slimes","floor":10.0,"turns":7.0},{"damage":12.0,"enemies":"3 Sentries","floor":11.0,"turns":12.0},{"damage":17.0,"enemies":"Exordium Thugs","floor":12.0,"turns":5.0},{"damage":4.0,"enemies":"Large Slime","floor":13.0,"turns":6.0},{"damage":5.0,"enemies":"Gremlin Nob","floor":14.0,"turns":4.0},{"damage":20.0,"enemies":"The Guardian","floor":16.0,"turns":10.0},{"damage":10.0,"enemies":"Spheric Guardian","floor":18.0,"turns":7.0},{"damage":9.0,"enemies":"Chosen","floor":22.0,"turns":7.0},{"damage":14,"enemies":"Slavers","floor":24,"turns":9},{"damage":27,"enemies":"3 Cultists","floor":27,"turns":7},{"damage":26,"enemies":"Snake Plant","floor":29,"turns":5},{"damage":23,"enemies":"Gremlin Leader","floor":31,"turns":3}],"seed_played":"2986249229227338135","potions_obtained":[{"floor":1.0,"key":"SkillPotion"},{"floor":7.0,"key":"Regen Potion"},{"floor":12.0,"key":"Weak Potion"},{"floor":13.0,"key":"LiquidBronze"},{"floor":14.0,"key":"LiquidBronze"},{"floor":16.0,"key":"DistilledChaos"},{"floor":18.0,"key":"Regen Potion"},{"floor":24,"key":"FearPotion"},{"floor":27,"key":"SkillPotion"}],"is_trial":false,"path_per_floor":["M","?","?","M","$","E","M","?","T","M","E","M","M","E","R","B",null,"M","?","$","?","M","R","E","$","T","M","R","M","T","E"],"character_chosen":"DEFECT","items_purchased":["Capacitor","Undo","DollysMirror","Darkness"],"campfire_rested":2,"item_purchase_floors":[5,5,20,25],"current_hp_per_floor":[64,57,57,57,57,57,55,55,69,69,72,55,51,46,71,51,77,67,67,67,55,61,61,47,47,47,22,48,22,22,0,0],"gold":94,"neow_bonus":"THREE_ENEMY_KILL","is_daily":false,"chose_seed":false,"campfire_upgraded":1,"win_rate":0.0,"timestamp":1608994582,"path_taken":["M","?","?","M","$","E","?","?","T","M","E","?","?","E","R","BOSS","M","?","$","?","M","R","E","$","T","?","R","M","?","E"],"items_purchased_type":["Card","Card","Relic","Card"],"build_version":"2020-12-22","purchased_purges":1,"victory":false,"max_hp_per_floor":[71,71,71,71,71,71,71,71,85,85,85,85,85,85,85,85,85,85,85,85,85,85,85,85,85,85,87,87,87,87,87,87],"card_choices":[{"not_picked":["Skim","Stack"],"picked":"Glacier","floor":1.0},{"not_picked":["Scrape","Rebound"],"picked":"Lockon","floor":4.0},{"not_picked":["All For One","Multi-Cast"],"picked":"Cold Snap","floor":6.0},{"not_picked":["Streamline","Redo"],"picked":"Chill","floor":7.0},{"not_picked":["Leap","Steam"],"picked":"Genetic Algorithm","floor":10.0},{"not_picked":["Leap","Redo"],"picked":"Ball Lightning","floor":11.0},{"not_picked":["Gash","Ball Lightning"],"picked":"Lockon","floor":12.0},{"not_picked":["Barrage","Amplify"],"picked":"Coolheaded","floor":13.0},{"not_picked":["Aggregate","Streamline"],"picked":"Static Discharge","floor":14.0},{"not_picked":["Machine Learning","Hyperbeam"],"picked":"Echo Form","floor":16.0},{"not_picked":["Compile Driver","Rebound"],"picked":"Double Energy+1","floor":18.0},{"not_picked":["Genetic Algorithm","Hello World","Sweeping Beam"],"picked":"SKIP","floor":22.0},{"not_picked":["Streamline","Redo"],"picked":"Go for the Eyes","floor":24},{"not_picked":["Capacitor","Steam+1","Aggregate"],"picked":"Singing Bowl","floor":27},{"not_picked":["Redo","Gash"],"picked":"Genetic Algorithm","floor":29}],"player_experience":1014206,"relics_obtained":[{"floor":6.0,"key":"Gambling Chip"},{"floor":9.0,"key":"Mango"},{"floor":11.0,"key":"Bottled Tornado"},{"floor":14.0,"key":"Lantern"},{"floor":24,"key":"Letter Opener"},{"floor":26,"key":"Singing Bowl"},{"floor":30,"key":"Shovel"}],"event_choices":[{"cards_removed":["Strike_B"],"damage_healed":0.0,"max_hp_gain":0.0,"max_hp_loss":0.0,"gold_gain":0.0,"event_name":"Golden Wing","player_choice":"Card Removal","floor":2.0,"gold_loss":0.0,"damage_taken":7.0},{"cards_removed":["Strike_B"],"damage_healed":0.0,"max_hp_gain":0.0,"max_hp_loss":0.0,"gold_gain":0.0,"event_name":"Bonfire Elementals","player_choice":"Offered Basic","floor":3.0,"gold_loss":0.0,"damage_taken":0.0},{"damage_healed":0.0,"max_hp_gain":0.0,"max_hp_loss":0.0,"gold_gain":0.0,"event_name":"Accursed Blacksmith","player_choice":"Forge","floor":8.0,"gold_loss":0.0,"damage_taken":0.0,"cards_upgraded":["Zap"]},{"damage_healed":0.0,"max_hp_gain":0.0,"max_hp_loss":0.0,"gold_gain":50.0,"event_name":"Nest","player_choice":"Stole From Cult","floor":19.0,"gold_loss":0.0,"damage_taken":0.0},{"damage_healed":0.0,"max_hp_gain":0.0,"max_hp_loss":0.0,"gold_gain":0.0,"event_name":"Wheel of Change","player_choice":"Damaged","floor":21.0,"gold_loss":0.0,"damage_taken":12.0}],"is_beta":false,"boss_relics":[{"not_picked":["Runic Dome","Velvet Choker"],"picked":"FrozenCore"}],"items_purged_floors":[20],"is_endless":false,"potions_floor_spawned":[1,7,12,13,14,16,18,24,27],"killed_by":"Gremlin Leader","ascension_level":17}}