{"host":"jpzdg3po3tjxdjri","time":1608984144,"event":{"mods":["BaseMod","Better Third Choice","Colored Map","Colored Powertips","Minty Spire (QoL Compilation)","StSLib"],"gold_per_floor":[219,139,151,168,180,180,212,212,212,212,247,260,21,21,21],"floor_reached":14,"playtime":369,"items_purged":[],"score":165,"play_id":"e30cb83e-694f-4fd8-a6de-fec3b809dcda","local_time":"20201226120224","is_ascension_mode":true,"campfire_choices":[{"data":"Noxious Fumes","floor":6,"key":"SMITH"}],"circlet_count":0,"master_deck":["AscendersBane","Strike_G","Strike_G","Strike_G","Strike_G","Strike_G","Defend_G","Defend_G","Defend_G","Defend_G","Defend_G","Survivor","Neutralize","Cloak And Dagger","Footwork+1","Noxious Fumes+1","Cloak And Dagger","Dagger Spray","Blade Dance","Injury","Caltrops","Deadly Poison","Poisoned Stab","Footwork"],"relics":["Ring of the Snake","Bottled Tornado","Ginger","Golden Idol","Tingsha","HandDrill"],"acts_visited":["Exordium"],"potions_floor_usage":[7,11],"damage_taken":[{"damage":0,"enemies":"Cultist","floor":1,"turns":4},{"damage":0,"enemies":"Jaw Worm","floor":3,"turns":4},{"damage":7,"enemies":"Small Slimes","floor":4,"turns":4},{"damage":1,"enemies":"Exordium Wildlife","floor":5,"turns":5},{"damage":23,"enemies":"Gremlin Nob","floor":7,"turns":4},{"damage":19,"enemies":"Lagavulin","floor":11,"turns":7},{"damage":0,"enemies":"Looter","floor":12,"turns":4},{"damage":17,"enemies":"Gremlin Nob","floor":14,"turns":3}],"seed_played":"-7797875863026342463","potions_obtained":[{"floor":4,"key":"Fire Potion"},{"floor":5,"key":"BlessingOfTheForge"}],"is_trial":false,"path_per_floor":["M","$","M","M","M","R","E","?","T","?","E","M","$","E"],"character_chosen":"THE_SILENT","items_purchased":["Footwork","Poisoned Stab","Footwork","HandDrill"],"campfire_rested":0,"item_purchase_floors":[2,13,13,13],"current_hp_per_floor":[63,63,63,56,55,55,32,32,32,32,13,13,13,0,0],"gold":21,"neow_bonus":"HUNDRED_GOLD","is_daily":false,"chose_seed":false,"campfire_upgraded":1,"win_rate":0.0,"timestamp":1608984144,"path_taken":["M","$","M","M","M","R","E","?","T","?","E","M","$","E"],"items_purchased_type":["Card","Card","Card","Relic"],"build_version":"2020-12-22","purchased_purges":0,"victory":false,"max_hp_per_floor":[70,70,70,70,70,70,70,70,70,70,70,70,70,70,70],"card_choices":[{"not_picked":["Backflip","Bane"],"picked":"Cloak And Dagger","floor":1},{"not_picked":["Dagger Throw","PiercingWail"],"picked":"Noxious Fumes","floor":3},{"not_picked":["Flying Knee","Acrobatics"],"picked":"Cloak And Dagger","floor":4},{"not_picked":["Quick Slash","Doppelganger"],"picked":"Dagger Spray","floor":5},{"not_picked":["Storm of Steel","Outmaneuver"],"picked":"Blade Dance","floor":7},{"not_picked":["Skewer","Slice"],"picked":"Caltrops","floor":11},{"not_picked":["Dodge and Roll","Underhanded Strike"],"picked":"Deadly Poison","floor":12}],"player_experience":803864,"relics_obtained":[{"floor":7,"key":"Bottled Tornado"},{"floor":9,"key":"Ginger"},{"floor":11,"key":"Tingsha"}],"event_choices":[{"damage_healed":0,"gold_gain":0,"player_choice":"Grow","damage_taken":0,"max_hp_gain":0,"max_hp_loss":0,"event_name":"Living Wall","floor":8,"gold_loss":0,"cards_upgraded":["Footwork"]},{"damage_healed":0,"gold_gain":0,"player_choice":"Take Wound","damage_taken":0,"relics_obtained":["Golden Idol"],"max_hp_gain":0,"max_hp_loss":0,"event_name":"Golden Idol","floor":10,"gold_loss":0,"cards_obtained":["Injury"]}],"is_beta":false,"boss_relics":[],"items_purged_floors":[],"is_endless":false,"potions_floor_spawned":[4,5],"killed_by":"Gremlin Nob","ascension_level":13}}