{"host":"gy28cvaawxgarp7n","time":1608946586,"event":{"mods":["BaseMod","Conspire","Downfall","Minty Spire (QoL Compilation)","StSLib"],"gold_per_floor":[199,214,214,232,252,277,277,288,288,314,327,327,327,327],"floor_reached":12,"playtime":504,"items_purged":[],"score":95,"play_id":"65ae7f1a-f334-4c58-9b27-f3e8b4bd25bd","local_time":"20201226093626","is_ascension_mode":true,"campfire_choices":[{"data":"Slimebound:Split","floor":1,"key":"SMITH"}],"circlet_count":0,"master_deck":["Slimebound:Strike_Slimebound","Slimebound:Strike_Slimebound","Slimebound:Tackle","Slimebound:Defend_Slimebound","Slimebound:Defend_Slimebound","Slimebound:Defend_Slimebound","Slimebound:Defend_Slimebound","Slimebound:Split+1","Slimebound:CorrosiveSpit","Slimebound:Equalize","Slimebound:DivideAndConquer","Slimebound:RejuvenatingLick","Slimebound:LeadByExample","Slimebound:Gluttony","Slimebound:LeechingTouch","Slimebound:Repurpose","Slimebound:TongueLash"],"relics":["Slimebound:AbsorbEndCombat","Sundial","conspire:Flyswatter","downfall:BrokenWingStatue","conspire:Dentures"],"acts_visited":["Exordium"],"potions_floor_usage":[10,10],"damage_taken":[{"damage":8,"enemies":"Small Slimes","floor":2,"turns":3},{"damage":12,"enemies":"Cultist","floor":4,"turns":3},{"damage":22,"enemies":"Jaw Worm","floor":5,"turns":2},{"damage":33,"enemies":"Lagavulin","floor":6,"turns":6},{"damage":17,"enemies":"conspire:2 RoseBushes","floor":8,"turns":6},{"damage":18,"enemies":"Gremlin Nob","floor":10,"turns":4},{"damage":42,"enemies":"Gremlin Gang","floor":11,"turns":5},{"damage":29,"enemies":"3 Sentries","floor":12,"turns":3}],"seed_played":"-5038049656304863140","potions_obtained":[{"floor":2,"key":"SteroidPotion"},{"floor":8,"key":"AttackPotion"}],"is_trial":false,"path_per_floor":["R","M","?","M","M","E","T","M","?","E","M","E"],"character_chosen":"SLIMEBOUND","items_purchased":[],"campfire_rested":0,"item_purchase_floors":[],"current_hp_per_floor":[60,60,60,59,50,42,42,43,43,41,21,0,0,0],"gold":327,"neow_bonus":"HUNDRED_GOLD","is_daily":false,"chose_seed":false,"campfire_upgraded":1,"win_rate":0.0,"timestamp":1608946586,"path_taken":["R","M","?","?","M","E","T","M","?","E","M","E"],"items_purchased_type":[],"build_version":"2020-12-22","purchased_purges":0,"victory":false,"max_hp_per_floor":[60,60,60,60,60,60,60,60,60,60,60,60,60,60],"card_choices":[{"not_picked":["Slimebound:FlameTackle","Slimebound:GoopSpray"],"picked":"Slimebound:Equalize","floor":2},{"not_picked":["Slimebound:GrowthPunch","Slimebound:DivideAndConquer"],"picked":"Slimebound:RejuvenatingLick","floor":4},{"not_picked":["Slimebound:ViciousTackle","Slimebound:Chomp"],"picked":"Slimebound:LeadByExample","floor":5},{"not_picked":["Slimebound:Replication","Slimebound:ViciousTackle"],"picked":"Slimebound:Gluttony","floor":6},{"not_picked":["Slimebound:Schlurp","Slimebound:SlimeSpikes"],"picked":"Slimebound:LeechingTouch","floor":8},{"not_picked":["Slimebound:Equalize","Slimebound:SelfFormingGoo"],"picked":"Slimebound:Repurpose","floor":10},{"not_picked":["Slimebound:DivideAndConquer","Slimebound:LeechingTouch"],"picked":"Slimebound:TongueLash","floor":11}],"player_experience":166999,"relics_obtained":[{"floor":6,"key":"Sundial"},{"floor":7,"key":"conspire:Flyswatter"},{"floor":10,"key":"conspire:Dentures"}],"event_choices":[{"damage_healed":0,"gold_gain":0,"cards_transformed":["Slimebound:Strike_Slimebound"],"player_choice":"Transformed","damage_taken":0,"max_hp_gain":0,"max_hp_loss":0,"event_name":"Transmorgrifier","floor":3,"gold_loss":0,"cards_obtained":["Slimebound:DivideAndConquer"]}],"is_beta":false,"boss_relics":[],"items_purged_floors":[],"is_endless":false,"potions_floor_spawned":[2,8],"killed_by":"3 Sentries","ascension_level":1}}