{"host":"qgrlfjrqk9z96gfi","time":1608960374,"event":{"mods":["BaseMod","Block Reminder","Colored Map","DeckTracker","Minty Spire (QoL Compilation)"],"gold_per_floor":[115,115,131,151,168,168,196,196,246,246,275,275,240,274,286,389,401,433,445,74,11,32,32,68,83,83,83,102,102,116,116,116],"floor_reached":31,"playtime":1086,"items_purged":["Strike_G"],"score":596,"play_id":"71193635-1606-46d8-8d26-9ae9b0ff2353","local_time":"20201225192614","is_ascension_mode":true,"campfire_choices":[{"data":"Predator","floor":6.0,"key":"SMITH"},{"data":"Leg Sweep","floor":10,"key":"SMITH"},{"floor":15,"key":"REST"},{"floor":23,"key":"REST"},{"floor":27,"key":"REST"},{"data":"Corpse Explosion","floor":29,"key":"SMITH"}],"circlet_count":0,"master_deck":["AscendersBane","Strike_G","Strike_G","Strike_G","Strike_G","Defend_G","Defend_G+1","Defend_G","Defend_G","Defend_G","Survivor","Neutralize","Footwork","Predator+1","Leg Sweep+1","Poisoned Stab","Blur+1","Deadly Poison","Corpse Explosion+1","Footwork","Quick Slash","PiercingWail","Well Laid Plans","Terror+1","PiercingWail"],"relics":["Ring of the Snake","NeowsBlessing","Bottled Lightning","War Paint","Toy Ornithopter","Golden Idol","MawBank","Busted Crown","Regal Pillow","Dream Catcher","Strawberry"],"acts_visited":["Exordium","TheCity"],"potions_floor_usage":[11,11,16,24,24,30],"damage_taken":[{"damage":0.0,"enemies":"Jaw Worm","floor":1.0,"turns":1.0},{"damage":0.0,"enemies":"Cultist","floor":3.0,"turns":1.0},{"damage":0.0,"enemies":"2 Louse","floor":4.0,"turns":1.0},{"damage":6.0,"enemies":"2 Fungi Beasts","floor":5.0,"turns":5.0},{"damage":18.0,"enemies":"Lagavulin","floor":7.0,"turns":11.0},{"damage":3,"enemies":"3 Sentries","floor":11,"turns":14},{"damage":42,"enemies":"Gremlin Nob","floor":14,"turns":5},{"damage":20,"enemies":"The Guardian","floor":16,"turns":16},{"damage":13,"enemies":"3 Byrds","floor":18,"turns":4},{"damage":4,"enemies":"Shell Parasite","floor":22,"turns":6},{"damage":30,"enemies":"Book of Stabbing","floor":24,"turns":7},{"damage":6,"enemies":"Snake Plant","floor":25,"turns":5},{"damage":13,"enemies":"Centurion and Healer","floor":28,"turns":7},{"damage":20,"enemies":"Snecko","floor":30,"turns":5},{"damage":39,"enemies":"Slavers","floor":31,"turns":4}],"seed_played":"6034073910695590641","potions_obtained":[{"floor":4.0,"key":"Fire Potion"},{"floor":5.0,"key":"ColorlessPotion"},{"floor":7,"key":"EssenceOfSteel"},{"floor":11,"key":"SmokeBomb"},{"floor":14,"key":"Explosive Potion"},{"floor":22,"key":"FearPotion"},{"floor":24,"key":"CunningPotion"}],"is_trial":false,"path_per_floor":["M","?","M","M","M","R","E","?","T","R","E","?","?","E","R","B",null,"M","?","$","?","M","R","E","M","T","R","M","R","M","E"],"character_chosen":"THE_SILENT","items_purchased":["Regal Pillow","Footwork","Block Potion"],"campfire_rested":3,"item_purchase_floors":[20,20,20],"current_hp_per_floor":[59,59,59,59,53,53,35,35,35,35,32,32,47,5,23,8,47,34,34,34,34,30,60,46,40,40,67,54,54,39,0,0],"gold":116,"neow_bonus":"THREE_ENEMY_KILL","is_daily":false,"chose_seed":false,"campfire_upgraded":3,"win_rate":0.0,"timestamp":1608960374,"path_taken":["M","?","M","M","M","R","E","?","T","R","E","?","?","E","R","BOSS","M","?","$","?","M","R","E","M","T","R","M","R","M","E"],"items_purchased_type":["Relic","Card","Potion"],"build_version":"2020-12-22","purchased_purges":1,"victory":false,"max_hp_per_floor":[66,66,66,66,66,66,66,66,66,66,66,60,60,60,60,60,60,60,60,60,60,60,60,67,67,67,67,67,67,67,67,67],"card_choices":[{"not_picked":["Prepared","Blur"],"picked":"Footwork","floor":1.0},{"not_picked":["Heel Hook","Quick Slash"],"picked":"Predator","floor":3.0},{"not_picked":["Predator","Dagger Throw"],"picked":"Leg Sweep","floor":4.0},{"not_picked":["Crippling Poison","Underhanded Strike"],"picked":"Poisoned Stab","floor":5.0},{"not_picked":["Dagger Throw","Terror"],"picked":"Blur","floor":7},{"not_picked":["Riddle With Holes","Outmaneuver","Skewer"],"picked":"SKIP","floor":11},{"not_picked":["Acrobatics","Bane"],"picked":"Deadly Poison","floor":14},{"not_picked":["Tools of the Trade","Night Terror"],"picked":"Corpse Explosion","floor":16},{"not_picked":["Choke"],"picked":"SKIP","floor":18},{"not_picked":["Blade Dance"],"picked":"SKIP","floor":22},{"not_picked":[],"picked":"Quick Slash","floor":23},{"not_picked":[],"picked":"PiercingWail","floor":24},{"not_picked":[],"picked":"Well Laid Plans","floor":25},{"not_picked":[],"picked":"Terror+1","floor":28},{"not_picked":[],"picked":"PiercingWail","floor":30}],"player_experience":943309,"relics_obtained":[{"floor":7,"key":"Bottled Lightning"},{"floor":9,"key":"War Paint"},{"floor":11,"key":"Toy Ornithopter"},{"floor":14,"key":"MawBank"},{"floor":24,"key":"Strawberry"}],"event_choices":[{"damage_healed":0.0,"max_hp_gain":0.0,"max_hp_loss":0.0,"gold_gain":0.0,"event_name":"Wheel of Change","player_choice":"Cursed","floor":2.0,"gold_loss":0.0,"damage_taken":0.0,"cards_obtained":["Decay"]},{"cards_removed":["Decay"],"damage_healed":0,"gold_gain":0,"player_choice":"Forget","damage_taken":0,"max_hp_gain":0,"max_hp_loss":0,"event_name":"Living Wall","floor":8,"gold_loss":0},{"damage_healed":0,"gold_gain":0,"player_choice":"Lose Max HP","damage_taken":0,"relics_obtained":["Golden Idol"],"max_hp_gain":0,"max_hp_loss":6,"event_name":"Golden Idol","floor":12,"gold_loss":0},{"damage_healed":15,"gold_gain":0,"player_choice":"Healed","damage_taken":0,"max_hp_gain":0,"max_hp_loss":0,"event_name":"The Cleric","floor":13,"gold_loss":35},{"damage_healed":0,"gold_gain":0,"player_choice":"Ignored","damage_taken":0,"max_hp_gain":0,"max_hp_loss":0,"event_name":"Cursed Tome","floor":19,"gold_loss":0},{"damage_healed":0,"gold_gain":0,"player_choice":"Paid Gold","damage_taken":0,"relics_obtained":["Dream Catcher"],"max_hp_gain":0,"max_hp_loss":0,"event_name":"WeMeetAgain","floor":21,"gold_loss":63}],"is_beta":false,"boss_relics":[{"not_picked":["SlaversCollar","Philosopher\u0027s Stone"],"picked":"Busted Crown"}],"items_purged_floors":[20],"is_endless":false,"potions_floor_spawned":[4,5,7,11,14,22,24],"killed_by":"Slavers","ascension_level":20}}