{"host":"q0yztes6vyjz67b3","time":1608959119,"event":{"mods":["BaseMod","Better Altar","Better Match","Better Note","Better Sensory Stone","Better Skull","Better Third Choice","Energized Spire","Minty Spire (QoL Compilation)","Replay The Spire","StSLib","The Gatherer"],"gold_per_floor":[118,43,43,61,81,110,110,130,130,130,140,175,195,210,210,306,306,322,333,49,62,72,72,72,85,85,97,97,126,144,154,154,154,154],"floor_reached":33,"playtime":1684,"items_purged":["Regret","Languid"],"score":360,"play_id":"9e53e95d-7ebd-4e0c-94bc-c6f5ac945340","local_time":"20201225210519","is_ascension_mode":false,"campfire_choices":[{"data":"Replay:AtTheReady","floor":7,"key":"SMITH"},{"data":"Eruption","floor":10,"key":"SMITH"},{"data":"SignatureMove","floor":15,"key":"SMITH"},{"floor":23,"key":"REST"},{"data":"Establishment","floor":28,"key":"SMITH"},{"floor":32,"key":"DIG"}],"circlet_count":0,"master_deck":["Strike_P","Strike_P","Strike_P","Strike_P","Defend_P","Defend_P","Defend_P","Defend_P","Eruption+1","Vigilance","Pot Of Greed","SignatureMove+1","Pot Of Greed","Replay:BluntJabs","Replay:AtTheReady+1","EmptyFist","EmptyMind","Tantrum","InnerPeace","Establishment+1","SashWhip","EmptyBody","Meditate","WindmillStrike+1","Pot Of Greed","Wireheading","EmptyBody+1","Replay:Hum+1","Replay:DivineShield"],"relics":["HolyWater","Grinning Jar","Replay:WaspNest","Strawberry","Replay:Rubber Ducky","Art of War","ReplayTheSpireMod:CursedCoin","Onion Ring","Nunchaku","Lantern"],"acts_visited":["Exordium","TheCity"],"potions_floor_usage":[12,25,33,33],"damage_taken":[{"damage":0,"enemies":"Small Slimes","floor":1,"turns":2},{"damage":0,"enemies":"Cultist","floor":4,"turns":2},{"damage":0,"enemies":"Jaw Worm","floor":5,"turns":3},{"damage":0,"enemies":"Lagavulin","floor":6,"turns":7},{"damage":11,"enemies":"Lots of Slimes","floor":8,"turns":5},{"damage":8,"enemies":"Red Slaver","floor":11,"turns":4},{"damage":8,"enemies":"Gremlin Nob","floor":12,"turns":4},{"damage":4,"enemies":"Gremlin Gang","floor":13,"turns":3},{"damage":0,"enemies":"Lots of Slimes","floor":14,"turns":4},{"damage":0,"enemies":"Slime Boss","floor":16,"turns":5},{"damage":7,"enemies":"2 Thieves","floor":18,"turns":3},{"damage":0,"enemies":"Chosen","floor":19,"turns":3},{"damage":29,"enemies":"Shelled Parasite and Fungi","floor":21,"turns":6},{"damage":11,"enemies":"3 Cultists","floor":22,"turns":4},{"damage":0,"enemies":"Centurion and Healer","floor":25,"turns":4},{"damage":16,"enemies":"Snecko","floor":27,"turns":4},{"damage":15,"enemies":"Replay:Snechameleon","floor":29,"turns":5},{"damage":7,"enemies":"Cultist and Chosen","floor":30,"turns":4},{"damage":13,"enemies":"Centurion and Healer","floor":31,"turns":5},{"damage":7,"enemies":"Champ","floor":33,"turns":7}],"seed_played":"-6191743085363088870","potions_obtained":[{"floor":3,"key":"SmokeBomb"},{"floor":3,"key":"Strength Potion"},{"floor":3,"key":"Flashbang"},{"floor":4,"key":"Elixir"},{"floor":16,"key":"Fire Potion"},{"floor":27,"key":"SpeedPotion"}],"is_trial":false,"path_per_floor":["M","$","?","M","M","E","R","M","T","R","M","E","M","M","R","B",null,"M","M","$","M","M","R","?","M","T","M","R","E","M","M","R","B"],"character_chosen":"WATCHER","items_purchased":["Art of War","EmptyBody","Meditate","ReplayTheSpireMod:CursedCoin","WindmillStrike+1"],"campfire_rested":1,"item_purchase_floors":[20,20,20,20,20],"current_hp_per_floor":[72,72,72,72,72,72,72,61,68,68,60,52,48,48,48,48,79,72,72,72,43,32,55,55,55,55,39,39,24,17,4,4,0,0],"gold":154,"neow_bonus":"RANDOM_EVENT","is_daily":false,"chose_seed":false,"campfire_upgraded":4,"win_rate":0.0,"timestamp":1608959119,"path_taken":["M","$","?","?","M","E","R","M","T","R","M","E","M","M","R","BOSS","M","M","$","M","M","R","?","?","T","M","R","E","?","M","R","BOSS"],"items_purchased_type":["Relic","Card","Card","Relic","Card"],"build_version":"2020-12-22","purchased_purges":2,"victory":false,"max_hp_per_floor":[72,72,72,72,72,72,72,72,79,79,79,79,79,79,79,79,79,79,79,79,79,79,79,79,79,79,79,79,79,79,79,79,79,79],"card_choices":[{"not_picked":["Replay:BluntJabs","Protect"],"picked":"SignatureMove","floor":1},{"not_picked":["Weave","Pray"],"picked":"Replay:BluntJabs","floor":4},{"not_picked":["BowlingBash","Protect"],"picked":"Replay:AtTheReady","floor":5},{"not_picked":["Replay:AtTheReady","Worship"],"picked":"EmptyFist","floor":6},{"not_picked":["EmptyFist","ClearTheMind"],"picked":"EmptyMind","floor":8},{"not_picked":["EmptyBody","Collect"],"picked":"Tantrum","floor":11},{"not_picked":["Crescendo","CutThroughFate","CrushJoints"],"picked":"SKIP","floor":12},{"not_picked":["Indignation","JustLucky","Pray"],"picked":"SKIP","floor":13},{"not_picked":["Nirvana","Replay:Vibes"],"picked":"InnerPeace","floor":14},{"not_picked":["SpiritShield","Alpha"],"picked":"Establishment","floor":16},{"not_picked":["Crescendo","Wallop"],"picked":"SashWhip","floor":18},{"not_picked":["Replay:AtTheReady","Study","CarveReality"],"picked":"SKIP","floor":19},{"not_picked":["FearNoEvil","Wallop"],"picked":"Wireheading","floor":21},{"not_picked":["BowlingBash","SignatureMove","Prostrate"],"picked":"SKIP","floor":22},{"not_picked":["ReachHeaven","WindmillStrike","CutThroughFate"],"picked":"SKIP","floor":25},{"not_picked":["MentalFortress","Devotion","JustLucky"],"picked":"SKIP","floor":27},{"not_picked":["ThirdEye","JustLucky+1"],"picked":"EmptyBody+1","floor":29},{"not_picked":["Vengeance+1","SashWhip"],"picked":"Replay:Hum+1","floor":30},{"not_picked":["CrushJoints","Replay:AtTheReady"],"picked":"Replay:DivineShield","floor":31}],"player_experience":514315,"relics_obtained":[{"floor":6,"key":"Replay:WaspNest"},{"floor":9,"key":"Strawberry"},{"floor":12,"key":"Replay:Rubber Ducky"},{"floor":26,"key":"Onion Ring"},{"floor":29,"key":"Nunchaku"},{"floor":32,"key":"Lantern"}],"event_choices":[{"damage_healed":0,"gold_gain":0,"player_choice":"Box","damage_taken":0,"relics_obtained":["Grinning Jar"],"max_hp_gain":0,"max_hp_loss":0,"event_name":"Big Fish","floor":0,"gold_loss":0,"cards_obtained":["Regret"]},{"damage_healed":0,"gold_gain":0,"player_choice":"Got Potions","damage_taken":0,"max_hp_gain":0,"max_hp_loss":0,"event_name":"Lab","floor":3,"gold_loss":0},{"cards_removed":["SashWhip"],"damage_healed":0,"gold_gain":0,"player_choice":"Give","damage_taken":0,"max_hp_gain":0,"max_hp_loss":0,"event_name":"betterNote:BetterNote","floor":24,"gold_loss":0,"cards_obtained":["None"]}],"is_beta":false,"boss_relics":[{"not_picked":["energizedSpire:NeverEndingSparkler","Calling Bell"],"picked":"HolyWater"}],"items_purged_floors":[2,20],"is_endless":false,"potions_floor_spawned":[4,6,11,16,18,22,27,29,30],"killed_by":"Champ","ascension_level":0}}