{"host":"7t8rqoeeopyy0nh0","time":1608951649,"event":{"mods":["AchievementEnabler","BaseMod","Better Third Choice","BetterRewards","Colored Map","Colored Powertips","Downfall","Hubris","Infinite Spire","Marisa????????","Minty Spire (QoL Compilation)","Replay The Spire","StSLib","The Animator","The Construct","The Cursed","The Hierophant"],"gold_per_floor":[112,112,287,43,63,63,77,108,182,182,182],"floor_reached":10,"playtime":320,"items_purged":["SuperPerseids","Doubt"],"score":83,"play_id":"7c67bf91-8e6b-4ced-b555-5c27c97922d0","local_time":"20201225220049","is_ascension_mode":true,"campfire_choices":[{"data":"PathToVictory","floor":6,"key":"SMITH"}],"circlet_count":0,"master_deck":["SuperPerseids","Strike_P","Strike_P","Strike_P","Strike_P","Defend_P","Defend_P","Defend_P","Defend_P","Eruption","Vigilance","TalkToTheHand","Crescendo","MasterReality","Consecrate","PathToVictory+1","PathToVictory","Pot Of Greed","Pot Of Greed","ClearTheMind"],"relics":["PureWater","GoldenEye","Replay:Bottled Snecko","ReplayTheSpireMod:TigerMarble","Grinning Jar","Toxic Egg 2"],"acts_visited":["Exordium"],"potions_floor_usage":[],"damage_taken":[{"damage":0,"enemies":"Small Slimes","floor":1,"turns":2},{"damage":3,"enemies":"Jaw Worm","floor":5,"turns":5},{"damage":0,"enemies":"2 Louse","floor":7,"turns":1},{"damage":24,"enemies":"Gremlin Nob","floor":8,"turns":3},{"damage":23,"enemies":"3 Sentries","floor":10,"turns":5}],"seed_played":"8061096739938125109","potions_obtained":[],"is_trial":false,"path_per_floor":["M","?","?","$","M","R","M","E","T","E"],"character_chosen":"WATCHER","items_purchased":["TalkToTheHand","Crescendo","MasterReality","ReplayTheSpireMod:TigerMarble"],"campfire_rested":0,"item_purchase_floors":[0,0,0,4],"current_hp_per_floor":[48,41,41,41,42,42,42,18,18,0,0],"gold":182,"neow_bonus":"","is_daily":false,"chose_seed":false,"campfire_upgraded":1,"win_rate":0.0,"timestamp":1608951649,"path_taken":["M","?","?","$","M","R","M","E","T","E"],"items_purchased_type":["Card","Card","Card","Relic"],"build_version":"2020-12-22","purchased_purges":2,"victory":false,"max_hp_per_floor":[72,72,72,72,72,72,72,72,72,72,72],"card_choices":[{"not_picked":["FollowUp","WreathOfFlame"],"picked":"Consecrate","floor":1},{"not_picked":["Swivel","Replay:ManipulateFuture"],"picked":"PathToVictory","floor":5},{"not_picked":["Replay:Hum","CutThroughFate"],"picked":"PathToVictory","floor":7},{"not_picked":["Perseverance","Consecrate"],"picked":"ClearTheMind","floor":8}],"player_experience":372538,"relics_obtained":[{"floor":8,"key":"Grinning Jar"},{"floor":9,"key":"Toxic Egg 2"}],"event_choices":[{"damage_healed":0,"gold_gain":0,"player_choice":"Relic ","damage_taken":7,"max_hp_gain":0,"max_hp_loss":0,"event_name":"betterThird:BetterScrap","floor":2,"gold_loss":0,"cards_obtained":["Double Tap"]},{"damage_healed":0,"gold_gain":175,"player_choice":"AGREE","damage_taken":112,"max_hp_gain":0,"max_hp_loss":0,"event_name":"betterThird:BetterSerpent","floor":3,"gold_loss":0}],"is_beta":false,"boss_relics":[],"items_purged_floors":[0,4],"is_endless":false,"potions_floor_spawned":[],"killed_by":"3 Sentries","ascension_level":5}}