{"host":"627up2rvtmm0cf0r","time":1608983581,"event":{"mods":["ATMod(°¢èªMod)","Act Like it!","BaseMod","Better Vampires","CapriCore","Card Filter","Card Forge","Colored Powertips","DeckTracker","Dota2Spire","Friendly Minions","Highlight Path","Infinite Spire","Marked Mod","Mimic Mod","Minty Spire (QoL Compilation)","MostiFishMod","Permanent Neow","Practice Mode","Quick Restart","Relic Stats","Shop Mod","Spicy Shops","StSLib","SuperFastMode","TestMod","¡¾ÒÅÎï¿¨ÅÆ¡¿REMEMod","²ÐÁôÖ®Îï","óô»ðÖ¸ÄÏ"],"gold_per_floor":[361,372,44,44,58,58,58],"floor_reached":6,"playtime":261,"items_purged":[],"score":56,"play_id":"b48df26a-7325-4584-8f39-3bf5ef50b460","local_time":"20201226195301","is_ascension_mode":true,"campfire_choices":[],"circlet_count":0,"master_deck":["AscendersBane","Strike_P","Strike_P","Strike_P","Strike_P","Defend_P","Defend_P","Defend_P","Defend_P","Eruption","Vigilance","AT_RealColorLess","AT_EmpoweredMortalDraw","infinitespire:FutureSight"],"relics":["PureWater","Hammer of Thor","Seething Fire","Anvil of the Gods","DaveBox","testmod-TestBox","REME_ComplimentaryCards","AT_ATBox","testmod-Hope","HollowDreamFlower","SynthV:TestCard","AT_ImmortalShieldbow","Strawberry"],"acts_visited":["Exordium"],"potions_floor_usage":[6],"damage_taken":[{"damage":38,"enemies":"Jaw Worm","floor":1,"turns":3},{"damage":0,"enemies":"Small Slimes","floor":2,"turns":2},{"damage":1,"enemies":"2 Louse","floor":5,"turns":2},{"damage":65,"enemies":"Gremlin Nob","floor":6,"turns":3}],"seed_played":"668829573858253426","potions_obtained":[{"floor":2,"key":"AttackPotion"}],"is_trial":false,"path_per_floor":["M","M","$","?","M","E"],"character_chosen":"WATCHER","items_purchased":["AT_ImmortalShieldbow","Strawberry"],"campfire_rested":0,"item_purchase_floors":[3,3],"current_hp_per_floor":[28,32,39,21,24,0,0],"gold":58,"neow_bonus":"TWO_FIFTY_GOLD","is_daily":false,"chose_seed":false,"campfire_upgraded":0,"win_rate":0.0,"timestamp":1608983581,"path_taken":["M","M","$","?","M","E"],"items_purchased_type":["Relic","Relic"],"build_version":"2020-12-22","purchased_purges":0,"victory":false,"max_hp_per_floor":[65,65,72,72,72,72,72],"relic_stats":{"counters":[4,10],"obtain_stats":[{"testmod-TestBox":0,"AT_ATBox":0,"DaveBox":0,"Hammer of Thor":0,"Seething Fire":0,"AT_ImmortalShieldbow":3,"SynthV:TestCard":1,"Anvil of the Gods":0,"Strawberry":3,"testmod-Hope":0,"PureWater":0,"HollowDreamFlower":0,"REME_ComplimentaryCards":0},{"testmod-TestBox":0,"AT_ATBox":0,"DaveBox":0,"Hammer of Thor":0,"Seething Fire":0,"AT_ImmortalShieldbow":2,"SynthV:TestCard":1,"Anvil of the Gods":0,"Strawberry":2,"testmod-Hope":0,"PureWater":0,"HollowDreamFlower":0,"REME_ComplimentaryCards":0},{"testmod-TestBox":0,"AT_ATBox":0,"DaveBox":0,"Hammer of Thor":0,"Seething Fire":0,"AT_ImmortalShieldbow":5,"SynthV:TestCard":3,"Anvil of the Gods":0,"Strawberry":5,"testmod-Hope":0,"PureWater":0,"HollowDreamFlower":0,"REME_ComplimentaryCards":0}]},"card_choices":[{"not_picked":["Wireheading","BowlingBash","AT_ChampionStep"],"picked":"SKIP","floor":1},{"not_picked":["CarveReality","Fasting2","FearNoEvil","FlurryOfBlows","EmptyBody"],"picked":"SKIP","floor":2},{"not_picked":["infinitespire:NeuralNetwork","infinitespire:Execution"],"picked":"infinitespire:FutureSight","floor":4},{"not_picked":["ForeignInfluence","ClearTheMind","MarkedMod:Acupuncture","SpiritShield","AT_RealFormLess"],"picked":"SKIP","floor":5}],"player_experience":48028,"relics_obtained":[{"floor":1,"key":"SynthV:TestCard"}],"event_choices":[],"is_beta":false,"boss_relics":[],"items_purged_floors":[],"is_endless":false,"potions_floor_spawned":[2],"killed_by":"Gremlin Nob","ascension_level":11}}