{"host":"u2grshebrc5rdzdn","time":1608990884,"event":{"mods":["AchievementEnabler","BaseMod","Minty Spire (QoL Compilation)","StSLib"],"gold_per_floor":[114,129,54,69,84,84,114,129,129,144,144,144,159,59,59,159,159,174,174,174,174,189,219,219,249,274,289,289,304,304,319,319,419,419,434,449,549,564,579,579,454,454,479,179,179,29,29,29,29,29],"floor_reached":51,"playtime":2167,"items_purged":["Skim","Warcry","LikeWater","LikeWater+1"],"score":862,"play_id":"b6890d5b-2371-4485-9689-ad163e5e1eef","local_time":"20201226145444","daily_mods":["SealedDeck","Diverse","Binary"],"is_ascension_mode":false,"campfire_choices":[{"data":"Genetic Algorithm","floor":6,"key":"SMITH"},{"data":"Inflame","floor":11,"key":"SMITH"},{"data":"Dropkick","floor":15,"key":"SMITH"},{"data":"Crescendo","floor":24,"key":"SMITH"},{"data":"Dropkick","floor":28,"key":"SMITH"},{"data":"PiercingWail","floor":32,"key":"SMITH"},{"data":"Thunderclap","floor":40,"key":"SMITH"},{"data":"LikeWater","floor":42,"key":"SMITH"},{"floor":49,"key":"REST"}],"circlet_count":0,"master_deck":["Thunderclap+1","Crescendo+1","Dropkick+1","PiercingWail+1","Genetic Algorithm+1","Inflame+1","Dropkick+1"],"relics":["Burning Blood","Blood Vial","Sundial","PreservedInsect","Runic Cube","Champion Belt","Incense Burner","Bronze Scales","SlaversCollar","Nunchaku","Bag of Preparation","Bag of Marbles","Mercury Hourglass"],"acts_visited":["Exordium","TheCity","TheBeyond"],"potions_floor_usage":[7,39],"damage_taken":[{"damage":21,"enemies":"Cultist","floor":1,"turns":5},{"damage":0,"enemies":"Small Slimes","floor":2,"turns":4},{"damage":0,"enemies":"2 Louse","floor":4,"turns":3},{"damage":7,"enemies":"Large Slime","floor":5,"turns":6},{"damage":31,"enemies":"Lagavulin","floor":7,"turns":6},{"damage":5,"enemies":"Gremlin Gang","floor":8,"turns":3},{"damage":1,"enemies":"2 Fungi Beasts","floor":10,"turns":4},{"damage":3,"enemies":"Exordium Thugs","floor":13,"turns":4},{"damage":8,"enemies":"Slime Boss","floor":16,"turns":7},{"damage":0,"enemies":"Chosen","floor":18,"turns":3},{"damage":22,"enemies":"Shell Parasite","floor":22,"turns":4},{"damage":0,"enemies":"Book of Stabbing","floor":23,"turns":3},{"damage":9,"enemies":"Slavers","floor":25,"turns":3},{"damage":0,"enemies":"Chosen and Byrds","floor":27,"turns":3},{"damage":0,"enemies":"Centurion and Healer","floor":29,"turns":3},{"damage":16,"enemies":"Shelled Parasite and Fungi","floor":31,"turns":2},{"damage":0,"enemies":"Collector","floor":33,"turns":3},{"damage":1,"enemies":"3 Darklings","floor":35,"turns":2},{"damage":5,"enemies":"Orb Walker","floor":36,"turns":3},{"damage":0,"enemies":"Maw","floor":38,"turns":3},{"damage":30,"enemies":"Sphere and 2 Shapes","floor":39,"turns":3},{"damage":0,"enemies":"Time Eater","floor":50,"turns":2}],"seed_played":"5451747836825439005","potions_obtained":[{"floor":4,"key":"SkillPotion"},{"floor":5,"key":"SneckoOil"},{"floor":7,"key":"Energy Potion"},{"floor":10,"key":"DistilledChaos"},{"floor":13,"key":"DistilledChaos"}],"is_trial":false,"path_per_floor":["M","M","$","M","M","R","E","M","T","M","R","?","M","$","R","B",null,"M","?","$","?","M","E","R","E","T","M","R","M","?","M","R","B",null,"M","M","?","M","M","R","$","R","T","$","?","$","T","$","R","B",null],"character_chosen":"IRONCLAD","items_purchased":["Bag of Preparation","Bag of Marbles"],"campfire_rested":1,"item_purchase_floors":[44,46],"current_hp_per_floor":[65,71,71,77,76,76,51,54,54,61,61,61,66,66,66,66,80,80,80,80,80,64,72,72,71,71,79,79,80,80,70,70,78,80,80,80,80,80,56,56,56,56,56,56,56,56,56,56,80,80],"gold":29,"neow_bonus":"","is_daily":true,"chose_seed":false,"campfire_upgraded":8,"win_rate":0.0,"timestamp":1608990884,"path_taken":["M","M","$","M","M","R","E","?","T","M","R","?","M","$","R","BOSS","M","?","$","?","M","E","R","E","T","M","R","M","?","M","R","BOSS","M","M","?","?","M","R","$","R","T","$","?","?","?","$","R","BOSS"],"items_purchased_type":["Relic","Relic"],"build_version":"2020-12-22","purchased_purges":4,"victory":true,"max_hp_per_floor":[80,80,80,80,80,80,80,80,80,80,80,80,80,80,80,80,80,80,80,80,80,80,80,80,80,80,80,80,80,80,80,80,80,80,80,80,80,80,80,80,80,80,80,80,80,80,80,80,80,80],"card_choices":[{"not_picked":["Riddle With Holes","Turbo"],"picked":"SKIP","floor":1},{"not_picked":["CarveReality","Streamline"],"picked":"SKIP","floor":2},{"not_picked":["Acrobatics","Outmaneuver"],"picked":"SKIP","floor":4},{"not_picked":["Turbo","Cleave"],"picked":"SKIP","floor":5},{"not_picked":["Pray"],"picked":"Inflame","floor":7},{"not_picked":["Acrobatics","CarveReality"],"picked":"SKIP","floor":8},{"not_picked":["WaveOfTheHand","Go for the Eyes"],"picked":"SKIP","floor":10},{"not_picked":["Ball Lightning","SandsOfTime"],"picked":"SKIP","floor":13},{"not_picked":["Coolheaded","Concentrate+1"],"picked":"SKIP","floor":18},{"not_picked":["Outmaneuver"],"picked":"Dropkick","floor":22},{"not_picked":["SandsOfTime","ForeignInfluence"],"picked":"SKIP","floor":23},{"not_picked":["Turbo","Meditate"],"picked":"SKIP","floor":25},{"not_picked":["Cloak And Dagger","Twin Strike"],"picked":"SKIP","floor":27},{"not_picked":["Power Through","CarveReality"],"picked":"SKIP","floor":29},{"not_picked":["Protect","Gash"],"picked":"SKIP","floor":31},{"not_picked":["Shrug It Off","Flex"],"picked":"SKIP","floor":35},{"not_picked":["Outmaneuver","Escape Plan"],"picked":"SKIP","floor":36},{"not_picked":["Consecrate","Armaments+1"],"picked":"SKIP","floor":38},{"not_picked":["Prepared","Perfected Strike"],"picked":"SKIP","floor":39}],"player_experience":371057,"relics_obtained":[{"floor":7,"key":"Blood Vial"},{"floor":9,"key":"Sundial"},{"floor":23,"key":"Champion Belt"},{"floor":25,"key":"Incense Burner"},{"floor":26,"key":"Bronze Scales"},{"floor":43,"key":"Nunchaku"},{"floor":47,"key":"Mercury Hourglass"}],"event_choices":[{"cards_removed":["Feel No Pain"],"damage_healed":0,"gold_gain":0,"player_choice":"Gave Card","damage_taken":0,"relics_obtained":["PreservedInsect"],"max_hp_gain":0,"max_hp_loss":0,"event_name":"WeMeetAgain","floor":12,"gold_loss":0},{"damage_healed":0,"gold_gain":0,"player_choice":"Ignored","damage_taken":0,"max_hp_gain":0,"max_hp_loss":0,"event_name":"Beggar","floor":19,"gold_loss":0},{"damage_healed":0,"gold_gain":0,"player_choice":"Ignored","damage_taken":0,"max_hp_gain":0,"max_hp_loss":0,"event_name":"Ghosts","floor":21,"gold_loss":0},{"damage_healed":0,"gold_gain":0,"player_choice":"Ignored","damage_taken":0,"max_hp_gain":0,"max_hp_loss":0,"event_name":"Cursed Tome","floor":30,"gold_loss":0},{"damage_healed":0,"gold_gain":100,"player_choice":"Pray","damage_taken":0,"max_hp_gain":0,"max_hp_loss":0,"event_name":"Golden Shrine","floor":37,"gold_loss":0},{"damage_healed":0,"gold_gain":0,"player_choice":"Ignored","damage_taken":0,"max_hp_gain":0,"max_hp_loss":0,"event_name":"Upgrade Shrine","floor":45,"gold_loss":0}],"is_beta":false,"boss_relics":[{"not_picked":["Cursed Key","Velvet Choker"],"picked":"Runic Cube"},{"not_picked":["Fusion Hammer","Coffee Dripper"],"picked":"SlaversCollar"}],"items_purged_floors":[3,14,41,44],"is_endless":false,"potions_floor_spawned":[4,5,7,10,13,23,25,27,31,35,38],"ascension_level":0}}