{"host":"areou1to5q11ox5u","time":1608985119,"event":{"mods":["AchievementEnabler","BaseMod","Bestiary","Block Reminder","Colored Map","Colored Powertips","DeckTracker","Downfall","Highlight Path","Infinite Spire","Minty Spire (QoL Compilation)","Permanent Neow","Random Character Button","Relic Sorter","Relic Stats","StSLib","The Jungle"],"gold_per_floor":[99,116,127,127,141,166,191,203,203,219,229,229,63,213,233,333,333,333,350,360,371,51,51,51,63,74,74,74,74],"floor_reached":27,"playtime":5074,"items_purged":["Slimebound:Icky"],"score":219,"play_id":"cebc5345-5467-48b4-b21d-8e3390f4445c","local_time":"20201226131839","is_ascension_mode":false,"campfire_choices":[{"data":"Guardian:TwinSlam","floor":1.0,"key":"SMITH"},{"floor":9.0,"key":"REST"},{"floor":12.0,"key":"REST"},{"data":"Guardian:ArmoredProtocol","floor":18.0,"key":"SMITH"}],"circlet_count":0,"master_deck":["Guardian:Strike_Guardian","Guardian:Strike_Guardian","Guardian:Strike_Guardian","Guardian:Strike_Guardian","Guardian:Defend_Guardian","Guardian:Defend_Guardian","Guardian:Defend_Guardian","Guardian:Defend_Guardian","Guardian:CurlUp","Guardian:TwinSlam+1","Guardian:TemporalShield","Guardian:CrystalBeam","Guardian:Recover","Guardian:MultiBeam","Guardian:ArmoredProtocol+1","Guardian:RollAttack","Guardian:DecasProtection","PanicButton","Guardian:Planning","Guardian:ExploitGems","Guardian:Preprogram+1","Guardian:ChargeCore","Guardian:ShieldCharger","Guardian:Gem_Crimson","Guardian:Gem_Red","expansioncontent:Collect","Guardian:EvasiveProtocol","Guardian:PrimingBeam","Guardian:BronzeOrb","Guardian:VentSteam+1"],"relics":["Guardian:ModeShifter","Anchor","Ancient Tea Set","Runic Pyramid","CultistMask"],"acts_visited":["Exordium","TheCity"],"potions_floor_usage":[],"damage_taken":[{"damage":4.0,"enemies":"2 Louse","floor":2.0,"turns":3.0},{"damage":0.0,"enemies":"Cultist","floor":3.0,"turns":4.0},{"damage":6.0,"enemies":"Jaw Worm","floor":5.0,"turns":3.0},{"damage":60.0,"enemies":"Gremlin Nob","floor":6.0,"turns":6.0},{"damage":6.0,"enemies":"Exordium Thugs","floor":8.0,"turns":7.0},{"damage":0.0,"enemies":"Blue Slaver","floor":10.0,"turns":3.0},{"damage":16.0,"enemies":"Gremlin Gang","floor":11.0,"turns":5.0},{"damage":0.0,"enemies":"downfall:FleeingMerchant","floor":13.0,"turns":4.0},{"damage":0.0,"enemies":"Lots of Slimes","floor":15.0,"turns":2.0},{"damage":35.0,"enemies":"downfall:Watcher","floor":16.0,"turns":13.0},{"damage":4.0,"enemies":"Spheric Guardian","floor":19.0,"turns":6.0},{"damage":21.0,"enemies":"Chosen and Byrds","floor":20.0,"turns":10.0},{"damage":5.0,"enemies":"Snake Plant","floor":21.0,"turns":6.0},{"damage":0.0,"enemies":"downfall:FleeingMerchant","floor":22.0,"turns":4.0},{"damage":10,"enemies":"Sentry and Sphere","floor":25,"turns":10},{"damage":12,"enemies":"Chosen and Byrds","floor":26,"turns":11},{"damage":26,"enemies":"Cultist and Chosen","floor":27,"turns":4}],"seed_played":"-1414914909177001601","potions_obtained":[{"floor":3.0,"key":"SneckoOil"},{"floor":5.0,"key":"SkillPotion"},{"floor":6.0,"key":"Block Potion"},{"floor":11.0,"key":"champ:CounterPotion"},{"floor":16.0,"key":"Ancient Potion"},{"floor":19.0,"key":"Guardian:BlockOnCardUsePotion"},{"floor":21.0,"key":"champ:CounterPotion"}],"is_trial":false,"path_per_floor":["R","M","M","?","M","E","T","M","R","M","M","R","$","?","M","B",null,"R","M","M","M","$","?","T","M","M","M"],"character_chosen":"GUARDIAN","items_purchased":["Guardian:DecasProtection","PanicButton","Guardian:Gem_Red","expansioncontent:Collect","Guardian:EvasiveProtocol","Guardian:PrimingBeam"],"campfire_rested":2,"item_purchase_floors":[13,13,22,22,22,22],"current_hp_per_floor":[80,76,76,76,70,10,10,4,28,28,12,36,36,36,36,1,80,80,76,55,50,50,50,50,40,28,2,2,2],"gold":74,"neow_bonus":"ONE_RANDOM_RARE_CARD","is_daily":false,"chose_seed":false,"campfire_upgraded":2,"win_rate":0.0,"timestamp":1608985119,"path_taken":["R","M","M","?","?","E","T","?","R","M","M","R","$","?","M","BOSS","R","M","M","M","$","?","T","M","M","M"],"items_purchased_type":["Card","Card","Card","Card","Card","Card"],"build_version":"2020-12-22","purchased_purges":1,"victory":false,"max_hp_per_floor":[80,80,80,80,80,80,80,80,80,80,80,80,80,80,80,80,80,80,80,80,80,80,80,80,80,80,80,80,80],"relic_stats":{"counters":[17,101],"obtain_stats":[{"Anchor":6,"Guardian:ModeShifter":0,"CultistMask":23,"Ancient Tea Set":7,"Runic Pyramid":17},{"Anchor":4,"Guardian:ModeShifter":0,"CultistMask":14,"Ancient Tea Set":4,"Runic Pyramid":10},{"Anchor":16,"Guardian:ModeShifter":0,"CultistMask":76,"Ancient Tea Set":16,"Runic Pyramid":50}]},"card_choices":[{"not_picked":["Guardian:Suspension","Guardian:Planning"],"picked":"Guardian:TemporalShield","floor":2.0},{"not_picked":["Guardian:WalkerClaw","Guardian:DonusPower"],"picked":"Guardian:CrystalBeam","floor":3.0},{"not_picked":["Guardian:Repulse","Guardian:PiercingHide"],"picked":"Guardian:Recover","floor":5.0},{"not_picked":["Guardian:PrimingBeam","Guardian:ShieldSpikes"],"picked":"Guardian:MultiBeam","floor":6.0},{"not_picked":["Guardian:VentSteam","Guardian:TemporalStrike"],"picked":"Guardian:Gem_Green","floor":8.0},{"not_picked":["Guardian:Gem_Purple","Guardian:Gem_Cyan"],"picked":"Guardian:ArmoredProtocol","floor":10.0},{"not_picked":["Guardian:Incinerate","Guardian:Preprogram"],"picked":"Guardian:RollAttack","floor":11.0},{"not_picked":["Guardian:Recover","Guardian:HyperBeam_Guardian"],"picked":"Guardian:Gem_Green","floor":13.0},{"not_picked":["Guardian:Suspension","Guardian:TemporalStrike"],"picked":"Guardian:Planning","floor":15.0},{"not_picked":["Guardian:RevengeProtocol","Guardian:Gem_Orange"],"picked":"Guardian:ExploitGems","floor":16.0},{"not_picked":["Guardian:RollAttack","Guardian:BronzeArmor"],"picked":"Guardian:Preprogram+1","floor":19.0},{"not_picked":["Guardian:Reroute+1","Guardian:CrystalBeam"],"picked":"Guardian:ChargeCore","floor":20.0},{"not_picked":["Guardian:WalkerClaw","Guardian:Gem_Blue"],"picked":"Guardian:ShieldCharger","floor":21.0},{"not_picked":["Guardian:Gem_Lightblue","Guardian:Gem_Orange"],"picked":"Guardian:Gem_Crimson","floor":22.0},{"not_picked":["Guardian:PiercingHide+1","Guardian:ArmoredProtocol+1"],"picked":"Guardian:BronzeOrb","floor":25},{"not_picked":["Guardian:CrystalBeam+1","Guardian:PrismaticBarrier+1"],"picked":"Guardian:VentSteam+1","floor":26}],"player_experience":9936,"relics_obtained":[{"floor":6.0,"key":"Anchor"},{"floor":7.0,"key":"Ancient Tea Set"}],"event_choices":[{"damage_healed":0.0,"max_hp_gain":0.0,"max_hp_loss":0.0,"gold_gain":0.0,"event_name":"FaceTrader","player_choice":"Trade","floor":23.0,"gold_loss":0.0,"damage_taken":0.0,"relics_obtained":["CultistMask"]}],"is_beta":false,"boss_relics":[{"not_picked":["Empty Cage","Runic Dome"],"picked":"Runic Pyramid"}],"items_purged_floors":[22],"is_endless":false,"potions_floor_spawned":[3,5,6,11,16,19,21,26],"killed_by":"Cultist and Chosen","ascension_level":0}}