{"host":"qhhcmep1unj6mpf7","time":1608958985,"event":{"mods":["2.2 Compatiblity","AchievementEnabler","BaseMod","Colored Map","DeckTracker","Highlight Path","Keyboard Shortcuts","Minty Spire (QoL Compilation)","Permanent Neow","Quick Restart","Random Character Button","StSLib","SuperFastMode","everything is the same but u backflip on backflip"],"gold_per_floor":[111,130,141,15,15,15,47,47,47,47,73,73,86,104,104,201,201,214,225,225,150,163,163,198,198,198,198,198,198,198],"floor_reached":29,"playtime":1142,"items_purged":["Strike_B"],"score":389,"play_id":"9b5c2b25-d53b-4028-8b84-c470521b07b9","local_time":"20201226140305","is_ascension_mode":true,"campfire_choices":[{"data":"Capacitor","floor":6.0,"key":"SMITH"},{"data":"Capacitor","floor":10.0,"key":"SMITH"},{"data":"Coolheaded","floor":12.0,"key":"SMITH"},{"data":"Zap","floor":15.0,"key":"SMITH"},{"data":"Biased Cognition","floor":23,"key":"SMITH"},{"floor":25,"key":"REST"},{"data":"Reinforced Body","floor":27,"key":"SMITH"}],"circlet_count":0,"master_deck":["Strike_B+1","Defend_B","Defend_B","Defend_B","Defend_B","Zap+1","Dualcast","Reinforced Body+1","Capacitor+1","Capacitor+1","Chill","Coolheaded+1","Biased Cognition+1","Core Surge+1"],"relics":["Cracked Core","Pen Nib","Pear","Mercury Hourglass","Art of War","Sozu","Whetstone","Tiny Chest"],"acts_visited":["Exordium","TheCity"],"potions_floor_usage":[24,24],"damage_taken":[{"damage":7.0,"enemies":"Small Slimes","floor":1.0,"turns":3.0},{"damage":0.0,"enemies":"Cultist","floor":2.0,"turns":4.0},{"damage":1.0,"enemies":"2 Louse","floor":3.0,"turns":3.0},{"damage":6.0,"enemies":"Lagavulin","floor":7.0,"turns":7.0},{"damage":31.0,"enemies":"Gremlin Nob","floor":11.0,"turns":5.0},{"damage":0.0,"enemies":"2 Fungi Beasts","floor":13.0,"turns":4.0},{"damage":0.0,"enemies":"3 Louse","floor":14.0,"turns":2.0},{"damage":13.0,"enemies":"Hexaghost","floor":16.0,"turns":12.0},{"damage":0.0,"enemies":"Spheric Guardian","floor":18.0,"turns":3.0},{"damage":0.0,"enemies":"3 Byrds","floor":19.0,"turns":2.0},{"damage":12,"enemies":"Shelled Parasite and Fungi","floor":22,"turns":6},{"damage":49,"enemies":"Slavers","floor":24,"turns":11},{"damage":18,"enemies":"Centurion and Healer","floor":29,"turns":2}],"seed_played":"-2915173649553304106","potions_obtained":[{"floor":2.0,"key":"BlessingOfTheForge"},{"floor":11.0,"key":"LiquidBronze"},{"floor":13.0,"key":"EssenceOfSteel"},{"floor":16.0,"key":"SpeedPotion"}],"is_trial":false,"path_per_floor":["M","M","M","$","?","R","E","?","T","R","E","R","M","M","R","B",null,"M","M","$","$","M","R","E","R","T","R","?","M"],"character_chosen":"DEFECT","items_purchased":["Capacitor","PowerPotion"],"campfire_rested":1,"item_purchase_floors":[4,4],"current_hp_per_floor":[61,61,60,60,48,48,52,52,52,52,21,21,21,21,21,8,66,66,66,66,66,54,54,5,30,30,30,14,0,0],"gold":198,"neow_bonus":"REMOVE_CARD","is_daily":false,"chose_seed":false,"campfire_upgraded":6,"win_rate":0.0,"timestamp":1608958985,"path_taken":["M","M","M","$","?","R","E","?","T","R","E","R","M","?","R","BOSS","M","M","?","$","M","R","E","R","T","R","?","M"],"items_purchased_type":["Card","Potion"],"build_version":"2020-12-22","purchased_purges":1,"victory":false,"max_hp_per_floor":[75,75,75,75,75,75,85,85,85,85,85,85,85,85,85,85,85,85,85,85,85,85,85,85,85,85,85,90,90,90],"card_choices":[{"not_picked":["Beam Cell","Reprogram","Steam"],"picked":"SKIP","floor":1.0},{"not_picked":["Steam","Barrage"],"picked":"Reinforced Body","floor":2.0},{"not_picked":["Cold Snap","Streamline"],"picked":"Capacitor","floor":3.0},{"not_picked":["Self Repair","Stack"],"picked":"Chill","floor":7.0},{"not_picked":["Redo","Reprogram"],"picked":"Coolheaded","floor":11.0},{"not_picked":["Stack","Melter"],"picked":"Biased Cognition","floor":13.0},{"not_picked":["Chaos","Sunder","Sweeping Beam"],"picked":"SKIP","floor":14.0},{"not_picked":["Thunder Strike","Multi-Cast"],"picked":"Core Surge","floor":16.0},{"not_picked":["Stack","Redo+1","Sunder"],"picked":"SKIP","floor":18.0},{"not_picked":["Rebound+1","Conserve Battery","Sunder+1"],"picked":"SKIP","floor":19.0},{"not_picked":["Sweeping Beam+1","Reprogram","Gash+1"],"picked":"SKIP","floor":22},{"not_picked":["Gash","Beam Cell+1","Streamline"],"picked":"SKIP","floor":24}],"player_experience":309304,"relics_obtained":[{"floor":7.0,"key":"Pear"},{"floor":9.0,"key":"Mercury Hourglass"},{"floor":11.0,"key":"Art of War"},{"floor":24,"key":"Whetstone"},{"floor":26,"key":"Tiny Chest"}],"event_choices":[{"damage_healed":0.0,"max_hp_gain":0.0,"max_hp_loss":0.0,"gold_gain":0.0,"event_name":"Scrap Ooze","player_choice":"Success","floor":5.0,"gold_loss":0.0,"damage_taken":12.0,"relics_obtained":["Pen Nib"]},{"cards_removed":["Strike_B"],"damage_healed":0.0,"max_hp_gain":0.0,"max_hp_loss":0.0,"gold_gain":0.0,"event_name":"Bonfire Elementals","player_choice":"Offered Basic","floor":8.0,"gold_loss":0.0,"damage_taken":0.0},{"damage_healed":0,"gold_gain":0,"player_choice":"Shed Blood","damage_taken":21,"max_hp_gain":5,"max_hp_loss":0,"event_name":"Forgotten Altar","floor":28,"gold_loss":0}],"is_beta":false,"boss_relics":[{"not_picked":["Cursed Key","Philosopher\u0027s Stone"],"picked":"Sozu"}],"items_purged_floors":[21],"is_endless":false,"potions_floor_spawned":[2,11,13,16,18,24],"killed_by":"Centurion and Healer","ascension_level":9}}