{"host":"pkfmhpz6pauofcyi","time":1608950300,"event":{"mods":["AchievementEnabler","BaseMod","Better Third Choice","BetterRewards","Downfall","Hermit","Hubris","Infinite Spire","Minty Spire (QoL Compilation)","Replay The Spire","Shop Mod","StSLib","The Cursed","The Hierophant","The Necromancer","The Poker Player","The Runesmith"],"gold_per_floor":[99,109,126,144,244,273,273,273,45,45,30,30,80,98,110,207,207,207,225,236,286,347,400,400,450,502,514,439,499,499,549,609,744,744,744,797,848,908,924,974,974,674,684,697,697,697,722,772,772,772,772],"floor_reached":49,"playtime":17662,"items_purged":["Parasite"],"score":620,"play_id":"82a38f17-ba4a-40ea-99d8-77f931e88e22","local_time":"20201225203820","is_ascension_mode":true,"metric_token":1106,"campfire_choices":[{"data":"PokerPlayerMod:Spade1","floor":1,"key":"PURGE"},{"data":"PokerPlayerMod:Diamond3","floor":8,"key":"SMITH"},{"data":"PokerPlayerMod:Spade3","floor":10,"key":"SMITH"},{"data":"PokerPlayerMod:Heart2","floor":12,"key":"SMITH"},{"data":"PokerPlayerMod:Diamond1","floor":18,"key":"PURGE"},{"floor":28,"key":"REST"},{"data":"PokerPlayerMod:CardPrinter+1","floor":30,"key":"SMITH"},{"data":"PokerPlayerMod:CardPrinter+1","floor":45,"key":"SMITH"},{"floor":46,"key":"REST"}],"circlet_count":0,"master_deck":["PokerPlayerMod:Diamond4","PokerPlayerMod:Diamond4","PokerPlayerMod:Diamond5","PokerPlayerMod:Spade4","PokerPlayerMod:Spade4","PokerPlayerMod:BadJoker","PokerPlayerMod:Mulligan","PokerPlayerMod:Club4","PokerPlayerMod:SecondChance","PokerPlayerMod:Heart5","PokerPlayerMod:Club7","PokerPlayerMod:MagicTrick","PokerPlayerMod:Club4","PokerPlayerMod:Spade5","PokerPlayerMod:Diamond9","PokerPlayerMod:Spade4","PokerPlayerMod:Diamond7","PokerPlayerMod:Club4","PokerPlayerMod:MagicTrick","PokerPlayerMod:CardPrinter+2","PokerPlayerMod:Diamond8","PokerPlayerMod:Diamond10+","PokerPlayerMod:Diamond7","Poisoned Strike+1","PokerPlayerMod:Club7","PokerPlayerMod:Heart5","PokerPlayerMod:CardPrinter+2","PokerPlayerMod:Heart5","PokerPlayerMod:Club10+","PokerPlayerMod:Spade4","PokerPlayerMod:Heart4"],"relics":["PokerPlayerMod:DeckCase","downfall:CloakOfManyFaces","CultistMask","FaceOfCleric","NlothsMask","GremlinMask","SsserpentHead","Mirror","ReplayFunnel","Lizard Tail","Ring of Chaos","downfall:KnowingSkull","downfall:HeartBlessingBlue","Astrolabe","Kunai","Vajra"],"acts_visited":["Exordium","TheCity","TheBeyond"],"potions_floor_usage":[19,22,22,27,33,33,37,39],"damage_taken":[{"damage":4,"enemies":"Jaw Worm","floor":2,"turns":3},{"damage":0,"enemies":"Cultist","floor":3,"turns":2},{"damage":0,"enemies":"2 Louse","floor":4,"turns":1},{"damage":0,"enemies":"downfall:FaceTrader","floor":5,"turns":5},{"damage":11,"enemies":"Gremlin Nob","floor":6,"turns":4},{"damage":5,"enemies":"downfall:FleeingMerchant","floor":9,"turns":4},{"damage":5,"enemies":"downfall:FleeingMerchant","floor":11,"turns":4},{"damage":0,"enemies":"Exordium Wildlife","floor":14,"turns":1},{"damage":2,"enemies":"2 Fungi Beasts","floor":15,"turns":2},{"damage":47,"enemies":"downfall:Defect","floor":16,"turns":6},{"damage":12,"enemies":"Shell Parasite","floor":19,"turns":5},{"damage":3,"enemies":"Chosen","floor":20,"turns":4},{"damage":1,"enemies":"Centurion and Healer","floor":22,"turns":4},{"damage":3,"enemies":"Snake Plant","floor":23,"turns":2},{"damage":27,"enemies":"Shelled Parasite and Fungi","floor":26,"turns":4},{"damage":15,"enemies":"Snecko","floor":27,"turns":4},{"damage":3,"enemies":"Snake Plant","floor":29,"turns":3},{"damage":6,"enemies":"Chosen and Byrds","floor":32,"turns":4},{"damage":10,"enemies":"downfall:Silent","floor":33,"turns":8},{"damage":4,"enemies":"3 Darklings","floor":36,"turns":3},{"damage":3,"enemies":"3 Shapes","floor":37,"turns":2},{"damage":30,"enemies":"Writhing Mass","floor":38,"turns":3},{"damage":14,"enemies":"Maw","floor":39,"turns":8},{"damage":7,"enemies":"downfall:FleeingMerchant","floor":42,"turns":4},{"damage":28,"enemies":"Jaw Worm Horde","floor":43,"turns":2},{"damage":24,"enemies":"Writhing Mass","floor":44,"turns":5},{"damage":137,"enemies":"Nightmare","floor":47,"turns":15},{"damage":60,"enemies":"Transient","floor":49,"turns":4}],"seed_played":"13228395994471203","potions_obtained":[{"floor":4,"key":"ColorlessPotion"},{"floor":14,"key":"SpeedPotion"},{"floor":15,"key":"LiquidMemories"},{"floor":16,"key":"Dexterity Potion"},{"floor":20,"key":"Weak Potion"},{"floor":22,"key":"Doom Potion"},{"floor":26,"key":"PowerPotion"},{"floor":29,"key":"SkillPotion"},{"floor":32,"key":"Strength Potion"},{"floor":33,"key":"FearPotion"},{"floor":36,"key":"Toxic Potion"},{"floor":38,"key":"LiquidMemories"},{"floor":43,"key":"Weak Potion"}],"is_trial":false,"path_per_floor":["R","M","M","M","?","E","T","R","$","R","$","R","T","M","M","B",null,"R","M","M","?","M","M","T","?","M","M","R","M","R","?","M","B",null,"R","M","M","M","M","?","T","$","M","M","R","R","NM","?","M"],"character_chosen":"THE_POKER_PLAYER","items_purchased":["PokerPlayerMod:Club7","ReplayFunnel","PokerPlayerMod:Heart5","PokerPlayerMod:Club10+"],"campfire_rested":2,"item_purchase_floors":[9,9,42,42],"current_hp_per_floor":[52,48,51,52,52,42,42,42,41,41,50,50,50,51,53,11,58,58,47,57,53,61,62,62,56,42,38,70,75,75,75,76,74,77,77,74,72,43,45,45,45,64,49,51,51,75,19,19,0,0,0],"gold":772,"neow_bonus":"REMOVE_CARD","is_daily":false,"chose_seed":false,"campfire_upgraded":5,"win_rate":0.0,"timestamp":1608950300,"path_taken":["R","M","M","M","?","E","T","R","?","R","$","R","?","M","M","BOSS","R","M","M","?","?","M","T","?","M","M","R","M","R","?","M","BOSS","R","M","M","M","M","?","T","$","M","M","R","R","NM","?","M"],"items_purchased_type":["Card","Relic","Card","Undefined"],"build_version":"2020-12-22","purchased_purges":1,"victory":false,"max_hp_per_floor":[52,52,52,52,52,53,53,53,54,54,55,55,55,56,57,58,58,58,59,60,60,61,62,62,62,63,64,74,75,75,75,76,77,77,77,78,79,80,81,81,81,79,80,81,81,81,82,82,82,82,82],"card_choices":[{"not_picked":["PokerPlayerMod:DamnStraight","PokerPlayerMod:ClubsClub"],"picked":"PokerPlayerMod:Club4","floor":2},{"not_picked":["PokerPlayerMod:SpadeStrike","PokerPlayerMod:CloakAndDiamond","PokerPlayerMod:Club1"],"picked":"SKIP","floor":3},{"not_picked":["PokerPlayerMod:JackOfSpades","PokerPlayerMod:Trickery","PokerPlayerMod:Spade2"],"picked":"SKIP","floor":4},{"not_picked":["PokerPlayerMod:Trickery","PokerPlayerMod:Fold"],"picked":"PokerPlayerMod:SecondChance","floor":5},{"not_picked":["PokerPlayerMod:Club1","PokerPlayerMod:Spade2","PokerPlayerMod:RiskyBet"],"picked":"SKIP","floor":6},{"not_picked":["PokerPlayerMod:CloakAndDiamond","PokerPlayerMod:Diamond2"],"picked":"PokerPlayerMod:Heart5","floor":9},{"not_picked":["PokerPlayerMod:SecretDealer","PokerPlayerMod:ClubsClub"],"picked":"PokerPlayerMod:MagicTrick","floor":11},{"not_picked":["PokerPlayerMod:CardBurn","PokerPlayerMod:ClubsClub"],"picked":"PokerPlayerMod:Club4","floor":14},{"not_picked":["PokerPlayerMod:Raise","PokerPlayerMod:HeartStrike"],"picked":"PokerPlayerMod:Spade5","floor":15},{"not_picked":["PokerPlayerMod:FakeSymbols","PokerPlayerMod:WasteCollection"],"picked":"PokerPlayerMod:Diamond9","floor":16},{"not_picked":["PokerPlayerMod:Trickery+1","PokerPlayerMod:PoorCopy"],"picked":"PokerPlayerMod:Spade4","floor":19},{"not_picked":["PokerPlayerMod:Diamond1","PokerPlayerMod:SecondChance"],"picked":"PokerPlayerMod:Diamond7","floor":20},{"not_picked":["PokerPlayerMod:Extraction","PokerPlayerMod:Club1"],"picked":"PokerPlayerMod:Club4","floor":22},{"not_picked":["PokerPlayerMod:Fold","PokerPlayerMod:ClubsClub+1"],"picked":"PokerPlayerMod:MagicTrick","floor":23},{"not_picked":["PokerPlayerMod:Diamond2","PokerPlayerMod:Spade1","PokerPlayerMod:HotShotCut"],"picked":"SKIP","floor":26},{"not_picked":["PokerPlayerMod:Heart2","PokerPlayerMod:CardBurn+1"],"picked":"PokerPlayerMod:CardPrinter+1","floor":27},{"not_picked":["PokerPlayerMod:Diamond1","PokerPlayerMod:Club2","PokerPlayerMod:Heart1"],"picked":"SKIP","floor":29},{"not_picked":["PokerPlayerMod:DartThrow","PokerPlayerMod:Club2","PokerPlayerMod:CardBurn+1"],"picked":"SKIP","floor":32},{"not_picked":["PokerPlayerMod:ChangeRules","PokerPlayerMod:WasteCollection"],"picked":"PokerPlayerMod:Diamond8","floor":33},{"not_picked":["PokerPlayerMod:JackOfSpades","PokerPlayerMod:Diamond3"],"picked":"PokerPlayerMod:Club7","floor":36},{"not_picked":["PokerPlayerMod:CardBurn","PokerPlayerMod:ClubStrike+1","PokerPlayerMod:Diamond1"],"picked":"SKIP","floor":37},{"not_picked":["PokerPlayerMod:Spade3","PokerPlayerMod:RiskyBet","PokerPlayerMod:ClubShade"],"picked":"SKIP","floor":38},{"not_picked":["PokerPlayerMod:Spade3","PokerPlayerMod:RiskyBet","PokerPlayerMod:ClubShade"],"picked":"SKIP","floor":38},{"not_picked":["PokerPlayerMod:Club3","PokerPlayerMod:SpadeStrike"],"picked":"PokerPlayerMod:Heart5","floor":39},{"not_picked":["PokerPlayerMod:ClubShade","PokerPlayerMod:Trickery+1"],"picked":"PokerPlayerMod:CardPrinter+1","floor":42},{"not_picked":["PokerPlayerMod:Overdeal","PokerPlayerMod:Diamond1"],"picked":"PokerPlayerMod:Spade4","floor":43},{"not_picked":["PokerPlayerMod:CloakAndDiamond+1","PokerPlayerMod:WildCard"],"picked":"PokerPlayerMod:Heart4","floor":44},{"not_picked":["PokerPlayerMod:HotShotCut+1","PokerPlayerMod:Overdeal","PokerPlayerMod:DartThrow+1"],"picked":"SKIP","floor":47}],"player_experience":250989,"relics_obtained":[{"floor":5,"key":"downfall:CloakOfManyFaces"},{"floor":6,"key":"Mirror"},{"floor":13,"key":"Lizard Tail"},{"floor":41,"key":"Kunai"},{"floor":47,"key":"Vajra"}],"event_choices":[{"cards_removed":["PokerPlayerMod:TrumpStrike"],"damage_healed":0,"gold_gain":0,"player_choice":"Removed Attack","damage_taken":0,"max_hp_gain":0,"max_hp_loss":0,"event_name":"Falling","floor":40,"gold_loss":0},{"cards_removed":["PokerPlayerMod:RoyalStrike"],"damage_healed":0,"gold_gain":0,"player_choice":"Purged","damage_taken":0,"max_hp_gain":0,"max_hp_loss":0,"event_name":"Purifier","floor":48,"gold_loss":0}],"is_beta":false,"boss_relics":[{"not_picked":["infinitespire:Cupcake","hubris:Stopwatch"],"picked":"Ring of Chaos"},{"not_picked":["hubris:TerracottaHorce","Painkiller Herb"],"picked":"Astrolabe"}],"items_purged_floors":[42],"is_endless":false,"potions_floor_spawned":[4,14,15,16,20,22,26,29,32,33,36,38,43],"killed_by":"Transient","ascension_level":2}}