{"host":"reretk0dz0kj8f1n","time":1608957195,"event":{"mods":["Arknights The Spire","BaseMod","Colored Map","Minty Spire (QoL Compilation)","StSLib"],"gold_per_floor":[113,124,299,55,65,97,97,97,97,130,30,46,46,46,46,143,143,123,123,139,157,32,66,83,113,182,182,182,194,194,194,194,296,296,310,322,339,189,239,239,264,115,157,157,205,236,284,353,353,353],"floor_reached":51,"playtime":2717,"items_purged":["Doubt","ats:Defend","Regret","ats:Red Shift"],"score":755,"play_id":"3539fbb0-9a8f-43ce-863a-302d37176a06","local_time":"20201226133315","is_ascension_mode":false,"campfire_choices":[{"data":"ats:Healing Strengthening","floor":7,"key":"SMITH"},{"data":"ats:Emotion Absorption","floor":15,"key":"SMITH"},{"data":"ats:Shadow Assault","floor":30,"key":"SMITH"},{"data":"ats:Shadow Assault","floor":32,"key":"SMITH"},{"data":"ats:Composite Medical Shells","floor":40,"key":"SMITH"},{"data":"ats:Song Of Battle","floor":49,"key":"SMITH"}],"circlet_count":0,"master_deck":["ats:Emotion Absorption+1","ats:Shell Defense","ats:Shell Defense","ats:Healing Strengthening+1","ats:Hammer On","ats:Hammer On+1","ats:Shell Defense","ats:Roar Of Ursus","ats:Revitalization","ats:Composite Medical Shells+1","ats:Revitalization","ats:Shadow Assault+1","ats:Shadow Assault+1","ats:Apocalypse","ats:Spore Proliferation","ats:Roar Of Ursus","ats:Charging Defense","ats:Revitalization","ats:Shadow Raid","ats:Disruption Kick","ats:Blood Oath","ats:Song Of Battle+1","ats:Roar Of Ursus","ats:Healing Strengthening+1","ats:Revitalization","ats:Counter Healing Mode+1","Bandage Up","Thinking Ahead","Panacea","ats:Song Of Battle+1","ats:Chain Hook","ats:Thorns","ats:Assault Order+1"],"relics":["ats:Sanity","Ice Cream","ats:Originium","Nunchaku","Bottled Tornado","ats:Originium","Kunai","Potion Belt","SlaversCollar","Centennial Puzzle","ats:Originium","Orichalcum","Omamori","HornCleat","Pandora\u0027s Box","ats:Gyao","ats:Spiritual Recovery","Anchor","Boot","Prayer Wheel"],"acts_visited":["Exordium","TheCity","TheBeyond"],"potions_floor_usage":[4,6,10,18,47,47,48,50],"damage_taken":[{"damage":10,"enemies":"Cultist","floor":1,"turns":4},{"damage":0,"enemies":"2 Louse","floor":2,"turns":3},{"damage":1,"enemies":"Small Slimes","floor":5,"turns":4},{"damage":49,"enemies":"3 Sentries","floor":6,"turns":14},{"damage":23,"enemies":"Gremlin Nob","floor":10,"turns":5},{"damage":2,"enemies":"Blue Slaver","floor":12,"turns":4},{"damage":63,"enemies":"The Guardian","floor":16,"turns":13},{"damage":32,"enemies":"2 Thieves","floor":18,"turns":4},{"damage":33,"enemies":"Chosen","floor":20,"turns":8},{"damage":50,"enemies":"Shelled Parasite and Fungi","floor":21,"turns":8},{"damage":77,"enemies":"Slavers","floor":23,"turns":5},{"damage":38,"enemies":"Snecko","floor":24,"turns":7},{"damage":25,"enemies":"Gremlin Leader","floor":25,"turns":7},{"damage":26,"enemies":"3 Cultists","floor":29,"turns":5},{"damage":112,"enemies":"Champ","floor":33,"turns":15},{"damage":62,"enemies":"3 Darklings","floor":35,"turns":7},{"damage":76,"enemies":"Orb Walker","floor":36,"turns":8},{"damage":62,"enemies":"Sphere and 2 Shapes","floor":37,"turns":7},{"damage":28,"enemies":"Mind Bloom Boss Battle","floor":39,"turns":8},{"damage":55,"enemies":"Maw","floor":41,"turns":9},{"damage":91,"enemies":"Nemesis","floor":45,"turns":7},{"damage":36,"enemies":"4 Shapes","floor":46,"turns":7},{"damage":34,"enemies":"Reptomancer","floor":47,"turns":5},{"damage":22,"enemies":"Sphere and 2 Shapes","floor":48,"turns":6},{"damage":180,"enemies":"Awakened One","floor":50,"turns":14}],"seed_played":"-5073305192214606051","potions_obtained":[{"floor":2,"key":"Swift Potion"},{"floor":5,"key":"FearPotion"},{"floor":16,"key":"Swift Potion"},{"floor":20,"key":"ats:Emergency Sanity Potion"},{"floor":29,"key":"Fire Potion"},{"floor":35,"key":"Block Potion"},{"floor":36,"key":"PowerPotion"},{"floor":41,"key":"PowerPotion"},{"floor":46,"key":"ColorlessPotion"},{"floor":47,"key":"Ancient Potion"}],"is_trial":false,"path_per_floor":["M","M","?","$","M","E","R","?","T","E","$","M","?","$","R","B",null,"M","?","M","M","$","E","M","E","T","?","?","M","R","?","R","B",null,"M","M","M","$","?","R","M","$","T","?","E","M","E","M","R","B",null],"character_chosen":"DOCTOR_CLASS","items_purchased":["ats:Healing Strengthening","Fruit Juice","ats:Spiritual Recovery"],"campfire_rested":0,"item_purchase_floors":[4,4,42],"current_hp_per_floor":[55,55,55,60,59,58,58,44,44,37,37,44,44,44,44,62,70,45,45,56,70,70,25,46,70,70,70,70,59,59,59,59,46,70,70,53,70,70,70,70,70,70,70,60,70,59,70,70,70,58],"gold":353,"neow_bonus":"ONE_RARE_RELIC","is_daily":false,"chose_seed":false,"campfire_upgraded":6,"win_rate":0.0,"timestamp":1608957195,"path_taken":["M","?","?","$","M","E","R","?","T","E","$","M","?","?","R","BOSS","M","?","M","M","$","E","M","E","T","?","?","?","R","?","R","BOSS","M","M","M","?","?","R","M","$","T","?","E","M","E","M","R","BOSS"],"items_purchased_type":["Card","Potion","Relic"],"build_version":"2020-12-22","purchased_purges":4,"victory":true,"max_hp_per_floor":[65,65,65,70,70,70,70,70,70,70,70,70,70,70,70,70,70,70,70,70,70,70,70,70,70,70,70,70,70,70,70,70,70,70,70,70,70,70,70,70,70,70,70,70,70,70,70,70,70,70],"card_choices":[{"not_picked":["ats:Rapid Magazine","ats:Hammer On"],"picked":"ats:Shell Defense","floor":1},{"not_picked":["ats:Flame Of Heaven","ats:Cat Scratch"],"picked":"ats:Shell Defense","floor":2},{"not_picked":["ats:Flexible Camouflage","ats:Leaping Hammer"],"picked":"ats:Hammer On","floor":5},{"not_picked":["ats:Flexible Camouflage","ats:Childhood Dance"],"picked":"ats:Hammer On","floor":6},{"not_picked":["ats:Powerful Strike","ats:Rapid Magazine","ats:Ignite"],"picked":"SKIP","floor":10},{"not_picked":["ats:Powerful Strike","ats:Neurotoxin"],"picked":"ats:Shell Defense","floor":12},{"not_picked":["ats:Echo Reverb","ats:Dogmatic Field"],"picked":"ats:Roar Of Ursus","floor":16},{"not_picked":["ats:Thermite Blade","ats:Powerful Strike"],"picked":"ats:Revitalization","floor":18},{"not_picked":["ats:Shell Defense","ats:Revitalization"],"picked":"ats:Composite Medical Shells","floor":20},{"not_picked":["ats:Hook Shot","ats:Leaping Hammer"],"picked":"ats:Revitalization","floor":21},{"not_picked":["ats:Counter Healing Mode","ats:Curse Doll"],"picked":"ats:Shadow Assault","floor":23},{"not_picked":["ats:Neurotoxin","ats:Automatic Cover","ats:Flexible Camouflage"],"picked":"SKIP","floor":24},{"not_picked":["ats:Explosion Area Strengthen","ats:Leaping Hammer","ats:True Silver Slash"],"picked":"SKIP","floor":25},{"not_picked":["ats:Childhood Dance","ats:Cat Scratch"],"picked":"ats:Apocalypse","floor":29},{"not_picked":["ats:Fractured Body","ats:Dogmatic Field"],"picked":"ats:Roar Of Ursus","floor":33},{"not_picked":["ats:Ignite+1","ats:Leaping Hammer+1"],"picked":"ats:Song Of Battle+1","floor":35},{"not_picked":["ats:Curse Doll","ats:Soul Absorption+1"],"picked":"ats:Roar Of Ursus","floor":36},{"not_picked":["ats:Song Of Battle","ats:Explosion Area Strengthen"],"picked":"ats:Healing Strengthening+1","floor":37},{"not_picked":["ats:Assault Order","ats:Hammer On+1"],"picked":"ats:Revitalization","floor":39},{"not_picked":["ats:Defend Order+1","ats:Flame Of Heaven+1"],"picked":"ats:Counter Healing Mode+1","floor":41},{"not_picked":["Panacea","Dark Shackles"],"picked":"Bandage Up","floor":44},{"not_picked":["Dark Shackles","Transmutation"],"picked":"Thinking Ahead","floor":44},{"not_picked":["Jack Of All Trades","Transmutation"],"picked":"Panacea","floor":44},{"not_picked":["ats:Apocalypse+1","ats:Explosion Area Strengthen"],"picked":"ats:Song Of Battle","floor":45},{"not_picked":["ats:Shadow Raid","ats:Magnetic Hammer+1"],"picked":"ats:Chain Hook","floor":46},{"not_picked":["ats:LN2 Cannon+1","ats:Beaten Up+1"],"picked":"ats:Thorns","floor":47},{"not_picked":["ats:Shadow Raid","ats:Ignite+1"],"picked":"ats:Assault Order+1","floor":48},{"not_picked":["ats:Hammer On","ats:Shadow Raid","ats:Poison Spread+1"],"picked":"SKIP","floor":48}],"player_experience":244862,"relics_obtained":[{"floor":6,"key":"ats:Originium"},{"floor":6,"key":"Nunchaku"},{"floor":9,"key":"Bottled Tornado"},{"floor":10,"key":"ats:Originium"},{"floor":10,"key":"Kunai"},{"floor":23,"key":"ats:Originium"},{"floor":23,"key":"Orichalcum"},{"floor":25,"key":"Omamori"},{"floor":26,"key":"HornCleat"},{"floor":39,"key":"ats:Gyao"},{"floor":43,"key":"Anchor"},{"floor":45,"key":"Boot"},{"floor":47,"key":"Prayer Wheel"}],"event_choices":[{"damage_healed":0,"gold_gain":175,"player_choice":"AGREE","damage_taken":0,"max_hp_gain":0,"max_hp_loss":0,"event_name":"Liars Game","floor":3,"gold_loss":0,"cards_obtained":["Doubt"]},{"damage_healed":0,"gold_gain":0,"player_choice":"Entered Light","damage_taken":14,"max_hp_gain":0,"max_hp_loss":0,"event_name":"Shining Light","floor":8,"gold_loss":0,"cards_upgraded":["ats:Strike S","ats:Hammer On"]},{"damage_healed":0,"gold_gain":0,"player_choice":"Box","damage_taken":0,"relics_obtained":["Potion Belt"],"max_hp_gain":0,"max_hp_loss":0,"event_name":"Big Fish","floor":13,"gold_loss":0,"cards_obtained":["Regret"]},{"damage_healed":0,"gold_gain":0,"player_choice":"Opened","damage_taken":0,"relics_obtained":["Centennial Puzzle"],"max_hp_gain":0,"max_hp_loss":0,"event_name":"The Mausoleum","floor":19,"gold_loss":0},{"damage_healed":0,"gold_gain":0,"cards_transformed":["ats:Strike C","ats:Strike V"],"player_choice":"Became Test Subject","damage_taken":0,"max_hp_gain":0,"max_hp_loss":0,"event_name":"Drug Dealer","floor":27,"gold_loss":0,"cards_obtained":["ats:Red Shift","ats:Shadow Assault"]},{"damage_healed":0,"gold_gain":0,"player_choice":"Full Heal","damage_taken":0,"max_hp_gain":0,"max_hp_loss":0,"event_name":"Wheel of Change","floor":28,"gold_loss":0},{"damage_healed":0,"gold_gain":0,"cards_transformed":["ats:Armor Crushing Shot"],"player_choice":"Transformed","damage_taken":0,"max_hp_gain":0,"max_hp_loss":0,"event_name":"Transmorgrifier","floor":31,"gold_loss":0,"cards_obtained":["ats:Spore Proliferation"]},{"damage_healed":0,"gold_gain":0,"player_choice":"Fight","damage_taken":0,"max_hp_gain":0,"max_hp_loss":0,"event_name":"MindBloom","floor":39,"gold_loss":0},{"damage_healed":0,"gold_gain":0,"player_choice":"Memory 3","damage_taken":10,"max_hp_gain":0,"max_hp_loss":0,"event_name":"SensoryStone","floor":44,"gold_loss":0}],"is_beta":false,"boss_relics":[{"not_picked":["Velvet Choker","Cursed Key"],"picked":"SlaversCollar"},{"not_picked":["Philosopher\u0027s Stone","Fusion Hammer"],"picked":"Pandora\u0027s Box"}],"items_purged_floors":[4,11,22,38],"is_endless":false,"potions_floor_spawned":[2,5,16,20,29,35,36,41,46,47],"ascension_level":0}}