{"host":"od099uxc49ip1k8b","time":1608991894,"event":{"mods":["AchievementEnabler","Act Like it!","BaseMod","Downfall","Friendly Minions","Gensokyo","Hermit","Highlight Path","Koishi","KomeijiMod","Marisa????????","Minty Spire (QoL Compilation)","Quick Restart","Rare Cards Sparkle","Reimu??????","Remilia??????","StSLib","Td1madao Mod","The Administrix","The Alterego","The Animator","The Cursed","The Gatherer","The Servant 0.9.4","The Wild Card","Waifu the Spire","WarShipGirlsR/????R mod","Yohane!","Yuyuko"],"gold_per_floor":[111,111,131,62,73,90,90,108,108,119,119,137,147,166,166,261,311,329,329,329],"floor_reached":19,"playtime":2237,"items_purged":[],"score":190,"play_id":"da78ea77-1acd-411d-b28f-4ad8ab0394c4","local_time":"20201226091134","is_ascension_mode":false,"campfire_choices":[{"data":"CareerPray:ReiMu","floor":7,"key":"SMITH"},{"data":"PrayRite:ReiMu","floor":11,"key":"SMITH"},{"floor":15,"key":"REST"}],"circlet_count":0,"master_deck":["Strike_Lin:ReiMu","Strike_Lin:ReiMu","Strike_Lin:ReiMu","Defend_Lin:ReiMu","Defend_Lin:ReiMu","Defend_Lin:ReiMu+1","Defend_Lin:ReiMu","NB:ReiMu","Stagnation:ReiMu","Amulet:ReiMu","TightArray:ReiMu","AirManeuver:ReiMu","CareerPray:ReiMu+1","EmergencyTakeOff:ReiMu","AirStrike:ReiMu","PrayRite:ReiMu+1","SpringWay:ReiMu","SpreadBorder2:ReiMu","Authority:ReiMu","RainPray2:ReiMu"],"relics":["FlyPower:ReiMu","Kunai","Tiny House"],"acts_visited":["Exordium","TheCity"],"potions_floor_usage":[6,16,16,17],"damage_taken":[{"damage":9,"enemies":"Jaw Worm","floor":1,"turns":7},{"damage":7,"enemies":"Cultist","floor":3,"turns":8},{"damage":0,"enemies":"Small Slimes","floor":5,"turns":4},{"damage":0,"enemies":"Blue Slaver","floor":6,"turns":7},{"damage":12,"enemies":"Large Slime","floor":8,"turns":10},{"damage":1,"enemies":"Exordium Wildlife","floor":10,"turns":6},{"damage":0,"enemies":"2 Fungi Beasts","floor":12,"turns":4},{"damage":12,"enemies":"Gremlin Gang","floor":13,"turns":6},{"damage":0,"enemies":"Large Slime","floor":14,"turns":4},{"damage":24,"enemies":"The Guardian","floor":16,"turns":11},{"damage":12,"enemies":"Shell Parasite","floor":18,"turns":9},{"damage":0,"enemies":"2 Thieves","floor":19,"turns":1}],"seed_played":"-7798350042417206488","potions_obtained":[{"floor":1,"key":"Block Potion"},{"floor":6,"key":"Fruit Juice"},{"floor":8,"key":"DistilledChaos"},{"floor":13,"key":"FearPotion"},{"floor":16,"key":"sneckomod:MuddlingPotion"},{"floor":17,"key":"Fruit Juice"}],"is_trial":false,"path_per_floor":["M","?","M","$","M","M","R","M","T","M","R","M","M","M","R","B",null,"M","M"],"character_chosen":"REIMU","items_purchased":["AirManeuver:ReiMu"],"campfire_rested":1,"item_purchase_floors":[4],"current_hp_per_floor":[62,62,55,55,55,60,60,48,48,47,47,47,35,35,57,33,86,74,74,74],"gold":329,"neow_bonus":"TEN_PERCENT_HP_BONUS","is_daily":false,"chose_seed":false,"campfire_upgraded":2,"win_rate":0.0,"timestamp":1608991894,"path_taken":["M","?","M","$","M","M","R","M","T","M","R","?","M","M","R","BOSS","M","M"],"items_purchased_type":["Card"],"build_version":"2020-12-22","purchased_purges":0,"victory":false,"max_hp_per_floor":[71,71,71,71,71,76,76,76,76,76,76,76,76,76,76,76,86,86,86,86],"card_choices":[{"not_picked":["FantasyBorder:ReiMu","UpKicking:ReiMu"],"picked":"Amulet:ReiMu","floor":1},{"not_picked":["KamiSacrifice:ReiMu","EmergencyTakeOff:ReiMu"],"picked":"TightArray:ReiMu","floor":3},{"not_picked":["YinYangSange:ReiMu","AlertArray:ReiMu"],"picked":"CareerPray:ReiMu","floor":5},{"not_picked":["PhosphorusFlame:ReiMu","FineLineFantasy:ReiMu"],"picked":"EmergencyTakeOff:ReiMu","floor":6},{"not_picked":["Intuition:ReiMu","FineLineFantasy:ReiMu"],"picked":"AirStrike:ReiMu","floor":8},{"not_picked":["ForcedLanding:ReiMu","OrbThrow:ReiMu"],"picked":"PrayRite:ReiMu","floor":10},{"not_picked":["PhosphorusFlame:ReiMu","YinYangSign:ReiMu"],"picked":"SpringWay:ReiMu","floor":12},{"not_picked":["SubcavityInstant:ReiMu","Conquer:ReiMu","SpreadBorder2:ReiMu"],"picked":"SKIP","floor":13},{"not_picked":["RainPray2:ReiMu","WonderfulDomain:ReiMu"],"picked":"SpreadBorder2:ReiMu","floor":14},{"not_picked":["Dreaming:ReiMu","BlastKick2:ReiMu"],"picked":"Authority:ReiMu","floor":16},{"not_picked":["EmergencyTakeOff:ReiMu","PassingAway:ReiMu"],"picked":"RainPray2:ReiMu","floor":17},{"not_picked":["TakeOff:ReiMu","KamiSacrifice:ReiMu","Enchanting:ReiMu"],"picked":"SKIP","floor":18}],"player_experience":125491,"relics_obtained":[{"floor":9,"key":"Kunai"}],"event_choices":[{"cards_removed":["Strike_Lin:ReiMu"],"damage_healed":0,"gold_gain":0,"player_choice":"Offered Basic","damage_taken":0,"max_hp_gain":0,"max_hp_loss":0,"event_name":"Bonfire Elementals","floor":2,"gold_loss":0}],"is_beta":false,"boss_relics":[{"not_picked":["Runic Dome","Coffee Dripper"],"picked":"Tiny House"}],"items_purged_floors":[],"is_endless":false,"potions_floor_spawned":[1,6,8,13,16],"killed_by":"2 Thieves","ascension_level":0}}