{"host":"uwh382mre4waz4ff","time":1608983378,"event":{"mods":["AchievementEnabler","BaseMod","Better Note","Better Third Choice","BetterRewards","Minty Spire (QoL Compilation)","Quick Restart","Shop Mod","StSLib"],"gold_per_floor":[113,113,113,162,179,179,189,189,189,205,205,223,234,254,254,254,254],"floor_reached":16,"playtime":893,"items_purged":["Strike_G"],"score":94,"play_id":"d1c23f4f-68d4-418d-9047-f63fc3a4bf37","local_time":"20201226194938","is_ascension_mode":false,"campfire_choices":[{"data":"Backflip","floor":6,"key":"SMITH"},{"data":"Bullet Time","floor":15,"key":"SMITH"}],"circlet_count":0,"master_deck":["Strike_G","Strike_G","Strike_G","Defend_G","Defend_G","Defend_G","Survivor","Dagger Throw","Escape Plan","Backflip+1","Acrobatics","Catalyst","Backflip","Bullet Time+1"],"relics":["Ring of the Snake","Odd Mushroom","Mango","Happy Flower","Gambling Chip","Pen Nib"],"acts_visited":["Exordium"],"potions_floor_usage":[14],"damage_taken":[{"damage":2,"enemies":"Small Slimes","floor":1,"turns":3},{"damage":3,"enemies":"Jaw Worm","floor":5,"turns":3},{"damage":2,"enemies":"2 Louse","floor":7,"turns":3},{"damage":12,"enemies":"Exordium Thugs","floor":10,"turns":6},{"damage":5,"enemies":"Blue Slaver","floor":12,"turns":4},{"damage":2,"enemies":"Red Slaver","floor":13,"turns":4},{"damage":12,"enemies":"Gremlin Gang","floor":14,"turns":5},{"damage":14,"enemies":"Slime Boss","floor":16,"turns":3}],"seed_played":"4847664700689473776","potions_obtained":[{"floor":8,"key":"DistilledChaos"},{"floor":8,"key":"Swift Potion"},{"floor":8,"key":"Strength Potion"},{"floor":13,"key":"DuplicationPotion"},{"floor":14,"key":"LiquidMemories"}],"is_trial":false,"path_per_floor":["M","?","T","T","M","R","M","?","T","M","?","M","M","M","R","B"],"character_chosen":"THE_SILENT","items_purchased":[],"campfire_rested":0,"item_purchase_floors":[],"current_hp_per_floor":[36,36,50,50,47,47,45,45,45,33,33,28,26,14,14,0,0],"gold":254,"neow_bonus":"","is_daily":false,"chose_seed":false,"campfire_upgraded":2,"win_rate":0.0,"timestamp":1608983378,"path_taken":["M","?","?","?","M","R","M","?","T","?","?","M","M","?","R","BOSS"],"items_purchased_type":[],"build_version":"2020-12-22","purchased_purges":1,"victory":false,"max_hp_per_floor":[65,65,79,79,79,79,79,79,79,79,79,79,79,79,79,79,79],"card_choices":[{"not_picked":["Quick Slash","Skewer"],"picked":"Backflip","floor":1},{"not_picked":["Blade Dance","Dagger Throw"],"picked":"Acrobatics","floor":5},{"not_picked":["Blade Dance","Outmaneuver","Poisoned Stab"],"picked":"SKIP","floor":7},{"not_picked":["Dagger Throw","Dagger Spray"],"picked":"Catalyst","floor":10},{"not_picked":["Flying Knee","Expertise"],"picked":"Backflip","floor":12},{"not_picked":["Prepared","Bouncing Flask"],"picked":"Bullet Time","floor":13},{"not_picked":["Dodge and Roll","Finisher","Dagger Throw"],"picked":"SKIP","floor":14}],"player_experience":93283,"relics_obtained":[{"floor":3,"key":"Mango"},{"floor":4,"key":"Happy Flower"},{"floor":9,"key":"Gambling Chip"}],"event_choices":[{"damage_healed":0,"gold_gain":0,"player_choice":"Ignored","damage_taken":113,"max_hp_gain":0,"max_hp_loss":0,"event_name":"betterThird:BetterSerpent","floor":2,"gold_loss":0},{"damage_healed":0,"gold_gain":0,"player_choice":"Got Potions","damage_taken":0,"max_hp_gain":0,"max_hp_loss":0,"event_name":"Lab","floor":8,"gold_loss":0},{"cards_removed":["Flying Knee"],"damage_healed":0,"gold_gain":0,"player_choice":"Gave Card","damage_taken":0,"relics_obtained":["Pen Nib"],"max_hp_gain":0,"max_hp_loss":0,"event_name":"WeMeetAgain","floor":11,"gold_loss":0}],"is_beta":false,"boss_relics":[],"items_purged_floors":[0],"is_endless":false,"potions_floor_spawned":[13,14],"killed_by":"Slime Boss","ascension_level":0}}