{"host":"4nqeo0vu1vuav7gg","time":1608983238,"event":{"mods":["AchievementEnabler","BaseMod","Block Reminder","Colored Map","Colored Powertips","Highlight Path","Minty Spire (QoL Compilation)","Quick Restart","Rare Cards Sparkle","Relic Relevance Reorder","StSLib"],"gold_per_floor":[116,136,146,166,47,74,74,15,65,23,23,23,43,70,70,142,142,160,160,171,8,25,53,53,132,132,132,145,145,180,197,197,276,276,288,288,298,298,323,323,335,369,369,369,369,369,369],"floor_reached":46,"playtime":2290,"items_purged":["Strike_B"],"score":989,"play_id":"6bb81324-faf5-48bb-8d45-21e9129e1359","local_time":"20201226124718","is_ascension_mode":true,"campfire_choices":[{"data":"Biased Cognition","floor":7.0,"key":"SMITH"},{"data":"Defragment","floor":12.0,"key":"SMITH"},{"data":"Defragment","floor":15.0,"key":"SMITH"},{"floor":24.0,"key":"REST"},{"data":"Fission","floor":27.0,"key":"SMITH"},{"floor":32.0,"key":"REST"},{"data":"Zap","floor":40.0,"key":"SMITH"},{"floor":45.0,"key":"REST"}],"circlet_count":0,"master_deck":["AscendersBane","Strike_B","Strike_B","Defend_B","Defend_B","Defend_B","Defend_B","Zap+1","Dualcast","Barrage","Conserve Battery","Self Repair","Reinforced Body","Loop","Chill","Biased Cognition+1","Defragment+1","Ball Lightning","Coolheaded","Defragment+1","Fission+1","Beam Cell","Coolheaded+1","Cold Snap","Chill","Coolheaded","Rebound","Rainbow","Doom and Gloom","Electrodynamics","Static Discharge+1","Writhe","Storm+1","Parasite","Chill","Undo+1","Dramatic Entrance"],"relics":["FrozenCore","Gremlin Horn","Inserter","Mercury Hourglass","Lantern","NeowsBlessing","Bag of Marbles","Anchor","Question Card","The Courier","Tiny Chest","Potion Belt"],"acts_visited":["Exordium","TheCity","TheBeyond"],"potions_floor_usage":[46,46],"damage_taken":[{"damage":0.0,"enemies":"Cultist","floor":1.0,"turns":1.0},{"damage":0.0,"enemies":"Small Slimes","floor":2.0,"turns":1.0},{"damage":0.0,"enemies":"Jaw Worm","floor":3.0,"turns":1.0},{"damage":14.0,"enemies":"Blue Slaver","floor":4.0,"turns":4.0},{"damage":17.0,"enemies":"3 Sentries","floor":6.0,"turns":12.0},{"damage":1.0,"enemies":"Large Slime","floor":13.0,"turns":5.0},{"damage":0.0,"enemies":"Gremlin Nob","floor":14.0,"turns":4.0},{"damage":31.0,"enemies":"Slime Boss","floor":16.0,"turns":10.0},{"damage":15.0,"enemies":"2 Thieves","floor":18.0,"turns":3.0},{"damage":16.0,"enemies":"Shell Parasite","floor":20.0,"turns":6.0},{"damage":0.0,"enemies":"Chosen and Byrds","floor":22.0,"turns":10.0},{"damage":30.0,"enemies":"Slavers","floor":23.0,"turns":7.0},{"damage":7.0,"enemies":"Snecko","floor":28.0,"turns":7.0},{"damage":7.0,"enemies":"Gremlin Leader","floor":30.0,"turns":9.0},{"damage":24.0,"enemies":"Shelled Parasite and Fungi","floor":31.0,"turns":6.0},{"damage":3.0,"enemies":"Automaton","floor":33.0,"turns":12.0},{"damage":12.0,"enemies":"Orb Walker","floor":35.0,"turns":5.0},{"damage":10.0,"enemies":"3 Darklings","floor":37.0,"turns":5.0},{"damage":24.0,"enemies":"Writhing Mass","floor":41.0,"turns":6.0},{"damage":17.0,"enemies":"Reptomancer","floor":42.0,"turns":5.0},{"damage":54,"enemies":"Giant Head","floor":46,"turns":9}],"seed_played":"-1167345016335369415","potions_obtained":[{"floor":1.0,"key":"LiquidBronze"},{"floor":4.0,"key":"GamblersBrew"},{"floor":6.0,"key":"Energy Potion"},{"floor":18.0,"key":"Swift Potion"},{"floor":30.0,"key":"FearPotion"},{"floor":33.0,"key":"EssenceOfSteel"},{"floor":41.0,"key":"Explosive Potion"},{"floor":42.0,"key":"Dexterity Potion"}],"is_trial":false,"path_per_floor":["M","M","M","M","$","E","R","$","T","$","?","R","M","E","R","B",null,"M","?","M","$","M","E","R","T","T","R","M","?","E","M","R","B",null,"M","?","M","?","T","R","M","E","T","?","R","E"],"character_chosen":"DEFECT","items_purchased":["Loop","Chill","Defragment","Ball Lightning","Cold Snap","Chill"],"campfire_rested":3,"item_purchase_floors":[5,5,8,10,21,21],"current_hp_per_floor":[64,64,64,57,57,47,47,47,47,47,47,47,53,60,60,29,61,46,46,30,30,37,14,35,35,35,35,35,35,35,18,39,36,62,50,64,61,61,61,61,44,27,27,27,48,0,0],"gold":369,"neow_bonus":"THREE_ENEMY_KILL","is_daily":false,"chose_seed":false,"campfire_upgraded":5,"win_rate":0.0,"timestamp":1608983238,"path_taken":["M","?","M","?","$","E","R","$","T","$","?","R","M","E","R","BOSS","M","?","?","$","M","E","R","?","T","R","M","?","E","M","R","BOSS","M","?","M","?","?","R","M","E","T","?","R","E"],"items_purchased_type":["Card","Card","Card","Card","Card","Card"],"build_version":"2020-12-22","purchased_purges":1,"victory":false,"max_hp_per_floor":[71,71,71,71,71,71,71,71,71,71,71,71,71,71,71,71,71,71,71,71,71,71,71,71,71,71,71,71,71,71,71,71,71,71,71,71,71,71,71,71,71,71,71,71,71,71,71],"card_choices":[{"not_picked":["Stack","Leap"],"picked":"Barrage","floor":1.0},{"not_picked":["Barrage","Tempest"],"picked":"Conserve Battery","floor":2.0},{"not_picked":["Sweeping Beam","Hello World"],"picked":"Self Repair","floor":3.0},{"not_picked":["Fusion","Blizzard"],"picked":"Reinforced Body","floor":4.0},{"not_picked":["Reboot","Barrage"],"picked":"Biased Cognition","floor":6.0},{"not_picked":["Cold Snap","FTL"],"picked":"Coolheaded","floor":13.0},{"not_picked":["Self Repair","Melter"],"picked":"Defragment","floor":14.0},{"not_picked":["Rainbow","All For One"],"picked":"Fission","floor":16.0},{"not_picked":["Recycle","Gash","Redo"],"picked":"SKIP","floor":18.0},{"not_picked":["Streamline+1","Recycle"],"picked":"Coolheaded+1","floor":20.0},{"not_picked":["Storm","Sweeping Beam"],"picked":"Coolheaded","floor":22.0},{"not_picked":["Rip and Tear","Multi-Cast","Steam"],"picked":"SKIP","floor":23.0},{"not_picked":["Conserve Battery","Streamline","Ball Lightning"],"picked":"Rebound","floor":28.0},{"not_picked":["Fusion","Conserve Battery","Coolheaded"],"picked":"Rainbow","floor":30.0},{"not_picked":["Hologram","Sweeping Beam","White Noise"],"picked":"Doom and Gloom","floor":31.0},{"not_picked":["All For One","Creative AI","Meteor Strike"],"picked":"Electrodynamics","floor":33.0},{"not_picked":["Conserve Battery","Beam Cell","Sweeping Beam"],"picked":"Static Discharge+1","floor":35.0},{"not_picked":["Recycle","Static Discharge","Hologram"],"picked":"Storm+1","floor":37.0},{"not_picked":["Compile Driver","Steam Power","Hologram"],"picked":"Chill","floor":41.0},{"not_picked":["Steam","Steam Power","Leap"],"picked":"Undo+1","floor":42.0},{"not_picked":["Apotheosis","Finesse","Secret Weapon"],"picked":"Dramatic Entrance","floor":44.0}],"player_experience":1009788,"relics_obtained":[{"floor":6.0,"key":"The Courier"},{"floor":9.0,"key":"Tiny Chest"},{"floor":14.0,"key":"Bag of Marbles"},{"floor":23.0,"key":"Question Card"},{"floor":26.0,"key":"Mercury Hourglass"},{"floor":30.0,"key":"Potion Belt"},{"floor":39.0,"key":"Lantern"},{"floor":42.0,"key":"Gremlin Horn"},{"floor":43.0,"key":"Anchor"}],"event_choices":[{"damage_healed":0.0,"max_hp_gain":0.0,"max_hp_loss":0.0,"gold_gain":0.0,"event_name":"Shining Light","player_choice":"Ignored","floor":11.0,"gold_loss":0.0,"damage_taken":0.0},{"damage_healed":0.0,"max_hp_gain":0.0,"max_hp_loss":0.0,"gold_gain":0.0,"event_name":"Match and Keep!","player_choice":"1 cards matched","floor":19.0,"gold_loss":0.0,"damage_taken":0.0,"cards_obtained":["Beam Cell"]},{"cards_removed":["Strike_B"],"damage_healed":0.0,"max_hp_gain":0.0,"max_hp_loss":0.0,"gold_gain":0.0,"event_name":"Back to Basics","player_choice":"Elegance","floor":29.0,"gold_loss":0.0,"damage_taken":0.0},{"damage_healed":14.0,"max_hp_gain":0.0,"max_hp_loss":0.0,"gold_gain":0.0,"event_name":"Winding Halls","player_choice":"Writhe","floor":36.0,"gold_loss":0.0,"damage_taken":0.0,"cards_obtained":["Writhe"]},{"damage_healed":0.0,"max_hp_gain":0.0,"max_hp_loss":0.0,"gold_gain":0.0,"event_name":"Tomb of Lord Red Mask","player_choice":"Ignored","floor":38.0,"gold_loss":0.0,"damage_taken":0.0},{"damage_healed":0.0,"max_hp_gain":0.0,"max_hp_loss":0.0,"gold_gain":0.0,"event_name":"SensoryStone","player_choice":"Memory 1","floor":44.0,"gold_loss":0.0,"damage_taken":0.0}],"is_beta":false,"boss_relics":[{"not_picked":["SacredBark","Fusion Hammer"],"picked":"Inserter"},{"not_picked":["Busted Crown","Sozu"],"picked":"FrozenCore"}],"items_purged_floors":[21],"is_endless":false,"potions_floor_spawned":[1,4,6,13,18,30,33,41,42],"killed_by":"Giant Head","ascension_level":17}}