{"host":"u9xtr94typ21duox","time":1608972775,"event":{"mods":["BaseMod","Key Reminder","KinomotoSakuraMod(木之本樱)","LagranYue(拉格朗・月)","Marisa（F雨　魔理沙）","Minty Spire (QoL Compilation)","Reimu（博丽灵梦）","Remilia（蕾米莉亚）","Replay The Spire","StSLib","Td1madao Mod","The Administrix","The Bladedancer","The Bug Knight","The Construct","The Cursed","The Gatherer","The Runesmith","The Servant 0.9.4","WarShipGirlsR/战舰少女R mod","Youmu（魂魄妖梦）","vexMod"],"gold_per_floor":[114,128,303,228,228,263,263,263,263,288,298,315,38,68,68,166,166,186,186,197,217,228,228,242,274,274,309,325,353,353,381,381,480,480,492,367,378,429,76,111,111,140,140,171,186,186,204,233,233,233,233,233,136,163,163],"floor_reached":56,"playtime":2881,"items_purged":["Doubt","Strike_R","Defend_R","Strike_R","Strike_R"],"score":1674,"play_id":"9f9f016a-0da6-41a3-a9de-df8d4c082905","local_time":"20201226165255","is_ascension_mode":true,"campfire_choices":[{"data":"Bash","floor":7,"key":"SMITH"},{"data":"Defend_R","floor":15,"key":"PURGE"},{"data":"ReplayTheSpireMod:LeadingStrike","floor":23,"key":"SMITH"},{"data":"True Grit","floor":32,"key":"SMITH"},{"floor":41,"key":"RECALL"},{"floor":49,"key":"DIG"},{"floor":52,"key":"REST"}],"circlet_count":0,"master_deck":["Defend_R+1","Defend_R+1","Bash+1","Battle Trance+1","Rampage","Dropkick","ReplayTheSpireMod:LeadingStrike+1","Shrug It Off","Double Tap+1","ReplayTheSpireMod:Strike From Hell+1","Battle Trance+1","True Grit+1","Barricade","Armaments+1","Flash of Steel","Mayhem","True Grit","Enlightenment"],"relics":["Burning Blood","LagranYue:RandomDrawCardRelic","NeowsBlessing","CrazyTorch:ReiMu","Iron Hammer","Kunai","Paper Frog","Pen Nib","vexMod:TanglingVine","Strawberry","Durian","Counterbalance","War Paint","Replay:Grab Bag","Ooze Armor","Fusion Hammer","Empty Cage","vexMod:BigBerry","CatCart","Membership Card","Ice Cream","Anchor","Bag of Preparation","Ginger","ReplayTheSpireMod:Shallot","Pet Ghost","BargainBundle","Replay:Bottled Eggs"],"acts_visited":["Exordium","TheCity","TheBeyond","TheEnding"],"potions_floor_usage":[25,31,55,55,55,55,55,55],"damage_taken":[{"damage":0,"enemies":"Cultist","floor":1,"turns":1},{"damage":0,"enemies":"2 Louse","floor":2,"turns":1},{"damage":0,"enemies":"Lagavulin","floor":6,"turns":1},{"damage":2,"enemies":"Gremlin Nob","floor":10,"turns":3},{"damage":2,"enemies":"Small Slimes","floor":11,"turns":3},{"damage":0,"enemies":"Blue Slaver","floor":12,"turns":2},{"damage":2,"enemies":"3 Sentries","floor":14,"turns":7},{"damage":2,"enemies":"The Guardian","floor":16,"turns":6},{"damage":4,"enemies":"Spheric Guardian","floor":18,"turns":3},{"damage":0,"enemies":"2 Thieves","floor":20,"turns":4},{"damage":16,"enemies":"Shelled Parasite and Fungi","floor":21,"turns":4},{"damage":11,"enemies":"Snecko","floor":22,"turns":4},{"damage":4,"enemies":"Cultist and Chosen","floor":24,"turns":3},{"damage":15,"enemies":"Book of Stabbing","floor":25,"turns":4},{"damage":9,"enemies":"HollowMod:Nosk","floor":27,"turns":4},{"damage":8,"enemies":"Snake Plant","floor":28,"turns":4},{"damage":2,"enemies":"Replay:Snechameleon","floor":29,"turns":7},{"damage":4,"enemies":"Gremlin Leader","floor":31,"turns":4},{"damage":16,"enemies":"Champ","floor":33,"turns":8},{"damage":0,"enemies":"3 Shapes","floor":35,"turns":6},{"damage":1,"enemies":"Orb Walker","floor":37,"turns":3},{"damage":55,"enemies":"Orin","floor":38,"turns":7},{"damage":1,"enemies":"Nemesis","floor":40,"turns":5},{"damage":0,"enemies":"HollowMod:StalkingDevout","floor":42,"turns":5},{"damage":0,"enemies":"R_Hoarder","floor":44,"turns":7},{"damage":33,"enemies":"Jaw Worm Horde","floor":45,"turns":3},{"damage":13,"enemies":"4 Shapes","floor":47,"turns":4},{"damage":0,"enemies":"Giant Head","floor":48,"turns":4},{"damage":0,"enemies":"Time Eater","floor":50,"turns":9},{"damage":0,"enemies":"Shield and Spear","floor":54,"turns":5},{"damage":58,"enemies":"The Heart","floor":55,"turns":7}],"seed_played":"5197816736085788572","potions_obtained":[{"floor":1,"key":"LiquidBronze"},{"floor":2,"key":"Venom Potion"},{"floor":16,"key":"AttackPotion"},{"floor":20,"key":"CultistPotion"},{"floor":25,"key":"BloodPotion"},{"floor":29,"key":"SkillPotion"},{"floor":33,"key":"FairyPotion"},{"floor":38,"key":"EntropicBrew"}],"is_trial":false,"path_per_floor":["M","M","?","$","?","E","R","T","T","E","M","M","$","E","R","B",null,"M","?","M","M","M","R","M","E","T","E","M","E","?","E","R","B",null,"M","$","M","?","$","E","R","E","T","E","M","?","M","E","R","B",null,"R","$","E","B",null],"character_chosen":"IRONCLAD","items_purchased":["Dropkick","ReplayTheSpireMod:LeadingStrike","Shrug It Off","Membership Card","Flash of Steel","Mayhem","BargainBundle","Enlightenment","DuplicationPotion"],"campfire_rested":1,"item_purchase_floors":[13,13,13,39,39,39,53,53,53],"current_hp_per_floor":[80,80,80,80,80,80,80,80,80,80,80,80,80,80,80,80,80,80,80,80,70,65,65,67,65,65,70,72,79,79,81,81,75,136,139,139,139,90,90,95,95,104,104,121,98,98,91,97,97,103,146,146,146,146,94],"gold":163,"neow_bonus":"THREE_ENEMY_KILL","is_daily":false,"chose_seed":false,"campfire_upgraded":3,"win_rate":0.0,"timestamp":1608972775,"path_taken":["M","?","?","$","?","E","R","?","T","E","M","M","?","E","R","BOSS","M","?","?","M","M","R","M","E","T","E","M","E","?","E","R","BOSS","M","$","M","?","$","E","R","E","T","E","M","?","M","E","R","BOSS","R","$","E","BOSS"],"items_purchased_type":["Card","Card","Card","Relic","Card","Card","Relic","Card","Potion"],"build_version":"2020-12-22","purchased_purges":5,"victory":true,"max_hp_per_floor":[80,80,80,80,80,80,80,80,80,80,80,80,80,80,80,80,80,80,80,80,80,80,80,80,87,87,95,99,102,102,102,102,106,136,139,139,139,139,139,139,139,142,142,142,146,146,146,146,146,146,146,146,146,146,146],"card_choices":[{"not_picked":["Burning Pact","ReplayTheSpireMod:Stacked","True Grit"],"picked":"SKIP","floor":1},{"not_picked":["Heavy Blade","Cleave","Warcry"],"picked":"SKIP","floor":2},{"not_picked":["Fire Breathing","Twin Strike"],"picked":"Battle Trance","floor":6},{"not_picked":["Seeing Red","Disarm","Sever Soul"],"picked":"SKIP","floor":10},{"not_picked":["Cleave","Sword Boomerang"],"picked":"Rampage","floor":11},{"not_picked":["Armaments","Anger","Sword Boomerang"],"picked":"SKIP","floor":12},{"not_picked":["Clothesline","Replay:Undeath\u0027s Touch","Sever Soul"],"picked":"SKIP","floor":14},{"not_picked":["Eclipse","Corruption"],"picked":"Double Tap","floor":16},{"not_picked":["Cleave","True Grit","Rampage"],"picked":"SKIP","floor":18},{"not_picked":["Headbutt+1","Warcry","Twin Strike"],"picked":"SKIP","floor":20},{"not_picked":["Body Slam","Cleave","Inflame"],"picked":"SKIP","floor":21},{"not_picked":["Replay:Undeath\u0027s Touch","ReplayTheSpireMod:Corrosion Curse","Sword Boomerang"],"picked":"SKIP","floor":22},{"not_picked":["Body Slam","Replay:Undeath\u0027s Touch"],"picked":"ReplayTheSpireMod:Strike From Hell+1","floor":24},{"not_picked":["Ghostly Armor","Power Through+1"],"picked":"Feed","floor":25},{"not_picked":["Reckless Charge","Second Wind","Abandon"],"picked":"SKIP","floor":27},{"not_picked":["Armaments","Flame Barrier","Shockwave"],"picked":"SKIP","floor":28},{"not_picked":["Twin Strike+1","Ghostly Armor"],"picked":"Battle Trance","floor":29},{"not_picked":["Heavy Blade","Body Slam","Seeing Red"],"picked":"SKIP","floor":31},{"not_picked":["Juggernaut","Limit Break"],"picked":"Barricade","floor":33},{"not_picked":["Headbutt+1","Heavy Blade","Abandon+1"],"picked":"SKIP","floor":35},{"not_picked":["ReplayTheSpireMod:Strike From Hell","Iron Wave+1","Perfected Strike"],"picked":"SKIP","floor":37},{"not_picked":["Warcry","Twin Strike"],"picked":"Armaments+1","floor":38},{"not_picked":["Life Link+1","Dropkick+1","Carnage"],"picked":"SKIP","floor":40},{"not_picked":["Sever Soul","Bludgeon","Pommel Strike"],"picked":"SKIP","floor":42},{"not_picked":["Corruption","ReplayTheSpireMod:LeadingStrike+1","Rampage"],"picked":"SKIP","floor":44},{"not_picked":["Twin Strike","Replay:Undeath\u0027s Touch+1"],"picked":"True Grit","floor":45},{"not_picked":["Feel No Pain","Rampage+1","Clash+1"],"picked":"SKIP","floor":47},{"not_picked":["Clothesline+1","Twin Strike+1","Shrug It Off"],"picked":"SKIP","floor":48},{"not_picked":["Headbutt+1","ReplayTheSpireMod:Corrosion Curse+1","Berserk"],"picked":"SKIP","floor":54}],"player_experience":247813,"relics_obtained":[{"floor":6,"key":"CrazyTorch:ReiMu"},{"floor":8,"key":"Iron Hammer"},{"floor":9,"key":"Kunai"},{"floor":10,"key":"Paper Frog"},{"floor":14,"key":"Pen Nib"},{"floor":25,"key":"Strawberry"},{"floor":27,"key":"Durian"},{"floor":29,"key":"Counterbalance"},{"floor":31,"key":"War Paint"},{"floor":38,"key":"CatCart"},{"floor":40,"key":"Ice Cream"},{"floor":42,"key":"Anchor"},{"floor":43,"key":"Bag of Preparation"},{"floor":44,"key":"Ginger"},{"floor":48,"key":"ReplayTheSpireMod:Shallot"},{"floor":49,"key":"Pet Ghost"},{"floor":54,"key":"Replay:Bottled Eggs"}],"event_choices":[{"damage_healed":0,"gold_gain":175,"player_choice":"AGREE","damage_taken":0,"max_hp_gain":0,"max_hp_loss":0,"event_name":"Liars Game","floor":3,"gold_loss":0,"cards_obtained":["Doubt"]},{"damage_healed":0,"gold_gain":0,"player_choice":"Upgraded","damage_taken":0,"max_hp_gain":0,"max_hp_loss":0,"event_name":"Upgrade Shrine","floor":19,"gold_loss":0,"cards_upgraded":["Double Tap"]},{"damage_healed":0,"gold_gain":0,"player_choice":"Read","damage_taken":0,"max_hp_gain":0,"max_hp_loss":0,"event_name":"The Library","floor":30,"gold_loss":0,"cards_obtained":["True Grit"]},{"damage_healed":0,"gold_gain":0,"player_choice":"Fight","damage_taken":0,"max_hp_gain":0,"max_hp_loss":0,"event_name":"OrinTheCat","floor":38,"gold_loss":0},{"cards_removed":["Feed"],"damage_healed":0,"gold_gain":0,"player_choice":"Removed Attack","damage_taken":0,"max_hp_gain":0,"max_hp_loss":0,"event_name":"Falling","floor":46,"gold_loss":0}],"is_beta":false,"boss_relics":[{"not_picked":["Cursed Key","Runic Dome"],"picked":"vexMod:TanglingVine"},{"not_picked":["Runesmith:UraniumAnvil","Black Star"],"picked":"Replay:Grab Bag"},{"not_picked":["Philosopher\u0027s Stone","Busted Crown"],"picked":"Ooze Armor"},{"not_picked":["vexMod:EndlessSickness","Velvet Choker"],"picked":"Fusion Hammer"},{"not_picked":["Honey Jar","Ring of Chaos"],"picked":"Empty Cage"},{"not_picked":["construct:ClawGrip","Snecko Eye"],"picked":"vexMod:BigBerry"}],"items_purged_floors":[4,13,36,39,53],"is_endless":false,"potions_floor_spawned":[1,2,16,20,21,25,28,29,33,38,42,45],"ascension_level":1}}