{"host":"erulnpr9qdnrfj6h","time":1608983658,"event":{"mods":["AchievementEnabler","BaseMod","Colored Map","Minty Spire (QoL Compilation)","Rare Cards Sparkle","SuperFastMode"],"gold_per_floor":[112,112,112,112,137,137,173,173,173,273,306,33,47,65,65,194,194,207,122,122,176,189,220,220,258,258,258,296,296,496,519,519,645,645,668,681,694,178,194,237,187,187,187,187,187,127,143,182,182,182],"floor_reached":51,"playtime":1675,"items_purged":["Strike_G","Strike_G+1","Strike_G+1"],"score":1635,"play_id":"a850e10f-9550-4e22-afa4-b04c3d4d45c1","local_time":"20201226205418","is_ascension_mode":true,"campfire_choices":[{"data":"Blade Dance","floor":6.0,"key":"SMITH"},{"floor":8.0,"key":"RECALL"},{"floor":15.0,"key":"REST"},{"data":"Storm of Steel","floor":24,"key":"SMITH"},{"data":"Phantasmal Killer","floor":27,"key":"SMITH"},{"data":"Blade Dance","floor":32,"key":"SMITH"},{"data":"Accuracy","floor":42,"key":"SMITH"},{"data":"Blade Dance","floor":49,"key":"SMITH"}],"circlet_count":0,"master_deck":["AscendersBane","Defend_G+1","Defend_G+1","Defend_G+1","Defend_G+1","Defend_G+1","Survivor+1","Blade Dance+1","Dagger Throw+1","Blade Dance+1","Blade Dance+1","Riddle With Holes+1","Blade Dance","Phantasmal Killer+1","Acrobatics+1","Footwork","Storm of Steel+1","Blade Dance","Backflip","Phantasmal Killer","Prepared+1","Accuracy+1","Distraction","PiercingWail+1","Leg Sweep","Unload+1","Distraction+1"],"relics":["Ring of the Snake","NeowsBlessing","Golden Idol","Molten Egg 2","Shuriken","Gremlin Horn","TwistedFunnel","Coffee Dripper","Anchor","Enchiridion","Nunchaku","Smiling Mask","Eternal Feather","InkBottle","Bag of Marbles","WristBlade","Vajra","Happy Flower","Pantograph","Blood Vial"],"acts_visited":["Exordium","TheCity","TheBeyond"],"potions_floor_usage":[23,25,33,50,50,50,50],"damage_taken":[{"damage":0.0,"enemies":"Small Slimes","floor":1.0,"turns":1.0},{"damage":0.0,"enemies":"Jaw Worm","floor":5.0,"turns":1.0},{"damage":0.0,"enemies":"Gremlin Nob","floor":7.0,"turns":1.0},{"damage":30.0,"enemies":"Lagavulin","floor":11.0,"turns":4.0},{"damage":0.0,"enemies":"Cultist","floor":13.0,"turns":2.0},{"damage":0.0,"enemies":"3 Louse","floor":14.0,"turns":2.0},{"damage":21.0,"enemies":"The Guardian","floor":16.0,"turns":8.0},{"damage":0.0,"enemies":"3 Byrds","floor":18.0,"turns":2.0},{"damage":2.0,"enemies":"Chosen","floor":22.0,"turns":3.0},{"damage":0,"enemies":"Slavers","floor":23,"turns":3},{"damage":0,"enemies":"Book of Stabbing","floor":25,"turns":2},{"damage":0,"enemies":"Gremlin Leader","floor":28,"turns":2},{"damage":0,"enemies":"Centurion and Healer","floor":31,"turns":2},{"damage":0,"enemies":"Collector","floor":33,"turns":2},{"damage":0,"enemies":"3 Darklings","floor":35,"turns":2},{"damage":6,"enemies":"3 Shapes","floor":36,"turns":2},{"damage":0,"enemies":"Sphere and 2 Shapes","floor":37,"turns":2},{"damage":0,"enemies":"Transient","floor":39,"turns":5},{"damage":0,"enemies":"Giant Head","floor":40,"turns":2},{"damage":0,"enemies":"Writhing Mass","floor":47,"turns":2},{"damage":0,"enemies":"Reptomancer","floor":48,"turns":1},{"damage":20,"enemies":"Awakened One","floor":50,"turns":4}],"seed_played":"2724533112515443354","potions_obtained":[{"floor":1.0,"key":"Strength Potion"},{"floor":4.0,"key":"EssenceOfSteel"},{"floor":5.0,"key":"SkillPotion"},{"floor":11.0,"key":"FearPotion"},{"floor":22.0,"key":"SteroidPotion"},{"floor":23,"key":"SteroidPotion"},{"floor":28,"key":"BlessingOfTheForge"},{"floor":33,"key":"Explosive Potion"},{"floor":35,"key":"Strength Potion"}],"is_trial":false,"path_per_floor":["M","?","?","?","M","R","E","R","T","?","E","$","M","M","R","B",null,"M","?","?","T","M","E","R","E","T","R","E","?","?","M","R","B",null,"M","M","M","$","M","E","$","R","T","?","?","?","M","E","R","B",null],"character_chosen":"THE_SILENT","items_purchased":["TwistedFunnel","Blade Dance","Accuracy","Vajra","Distraction","Regen Potion","EntropicBrew"],"campfire_rested":1,"item_purchase_floors":[12,12,38,38,38,38,38],"current_hp_per_floor":[63,49,49,49,49,49,49,49,49,49,19,19,19,19,38,17,53,53,53,37,37,35,35,35,35,35,47,47,47,47,47,59,59,64,64,58,58,58,58,58,58,65,65,62,62,62,62,62,62,42],"gold":182,"neow_bonus":"THREE_ENEMY_KILL","is_daily":false,"chose_seed":false,"campfire_upgraded":6,"win_rate":0.0,"timestamp":1608983658,"path_taken":["M","?","?","?","?","R","E","R","T","?","E","$","?","M","R","BOSS","M","?","?","?","?","E","R","E","T","R","E","?","?","?","R","BOSS","M","M","M","$","M","E","$","R","T","?","?","?","?","E","R","BOSS"],"items_purchased_type":["Relic","Card","Card","Relic","Card","Potion","Potion"],"build_version":"2020-12-22","purchased_purges":3,"victory":true,"max_hp_per_floor":[70,70,65,65,65,65,65,65,65,65,65,65,65,65,65,65,65,65,65,65,65,65,65,65,65,65,65,65,65,65,65,65,65,65,65,65,65,65,65,65,65,65,65,62,62,62,62,62,62,62],"card_choices":[{"not_picked":["Predator","Cloak And Dagger"],"picked":"Blade Dance","floor":1.0},{"not_picked":["Sucker Punch","Dash","Masterful Stab"],"picked":"SKIP","floor":5.0},{"not_picked":["Outmaneuver","Setup"],"picked":"Dagger Throw+1","floor":7.0},{"not_picked":["Bullet Time","Backstab+1"],"picked":"Blade Dance","floor":11.0},{"not_picked":["Dagger Throw+1","Slice+1"],"picked":"Riddle With Holes+1","floor":13.0},{"not_picked":["Prepared","Dagger Spray+1"],"picked":"Blade Dance","floor":14.0},{"not_picked":["Night Terror","Envenom"],"picked":"Phantasmal Killer","floor":16.0},{"not_picked":["Outmaneuver","Distraction"],"picked":"Acrobatics+1","floor":18.0},{"not_picked":["Flying Knee+1","Dodge and Roll"],"picked":"Footwork","floor":22.0},{"not_picked":["Skewer+1","Crippling Poison"],"picked":"Storm of Steel","floor":23},{"not_picked":["Deadly Poison","Sucker Punch+1","All Out Attack+1"],"picked":"SKIP","floor":25},{"not_picked":["Dodge and Roll+1","Tactician"],"picked":"Blade Dance","floor":28},{"not_picked":["Dagger Throw+1","Masterful Stab+1"],"picked":"Backflip","floor":31},{"not_picked":["Corpse Explosion","Envenom"],"picked":"Phantasmal Killer","floor":33},{"not_picked":["Backflip","Eviscerate+1","Concentrate+1"],"picked":"SKIP","floor":35},{"not_picked":["Backflip","Dagger Throw+1","Underhanded Strike+1"],"picked":"SKIP","floor":36},{"not_picked":["Expertise","Sucker Punch+1"],"picked":"Prepared+1","floor":37},{"not_picked":["Concentrate","Backstab+1","Distraction"],"picked":"SKIP","floor":39},{"not_picked":["All Out Attack+1","Bane+1"],"picked":"PiercingWail+1","floor":40},{"not_picked":["Deadly Poison","Dodge and Roll","Concentrate"],"picked":"SKIP","floor":47},{"not_picked":["Deflect","Dagger Throw+1"],"picked":"Distraction+1","floor":48}],"player_experience":191242,"relics_obtained":[{"floor":7.0,"key":"Molten Egg 2"},{"floor":9.0,"key":"Shuriken"},{"floor":11.0,"key":"Gremlin Horn"},{"floor":20.0,"key":"Enchiridion"},{"floor":21.0,"key":"Nunchaku"},{"floor":23,"key":"Smiling Mask"},{"floor":25,"key":"Eternal Feather"},{"floor":26,"key":"InkBottle"},{"floor":28,"key":"Bag of Marbles"},{"floor":40,"key":"Happy Flower"},{"floor":43,"key":"Pantograph"},{"floor":48,"key":"Blood Vial"}],"event_choices":[{"damage_healed":0.0,"max_hp_gain":0.0,"max_hp_loss":0.0,"gold_gain":0.0,"event_name":"Shining Light","player_choice":"Entered Light","floor":2.0,"gold_loss":0.0,"damage_taken":14.0,"cards_upgraded":["Survivor","Strike_G"]},{"damage_healed":0.0,"max_hp_gain":0.0,"max_hp_loss":5.0,"gold_gain":0.0,"event_name":"Golden Idol","player_choice":"Lose Max HP","floor":3.0,"gold_loss":0.0,"damage_taken":0.0,"relics_obtained":["Golden Idol"]},{"damage_healed":0.0,"max_hp_gain":0.0,"max_hp_loss":0.0,"gold_gain":0.0,"event_name":"Lab","player_choice":"Got Potions","floor":4.0,"gold_loss":0.0,"damage_taken":0.0},{"damage_healed":0.0,"max_hp_gain":0.0,"max_hp_loss":0.0,"gold_gain":100.0,"event_name":"Golden Shrine","player_choice":"Pray","floor":10.0,"gold_loss":0.0,"damage_taken":0.0},{"damage_healed":0.0,"max_hp_gain":0.0,"max_hp_loss":0.0,"gold_gain":0.0,"event_name":"Addict","player_choice":"Obtained Relic","floor":19.0,"gold_loss":85.0,"damage_taken":0.0,"relics_obtained":["Anchor"]},{"damage_healed":0.0,"max_hp_gain":0.0,"max_hp_loss":0.0,"gold_gain":0.0,"event_name":"Cursed Tome","player_choice":"Obtained Book","floor":20.0,"gold_loss":0.0,"damage_taken":16.0},{"damage_healed":0,"gold_gain":0,"player_choice":"Simplicity","damage_taken":0,"max_hp_gain":0,"max_hp_loss":0,"event_name":"Back to Basics","floor":29,"gold_loss":0,"cards_upgraded":["Strike_G","Strike_G","Strike_G","Defend_G","Defend_G","Defend_G","Defend_G","Defend_G"]},{"damage_healed":0,"gold_gain":200,"player_choice":"Gold","damage_taken":0,"max_hp_gain":0,"max_hp_loss":0,"event_name":"Wheel of Change","floor":30,"gold_loss":0},{"damage_healed":0,"gold_gain":0,"player_choice":"Max HP","damage_taken":0,"max_hp_gain":0,"max_hp_loss":3,"event_name":"Winding Halls","floor":44,"gold_loss":0},{"cards_removed":["Neutralize"],"damage_healed":0,"gold_gain":0,"player_choice":"Removed Attack","damage_taken":0,"max_hp_gain":0,"max_hp_loss":0,"event_name":"Falling","floor":45,"gold_loss":0},{"damage_healed":0,"gold_gain":0,"cards_transformed":["Strike_G","Strike_G"],"player_choice":"Transformed Cards","damage_taken":0,"max_hp_gain":0,"max_hp_loss":0,"event_name":"Designer","floor":46,"gold_loss":60,"cards_obtained":["Leg Sweep","Unload"]}],"is_beta":false,"boss_relics":[{"not_picked":["Runic Dome","Sozu"],"picked":"Coffee Dripper"},{"not_picked":["Runic Pyramid","Fusion Hammer"],"picked":"WristBlade"}],"items_purged_floors":[12,38,41],"is_endless":false,"potions_floor_spawned":[1,5,11,14,22,23,28,33,35,39],"ascension_level":12}}