{"host":"n23juj4d9qam5hh1","time":1608953884,"event":{"mods":["BaseMod","Better Note","BetterRewards","Infinite Spire","Minty Spire (QoL Compilation)","Relic Stats","StSLib"],"gold_per_floor":[212,230,230,243,48,48,64,31,31,48,48,48,48,59,59,159,159,129,91,91,71,85,85,105,440,440,440,451,451,451],"floor_reached":29,"playtime":1071,"items_purged":[],"score":259,"play_id":"22c7f594-9ae4-471d-8f10-50b604c8d916","local_time":"20201225223804","is_ascension_mode":true,"campfire_choices":[{"data":"Dash","floor":6,"key":"SMITH"},{"data":"Riddle With Holes","floor":12,"key":"SMITH"},{"data":"Blur","floor":15,"key":"SMITH"},{"floor":23,"key":"REST"},{"floor":27,"key":"REST"}],"circlet_count":0,"master_deck":["Strike_G","Strike_G","Strike_G","Defend_G","Defend_G","Defend_G","Defend_G","Defend_G","Survivor","Neutralize","Catalyst","Dash+1","Flying Knee","Blur+1","Riddle With Holes+1","Parasite","A Thousand Cuts+1","PiercingWail+1","Caltrops+1","Glass Knife","Unload","Backstab","Quick Slash+1","Eviscerate+1"],"relics":["Ring of the Serpent","Oddly Smooth Stone","Frozen Egg 2","Old Coin","Boot"],"acts_visited":["Exordium","TheCity"],"potions_floor_usage":[16,16,18,24,25],"damage_taken":[{"damage":0,"enemies":"infinitespire:Voidling","floor":1,"turns":5},{"damage":4,"enemies":"Jaw Worm","floor":2,"turns":6},{"damage":1,"enemies":"Cultist","floor":4,"turns":4},{"damage":4,"enemies":"3 Louse","floor":7,"turns":3},{"damage":13,"enemies":"Gremlin Gang","floor":10,"turns":5},{"damage":0,"enemies":"2 Fungi Beasts","floor":14,"turns":3},{"damage":45,"enemies":"Slime Boss","floor":16,"turns":15},{"damage":30,"enemies":"2 Thieves","floor":18,"turns":5},{"damage":3,"enemies":"Shell Parasite","floor":22,"turns":6},{"damage":13,"enemies":"Cultist and Chosen","floor":24,"turns":6},{"damage":28,"enemies":"Gremlin Leader","floor":25,"turns":8},{"damage":29,"enemies":"Sentry and Sphere","floor":28,"turns":7},{"damage":12,"enemies":"Slavers","floor":29,"turns":1}],"seed_played":"7223003051966624190","potions_obtained":[{"floor":1,"key":"SpeedPotion"},{"floor":10,"key":"Swift Potion"},{"floor":14,"key":"AttackPotion"},{"floor":21,"key":"Weak Potion"},{"floor":24,"key":"ColorlessPotion"},{"floor":28,"key":"PowerPotion"}],"is_trial":false,"path_per_floor":["M","M","?","M","$","R","M","$","T","M","?","R","?","M","R","B",null,"M","$","?","?","M","R","M","E","T","R","M","E"],"character_chosen":"THE_SILENT","items_purchased":["Oddly Smooth Stone","Flying Knee","Riddle With Holes","Caltrops+1"],"campfire_rested":2,"item_purchase_floors":[5,5,8,19],"current_hp_per_floor":[70,66,66,65,65,65,61,61,61,48,65,65,70,70,70,25,70,40,40,40,40,37,58,45,17,17,38,9,0,0],"gold":451,"neow_bonus":"HUNDRED_GOLD","is_daily":false,"chose_seed":false,"campfire_upgraded":3,"win_rate":0.0,"timestamp":1608953884,"path_taken":["M","?","?","M","$","R","M","$","T","M","?","R","?","M","R","BOSS","M","$","?","?","M","R","M","E","T","R","M","E"],"items_purchased_type":["Relic","Card","Card","Card"],"build_version":"2020-12-22","purchased_purges":0,"victory":false,"max_hp_per_floor":[70,70,70,70,70,70,70,70,70,70,70,70,70,70,70,70,70,70,70,70,70,70,70,70,70,70,70,70,70,70],"relic_stats":{"counters":[13,74],"Boot":[4],"obtain_stats":[{"Oddly Smooth Stone":5,"Frozen Egg 2":9,"Boot":26,"Ring of the Serpent":17,"Ring of the Snake":0,"Old Coin":25},{"Oddly Smooth Stone":3,"Frozen Egg 2":4,"Boot":11,"Ring of the Serpent":7,"Ring of the Snake":0,"Old Coin":11},{"Oddly Smooth Stone":15,"Frozen Egg 2":18,"Boot":66,"Ring of the Serpent":41,"Ring of the Snake":0,"Old Coin":66}]},"card_choices":[{"not_picked":["Endless Agony","Reflex"],"picked":"Catalyst","floor":1},{"not_picked":["Dodge and Roll","Blade Dance"],"picked":"Poisoned Stab","floor":2},{"not_picked":["Dagger Throw","Blade Dance"],"picked":"Dash","floor":4},{"not_picked":["Prepared","Setup"],"picked":"Blur","floor":7},{"not_picked":["Poisoned Stab","Riddle With Holes","Flechettes"],"picked":"SKIP","floor":10},{"not_picked":["Flying Knee","Sucker Punch","Underhanded Strike"],"picked":"SKIP","floor":14},{"not_picked":["Venomology","Tools of the Trade+1"],"picked":"A Thousand Cuts+1","floor":16},{"not_picked":["Flying Knee+1","Flechettes+1"],"picked":"PiercingWail+1","floor":18},{"not_picked":["Quick Slash","Slice"],"picked":"Backstab","floor":22},{"not_picked":["Underhanded Strike","Finisher","Predator"],"picked":"SKIP","floor":24},{"not_picked":["Dagger Throw","PiercingWail"],"picked":"Quick Slash+1","floor":25},{"not_picked":["Bane+1","Dash"],"picked":"Eviscerate+1","floor":28}],"player_experience":210449,"relics_obtained":[{"floor":9,"key":"Frozen Egg 2"},{"floor":25,"key":"Old Coin"},{"floor":26,"key":"Boot"}],"event_choices":[{"damage_healed":17,"gold_gain":0,"player_choice":"Healed and dodged fight","damage_taken":0,"max_hp_gain":0,"max_hp_loss":0,"event_name":"Mushrooms","floor":11,"gold_loss":0,"cards_obtained":["Parasite"]},{"cards_removed":["Poisoned Stab"],"damage_healed":5,"gold_gain":0,"player_choice":"Offered Common","damage_taken":0,"max_hp_gain":0,"max_hp_loss":0,"event_name":"Bonfire Elementals","floor":13,"gold_loss":0},{"cards_removed":["Poisoned Stab"],"damage_healed":5,"gold_gain":0,"player_choice":"Offered Special","damage_taken":0,"max_hp_gain":0,"max_hp_loss":0,"event_name":"Bonfire Elementals","floor":13,"gold_loss":0},{"damage_healed":0,"gold_gain":0,"cards_transformed":["Strike_G","Strike_G"],"player_choice":"Became Test Subject","damage_taken":0,"max_hp_gain":0,"max_hp_loss":0,"event_name":"Drug Dealer","floor":20,"gold_loss":0,"cards_obtained":["Glass Knife","Unload"]},{"damage_healed":0,"gold_gain":0,"player_choice":"Bought 1 Potion","damage_taken":0,"max_hp_gain":0,"max_hp_loss":0,"event_name":"The Woman in Blue","floor":21,"gold_loss":0}],"is_beta":false,"boss_relics":[{"not_picked":["Runic Pyramid","Sozu"],"picked":"Ring of the Serpent"}],"items_purged_floors":[],"is_endless":false,"potions_floor_spawned":[1,10,14,24,28],"killed_by":"Slavers","ascension_level":2}}