{"host":"kiauivt48syq9iz6","time":1608968322,"event":{"mods":["BaseMod","Conspire","Downfall","Hermit","Minty Spire (QoL Compilation)","Replay The Spire","SIMod","StSLib","The Animator","The Construct","The Cursed","The Runesmith","The Servant 0.9.4"],"gold_per_floor":[99,140,150,150,250,46,46,46,109,123,123,273,287,307,325,325,325,325],"floor_reached":16,"playtime":785,"items_purged":[],"score":92,"play_id":"eacc1f16-be14-4283-8986-30b5aa0cfa75","local_time":"20201226003842","is_ascension_mode":false,"campfire_choices":[{"floor":8,"key":"REST"},{"floor":11,"key":"REST"}],"circlet_count":0,"master_deck":["champ:Strike","champ:Strike","champ:Strike","champ:Defend","champ:Defend","champ:Defend","champ:Defend","champ:Execute","champ:Taunt","champ:FlashCut","champ:HeartStrike","champ:BerserkersShout","champ:TornadoPunch","champ:PerfectedStrike","champ:Shatter","champ:ShieldWall","champ:AdrenalArmor","champ:FanOfKnives","champ:Haymaker","champ:FlashCut","champ:StanceDance","champ:Circumvent","champ:AdrenalArmor","champ:ViciousMockery"],"relics":["champ:ChampionCrown","Mummified Hand","Pyrelight","downfall:CloakOfManyFaces","CultistMask","FaceOfCleric","NlothsMask","GremlinMask","SsserpentHead"],"acts_visited":["Exordium"],"potions_floor_usage":[16,16,16],"damage_taken":[{"damage":10,"enemies":"conspire:MimicChest","floor":2,"turns":4},{"damage":15,"enemies":"conspire:RoseBush","floor":3,"turns":3},{"damage":63,"enemies":"downfall:FaceTrader","floor":5,"turns":12},{"damage":6,"enemies":"downfall:FleeingMerchant","floor":6,"turns":4},{"damage":0,"enemies":"Cultist","floor":9,"turns":3},{"damage":6,"enemies":"2 Louse","floor":10,"turns":3},{"damage":19,"enemies":"Exordium Thugs","floor":13,"turns":4},{"damage":11,"enemies":"2 Fungi Beasts","floor":14,"turns":4},{"damage":11,"enemies":"3 Louse","floor":15,"turns":3},{"damage":81,"enemies":"downfall:Defect","floor":16,"turns":6}],"seed_played":"7990788954508225995","potions_obtained":[{"floor":9,"key":"FearPotion"},{"floor":13,"key":"sneckomod:MuddlingPotion"},{"floor":15,"key":"Strength Potion"}],"is_trial":false,"path_per_floor":["R","?","M","?","?","$","T","R","M","M","R","?","M","M","M","B"],"character_chosen":"THE_CHAMP","items_purchased":["champ:ShieldWall","champ:AdrenalArmor","champ:FanOfKnives","champ:Haymaker"],"campfire_rested":2,"item_purchase_floors":[6,6,6,6],"current_hp_per_floor":[90,85,75,75,36,37,37,64,65,66,93,93,87,84,80,0,0,0],"gold":325,"neow_bonus":"THREE_CARDS","is_daily":false,"chose_seed":false,"campfire_upgraded":0,"win_rate":0.0,"timestamp":1608968322,"path_taken":["R","?","?","?","?","$","T","R","?","M","R","?","M","M","M","BOSS"],"items_purchased_type":["Card","Card","Card","Card"],"build_version":"2020-12-22","purchased_purges":0,"victory":false,"max_hp_per_floor":[90,90,90,90,90,91,91,91,92,93,93,93,94,95,96,96,96,96],"card_choices":[{"not_picked":["champ:FalseCounter","champ:TornadoPunch"],"picked":"champ:FlashCut","floor":0},{"not_picked":["champ:GladiatorsShout","champ:RapidStrikes"],"picked":"champ:BerserkersShout","floor":2},{"not_picked":["champ:PerfectedStrike","champ:BladeFlurry"],"picked":"champ:TornadoPunch","floor":3},{"not_picked":["champ:RapidStrikes","champ:EnragedBash"],"picked":"champ:PerfectedStrike","floor":5},{"not_picked":["champ:Circumvent","champ:RapidStrikes"],"picked":"champ:Shatter","floor":6},{"not_picked":["champ:RapidStrikes","champ:ShieldThrow"],"picked":"champ:FlashCut","floor":9},{"not_picked":["champ:PerfectedStrike","champ:TornadoPunch"],"picked":"champ:StanceDance","floor":10},{"not_picked":["champ:GutPunch","champ:HeartStrike"],"picked":"champ:Circumvent","floor":13},{"not_picked":["champ:FlashCut","champ:CrookedStrike"],"picked":"champ:AdrenalArmor","floor":14},{"not_picked":["champ:Shatter","champ:FanOfKnives"],"picked":"champ:ViciousMockery","floor":15}],"player_experience":87377,"relics_obtained":[{"floor":2,"key":"Mummified Hand"},{"floor":5,"key":"downfall:CloakOfManyFaces"}],"event_choices":[],"is_beta":false,"boss_relics":[],"items_purged_floors":[],"is_endless":false,"potions_floor_spawned":[9,13,15],"killed_by":"downfall:Defect","ascension_level":0}}