{"host":"3ek78t4i81ecmdy1","time":1608946555,"event":{"mods":["2.2 Compatiblity","AchievementEnabler","BaseMod","Colored Map","DeckTracker","Filter the Spire","Keyboard Shortcuts","Minty Spire (QoL Compilation)","Permanent Neow","Quick Restart","SuperFastMode","everything is the same but u backflip on backflip"],"gold_per_floor":[117,137,137,137,14,14,49,3,3,3,13,46,56,86,86,86,86],"floor_reached":16,"playtime":742,"items_purged":["Strike_R"],"score":124,"play_id":"e700cc23-e7a4-4d2c-873c-73b7d4fadf13","local_time":"20201226103555","is_ascension_mode":true,"campfire_choices":[{"data":"Armaments","floor":6,"key":"SMITH"},{"data":"True Grit","floor":10,"key":"SMITH"},{"data":"Berserk","floor":15,"key":"SMITH"}],"circlet_count":0,"master_deck":["Strike_R+1","Strike_R","Strike_R","Strike_R","Defend_R","Defend_R","Defend_R+1","Defend_R","Bash","True Grit+1","Feel No Pain","Armaments+1","Thunderclap","Warcry","Shrug It Off","Entrench","Berserk+1"],"relics":["Burning Blood","WingedGreaves","Nunchaku","Darkstone Periapt","Ice Cream","HornCleat"],"acts_visited":["Exordium"],"potions_floor_usage":[12,16],"damage_taken":[{"damage":5,"enemies":"Cultist","floor":1,"turns":4},{"damage":2,"enemies":"Small Slimes","floor":2,"turns":5},{"damage":5,"enemies":"3 Sentries","floor":7,"turns":18},{"damage":8,"enemies":"Jaw Worm","floor":11,"turns":3},{"damage":19,"enemies":"Gremlin Nob","floor":12,"turns":5},{"damage":5,"enemies":"Exordium Wildlife","floor":13,"turns":4},{"damage":20,"enemies":"3 Sentries","floor":14,"turns":16},{"damage":36,"enemies":"Slime Boss","floor":16,"turns":9}],"seed_played":"-6581492067424804701","potions_obtained":[{"floor":7,"key":"FearPotion"},{"floor":12,"key":"PowerPotion"}],"is_trial":false,"path_per_floor":["M","M","?","?","$","R","E","$","T","R","M","E","M","E","R","B"],"character_chosen":"IRONCLAD","items_purchased":["Armaments","Warcry"],"campfire_rested":0,"item_purchase_floors":[5,8],"current_hp_per_floor":[72,72,58,63,63,63,64,64,64,64,62,49,50,36,36,0,0],"gold":86,"neow_bonus":"ONE_RARE_RELIC","is_daily":false,"chose_seed":false,"campfire_upgraded":3,"win_rate":0.0,"timestamp":1608946555,"path_taken":["M","?","?","?","$","R","E","?","T","R","?","E","M","E","R","BOSS"],"items_purchased_type":["Card","Card"],"build_version":"2020-12-22","purchased_purges":1,"victory":false,"max_hp_per_floor":[72,72,72,77,77,77,77,77,77,77,77,77,77,77,77,77,77],"card_choices":[{"not_picked":["Warcry","Wild Strike"],"picked":"True Grit","floor":1},{"not_picked":["Pummel","Burning Pact"],"picked":"Feel No Pain","floor":2},{"not_picked":["Whirlwind","Sever Soul"],"picked":"Thunderclap","floor":7},{"not_picked":["Blood for Blood","Anger"],"picked":"Shrug It Off","floor":11},{"not_picked":["Headbutt","Combust","Twin Strike"],"picked":"SKIP","floor":12},{"not_picked":["Flex","Dual Wield"],"picked":"Entrench","floor":13},{"not_picked":["Thunderclap","Dark Embrace"],"picked":"Berserk","floor":14}],"player_experience":37311,"relics_obtained":[{"floor":7,"key":"Nunchaku"},{"floor":9,"key":"Darkstone Periapt"},{"floor":12,"key":"Ice Cream"},{"floor":14,"key":"HornCleat"}],"event_choices":[{"damage_healed":0,"gold_gain":0,"player_choice":"Entered Light","damage_taken":14,"max_hp_gain":0,"max_hp_loss":0,"event_name":"Shining Light","floor":3,"gold_loss":0,"cards_upgraded":["Strike_R","Defend_R"]},{"damage_healed":0,"gold_gain":0,"player_choice":"Donut","damage_taken":0,"max_hp_gain":5,"max_hp_loss":0,"event_name":"Big Fish","floor":4,"gold_loss":0}],"is_beta":false,"boss_relics":[],"items_purged_floors":[5],"is_endless":false,"potions_floor_spawned":[7,12],"killed_by":"Slime Boss","ascension_level":1}}