{"host":"slngz8sobihb8iwl","time":1608952744,"event":{"mods":["2.2 Compatiblity","Act Like it!","BaseMod","Colored Powertips","Elementarium","Gensokyo","GifTheSpireLib","Hallownest","Hermit","Marisa????????","Menagerie","Minty Spire (QoL Compilation)","Permanent Neow","Random Character Button","Rare Cards Sparkle","Relic Filter","Robot Space Explorer","StSLib","SuperFastMode","Td1madao Mod","The Bug Knight","The Gatherer","The Hierophant","The Marked","The Runesmith","The Servant 0.9.4","Unceasing Turn Reminder"],"gold_per_floor":[368,420,440,459,478,478,478,478,478,478,478,69,84,104,104,204,204,216,232,232,232],"floor_reached":20,"playtime":1294,"items_purged":[],"score":166,"play_id":"a49a8a8a-56fd-49f8-b7a0-2d44203f2d15","local_time":"20201225221904","is_ascension_mode":false,"campfire_choices":[{"floor":6.0,"key":"REST"},{"data":"theMarked:SoldierOfQuellstein","floor":8.0,"key":"SMITH"},{"data":"theMarked:SelfDefenseTraining","floor":10.0,"key":"SMITH"},{"floor":15.0,"key":"RECALL"}],"circlet_count":0,"master_deck":["theMarked:SoldierOfQuellstein+1","theMarked:SelfDefenseTraining+1","theMarked:ResourceFulStrike","theMarked:Parkour","theMarked:DispelDoubt","theMarked:Levitate","theMarked:Parkour","theMarked:Electrocute","theMarked:Challenge","theMarked:EmpowerWeapon","theMarked:Snap","theMarked:HeightenedSenses","theMarked:Polarize","theMarked:TunnelVision","theMarked:Opportunist","theMarked:ComboAttacks+1","theMarked:SwordAndMagic"],"relics":["theMarked:ArtifactOfAir","Oddly Smooth Stone","Lantern","Kunai","Bronze Scales","Pandora\u0027s Box"],"acts_visited":["Exordium","TheCity"],"potions_floor_usage":[],"damage_taken":[{"damage":1.0,"enemies":"Cultist","floor":1.0,"turns":3.0},{"damage":0.0,"enemies":"Small Slimes","floor":3.0,"turns":3.0},{"damage":0.0,"enemies":"2 Louse","floor":4.0,"turns":2.0},{"damage":33.0,"enemies":"Exordium Thugs","floor":5.0,"turns":5.0},{"damage":0.0,"enemies":"3 Louse","floor":13.0,"turns":2.0},{"damage":0.0,"enemies":"Blue Slaver","floor":14.0,"turns":3.0},{"damage":15.0,"enemies":"The Guardian","floor":16.0,"turns":11.0},{"damage":4,"enemies":"3 Byrds","floor":18,"turns":3},{"damage":20,"enemies":"Snecko","floor":19,"turns":4},{"damage":0,"enemies":"Centurion and Healer","floor":20,"turns":2}],"seed_played":"9109789818681959303","potions_obtained":[{"floor":1.0,"key":"ColorlessPotion"},{"floor":4.0,"key":"Dexterity Potion"},{"floor":14.0,"key":"Explosive Potion"}],"is_trial":false,"path_per_floor":["M","T","M","M","M","R","?","R","T","R","?","$","M","M","R","B",null,"M","M","M"],"character_chosen":"THE_DEFAULT","items_purchased":["Kunai","Bronze Scales"],"campfire_rested":1,"item_purchase_floors":[12,12],"current_hp_per_floor":[62,62,62,62,29,47,34,34,34,34,39,39,39,39,39,24,68,64,44,44,44],"gold":232,"neow_bonus":"TWO_FIFTY_GOLD","is_daily":false,"chose_seed":false,"campfire_upgraded":2,"win_rate":0.0,"timestamp":1608952744,"path_taken":["M","?","?","M","M","R","?","R","T","R","?","$","M","M","R","BOSS","M","M","M"],"items_purchased_type":["Relic","Relic"],"build_version":"2020-12-22","purchased_purges":0,"victory":false,"max_hp_per_floor":[63,63,63,63,63,63,63,63,63,63,68,68,68,68,68,68,68,68,68,68,68],"card_choices":[{"not_picked":["theMarked:ShockingTouch","theMarked:Convert","theMarked:Frustration"],"picked":"SKIP","floor":1.0},{"not_picked":["theMarked:EmpowerWeapon","theMarked:RepellingDischarge"],"picked":"theMarked:SelfDefenseTraining","floor":3.0},{"not_picked":["theMarked:ChainLightning","theMarked:BanishingStrike"],"picked":"theMarked:ResourceFulStrike","floor":4.0},{"not_picked":["theMarked:Convert","theMarked:BanishingStrike"],"picked":"theMarked:Parkour","floor":5.0},{"not_picked":["theMarked:Static","theMarked:CreepingChasm","theMarked:ChainLightning"],"picked":"SKIP","floor":13.0},{"not_picked":["theMarked:ResourceFulStrike","theMarked:TwofoldDefense"],"picked":"theMarked:DispelDoubt","floor":14.0},{"not_picked":["theMarked:DispelDoubt","theMarked:SuspiciousRaven"],"picked":"theMarked:Levitate","floor":16.0},{"not_picked":["theMarked:Parkour+1","theMarked:HeritageOfTheMarked"],"picked":"theMarked:ComboAttacks+1","floor":18},{"not_picked":["theMarked:BanishingStrike","theMarked:Aftermath"],"picked":"theMarked:SwordAndMagic","floor":19}],"player_experience":359881,"relics_obtained":[{"floor":2.0,"key":"Oddly Smooth Stone"},{"floor":9.0,"key":"Lantern"}],"event_choices":[{"damage_healed":0.0,"max_hp_gain":0.0,"max_hp_loss":0.0,"gold_gain":0.0,"event_name":"Shining Light","player_choice":"Entered Light","floor":7.0,"gold_loss":0.0,"damage_taken":13.0,"cards_upgraded":["theMarked:Strike","theMarked:Defend"]},{"damage_healed":0.0,"max_hp_gain":5.0,"max_hp_loss":0.0,"gold_gain":0.0,"event_name":"Big Fish","player_choice":"Donut","floor":11.0,"gold_loss":0.0,"damage_taken":0.0}],"is_beta":false,"boss_relics":[{"not_picked":["Black Star","SlaversCollar"],"picked":"Pandora\u0027s Box"}],"items_purged_floors":[],"is_endless":false,"potions_floor_spawned":[1,4,14,18],"killed_by":"Centurion and Healer","ascension_level":0}}