{"host":"porgtwlvhh3hs75v","time":1608983340,"event":{"mods":["ATMod(°¢èªMod)","Act Like it!","BaseMod","GifTheSpireLib","Minty Spire (QoL Compilation)","Quick Restart","Replay The Spire","StSLib"],"gold_per_floor":[10,10,27,42,57,57,357,391,414,443,460,460,180,194,194,266,266,281,181,181,199,209,237,237,255,255,255,273,293,293,319,319,397,397,415,434,450,325,345,379,391,391,439,467,483,533,553,583,583,583,583,583,583,103,135,235],"floor_reached":57,"playtime":3860,"items_purged":["Strike_G","Strike_G","Strike_G","Defend_G"],"score":2771,"play_id":"42f3892a-cf57-4ab9-8168-15b75a98a759","local_time":"20201226194900","is_ascension_mode":true,"campfire_choices":[{"data":"AT_FocusSwordFire","floor":6.0,"key":"SMITH"},{"data":"Calculated Gamble","floor":12.0,"key":"SMITH"},{"data":"AT_RealColorLess","floor":15.0,"key":"SMITH"},{"floor":27.0,"key":"REST"},{"data":"Acrobatics","floor":32.0,"key":"SMITH"},{"floor":49.0,"key":"RECALL"},{"data":"Burst","floor":53.0,"key":"SMITH"}],"circlet_count":0,"master_deck":["AscendersBane","Defend_G","Defend_G","Defend_G","Defend_G","Survivor","Neutralize","AT_RealColorLess+1","Dagger Spray","Setup","AT_FocusSwordFire+1","Draining Mist","Calculated Gamble+1","Bouncing Flask","Cloak And Dagger","Deflect","Crow Ritual","ReplayTheSpireMod:Scrap Shanks","Burst+1","Accuracy","AT_RealColorLess+1","Hidden Blade","Escape Plan+1","ReplayTheSpireMod:Shiv Toss","Acrobatics+1","Prepared","AT_ShadowStep","Purity","Madness","ReplayTheSpireMod:Private Reserves","Calculated Gamble"],"relics":["Ring of the Snake","AT_ATBox","Old Coin","The Specimen","Lantern","Centennial Puzzle","ReplayTheSpireMod:DimensionalGlitch","ReplayFunnel","Anchor","Coffee Dripper","AT_RabadonDeathcap","AT_BellDemon","MealTicket","Art of War","Eternal Feather","Ancient Tea Set","Bronze Scales","Replay:Kaleidoscope","Replay:Rubber Ducky","Sling","AT_ArchangelStaff","AT_TheCollector"],"acts_visited":["Exordium","TheCity","TheBeyond","TheEnding"],"potions_floor_usage":[56,56,56,56,56,56,56,56,56,56,56,56,56,56,56],"damage_taken":[{"damage":0.0,"enemies":"2 Louse","floor":1.0,"turns":3.0},{"damage":9.0,"enemies":"Jaw Worm","floor":3.0,"turns":6.0},{"damage":0.0,"enemies":"Cultist","floor":4.0,"turns":3.0},{"damage":8.0,"enemies":"3 Louse","floor":5.0,"turns":3.0},{"damage":0.0,"enemies":"Lagavulin","floor":8.0,"turns":4.0},{"damage":5.0,"enemies":"3 Sentries","floor":10.0,"turns":3.0},{"damage":3.0,"enemies":"Red Slaver","floor":11.0,"turns":3.0},{"damage":0.0,"enemies":"Large Slime","floor":14.0,"turns":1.0},{"damage":0.0,"enemies":"Fading Forest","floor":16.0,"turns":3.0},{"damage":0.0,"enemies":"Spheric Guardian","floor":18.0,"turns":3.0},{"damage":12.0,"enemies":"2 Thieves","floor":21.0,"turns":3.0},{"damage":13.0,"enemies":"3 Cultists","floor":22.0,"turns":3.0},{"damage":14.0,"enemies":"Replay:Snechameleon","floor":23.0,"turns":4.0},{"damage":0.0,"enemies":"Snecko","floor":25.0,"turns":3.0},{"damage":8.0,"enemies":"Snake Plant","floor":28.0,"turns":3.0},{"damage":0.0,"enemies":"Centurion and Healer","floor":29.0,"turns":1.0},{"damage":0.0,"enemies":"Gremlin Leader","floor":31.0,"turns":2.0},{"damage":0.0,"enemies":"Automaton","floor":33.0,"turns":2.0},{"damage":0.0,"enemies":"Orb Walker","floor":35.0,"turns":3.0},{"damage":5.0,"enemies":"3 Shapes","floor":36.0,"turns":2.0},{"damage":0.0,"enemies":"3 Darklings","floor":37.0,"turns":2.0},{"damage":0.0,"enemies":"Maw","floor":39.0,"turns":1.0},{"damage":0.0,"enemies":"Giant Head","floor":40.0,"turns":2.0},{"damage":0.0,"enemies":"Transient","floor":41.0,"turns":1.0},{"damage":0.0,"enemies":"Nemesis","floor":44.0,"turns":1.0},{"damage":0.0,"enemies":"3 Darklings","floor":45.0,"turns":1.0},{"damage":0.0,"enemies":"Spire Growth","floor":47.0,"turns":1.0},{"damage":3.0,"enemies":"Giant Head","floor":48.0,"turns":2.0},{"damage":0.0,"enemies":"Replay:Hell Engine","floor":50.0,"turns":1.0},{"damage":3.0,"enemies":"Awakened One","floor":51.0,"turns":3.0},{"damage":0.0,"enemies":"Shield and Spear","floor":55.0,"turns":1.0},{"damage":62,"enemies":"The Heart","floor":56,"turns":16}],"seed_played":"-7494409287992515025","potions_obtained":[{"floor":1.0,"key":"CunningPotion"},{"floor":8.0,"key":"BlessingOfTheForge"},{"floor":16.0,"key":"LifebloodPotion"},{"floor":21.0,"key":"Flashbang"},{"floor":35.0,"key":"PowerPotion"}],"is_trial":false,"path_per_floor":["M","?","M","M","M","R","T","E","T","E","M","R","$","M","R","B",null,"M","$","?","M","M","E","?","M","T","R","M","M","?","E","R","B",null,"M","M","M","$","M","E","M","?","T","E","M","?","M","E","R","B","B",null,"R","$","E","B",null],"character_chosen":"THE_SILENT","items_purchased":["Crow Ritual","Replay:Rubber Ducky","Sling"],"campfire_rested":1,"item_purchase_floors":[13,54,54],"current_hp_per_floor":[59,59,50,50,42,42,42,42,42,37,34,34,34,34,34,34,58,58,58,58,46,33,19,19,19,19,38,30,30,30,30,30,30,57,57,52,52,52,52,52,52,37,37,37,37,37,37,34,52,52,49,62,66,66,66,4],"gold":235,"neow_bonus":"TRANSFORM_TWO_CARDS","is_daily":false,"chose_seed":false,"campfire_upgraded":5,"win_rate":0.0,"timestamp":1608983340,"path_taken":["M","?","M","M","M","R","?","E","T","E","M","R","$","M","R","BOSS","M","$","?","M","?","E","?","?","T","R","M","M","?","E","R","BOSS","M","M","M","$","M","E","M","?","T","E","M","?","?","E","R","BOSS","BOSS","R","$","E","BOSS"],"items_purchased_type":["Card","Relic","Relic"],"build_version":"2020-12-22","purchased_purges":4,"victory":true,"max_hp_per_floor":[66,66,66,66,66,66,66,66,66,66,66,66,66,66,66,66,66,66,66,66,66,66,66,66,66,66,66,66,66,66,66,66,66,66,66,66,66,66,66,66,66,66,66,66,66,66,66,66,66,66,66,66,66,66,66,66],"card_choices":[{"not_picked":["Sucker Punch","Deflect"],"picked":"AT_FocusSwordFire","floor":1.0},{"not_picked":["Dagger Spray","Sucker Punch"],"picked":"Draining Mist","floor":3.0},{"not_picked":["Masterful Stab","Dodge and Roll"],"picked":"Calculated Gamble","floor":4.0},{"not_picked":["Poisoned Stab","AT_WindRun"],"picked":"Bouncing Flask","floor":5.0},{"not_picked":["AT_WindFlip","Underhanded Strike"],"picked":"Cloak And Dagger","floor":8.0},{"not_picked":["Poisoned Stab","Finisher"],"picked":"Deflect","floor":10.0},{"not_picked":["Deflect","Dagger Spray","Underhanded Strike"],"picked":"SKIP","floor":11.0},{"not_picked":["Outmaneuver","Flying Knee"],"picked":"ReplayTheSpireMod:Scrap Shanks","floor":14.0},{"not_picked":["AT_KingSlayer","Corpse Explosion"],"picked":"Burst","floor":16.0},{"not_picked":["Dagger Throw","Dodge and Roll","Flying Knee"],"picked":"SKIP","floor":18.0},{"not_picked":["AT_WindFlip+1","PiercingWail"],"picked":"Accuracy","floor":21.0},{"not_picked":["Cloak And Dagger","Catalyst","Deadly Poison"],"picked":"SKIP","floor":22.0},{"not_picked":["AT_TinkerSharpsword","Masterful Stab+1","ReplayTheSpireMod:Necrosis"],"picked":"SKIP","floor":23.0},{"not_picked":["Cloak And Dagger","Dagger Throw"],"picked":"Hidden Blade","floor":25.0},{"not_picked":["Dagger Spray","Bane"],"picked":"Escape Plan+1","floor":28.0},{"not_picked":["Hidden Blade","PiercingWail","Sucker Punch"],"picked":"SKIP","floor":29.0},{"not_picked":["Infinite Blades","Finisher"],"picked":"Acrobatics","floor":31.0},{"not_picked":["Dodge and Roll","Cloak And Dagger"],"picked":"Prepared","floor":35.0},{"not_picked":["ReplayTheSpireMod:The Works","Slice+1"],"picked":"AT_ShadowStep","floor":36.0},{"not_picked":["Backflip","Noxious Fumes","Sucker Punch"],"picked":"SKIP","floor":37.0},{"not_picked":["Flying Knee","AT_WomanClash","Deflect"],"picked":"SKIP","floor":39.0},{"not_picked":["Deflect","Dagger Throw","Dagger Spray"],"picked":"SKIP","floor":40.0},{"not_picked":["Flying Knee","PiercingWail","Quick Slash"],"picked":"SKIP","floor":41.0},{"not_picked":["Replay:Bootleg Shield Generator","Trip"],"picked":"Purity","floor":42.0},{"not_picked":["Metamorphosis","ReplayTheSpireMod:Trickstab"],"picked":"Madness","floor":42.0},{"not_picked":["Enlightenment","AT_PowerWithin"],"picked":"ReplayTheSpireMod:Private Reserves","floor":42.0},{"not_picked":["Dodge and Roll+1","Dagger Throw"],"picked":"Calculated Gamble","floor":44.0},{"not_picked":["PiercingWail","AT_Desolate","AT_TinkerSharpsword"],"picked":"SKIP","floor":45.0},{"not_picked":["ReplayTheSpireMod:Speed Training","Underhanded Strike+1","Deflect"],"picked":"SKIP","floor":47.0},{"not_picked":["AT_WindFlip","Predator+1","Poisoned Stab"],"picked":"SKIP","floor":48.0},{"not_picked":["Blade Dance","Dagger Throw","Setup+1"],"picked":"SKIP","floor":55.0}],"player_experience":503669,"relics_obtained":[{"floor":7.0,"key":"Old Coin"},{"floor":8.0,"key":"The Specimen"},{"floor":9.0,"key":"Lantern"},{"floor":10.0,"key":"Centennial Puzzle"},{"floor":23.0,"key":"ReplayFunnel"},{"floor":31.0,"key":"Anchor"},{"floor":40.0,"key":"AT_RabadonDeathcap"},{"floor":43.0,"key":"AT_BellDemon"},{"floor":44.0,"key":"MealTicket"},{"floor":44.0,"key":"Art of War"},{"floor":45.0,"key":"Eternal Feather"},{"floor":47.0,"key":"Ancient Tea Set"},{"floor":48.0,"key":"Bronze Scales"},{"floor":48.0,"key":"Replay:Kaleidoscope"},{"floor":55.0,"key":"AT_ArchangelStaff"},{"floor":55.0,"key":"AT_TheCollector"}],"event_choices":[{"damage_healed":0.0,"max_hp_gain":0.0,"max_hp_loss":0.0,"gold_gain":0.0,"event_name":"N\u0027loth","player_choice":"Ignored","floor":20.0,"gold_loss":0.0,"damage_taken":0.0},{"damage_healed":0.0,"max_hp_gain":0.0,"max_hp_loss":0.0,"gold_gain":0.0,"event_name":"Duplicator","player_choice":"Copied","floor":24.0,"gold_loss":0.0,"damage_taken":0.0,"cards_obtained":["AT_RealColorLess"]},{"damage_healed":0.0,"max_hp_gain":0.0,"max_hp_loss":0.0,"gold_gain":0.0,"event_name":"Match and Keep!","player_choice":"1 cards matched","floor":30.0,"gold_loss":0.0,"damage_taken":0.0,"cards_obtained":["ReplayTheSpireMod:Shiv Toss"]},{"damage_healed":0.0,"max_hp_gain":0.0,"max_hp_loss":0.0,"gold_gain":0.0,"event_name":"SensoryStone","player_choice":"Memory 3","floor":42.0,"gold_loss":0.0,"damage_taken":10.0},{"damage_healed":0.0,"max_hp_gain":0.0,"max_hp_loss":0.0,"gold_gain":50.0,"event_name":"Golden Shrine","player_choice":"Pray","floor":46.0,"gold_loss":0.0,"damage_taken":0.0}],"is_beta":false,"boss_relics":[{"not_picked":["Ring of Chaos","Snecko Eye"],"picked":"ReplayTheSpireMod:DimensionalGlitch"},{"not_picked":["Replay:Drink Me","Replay:Bronze Core"],"picked":"Coffee Dripper"}],"items_purged_floors":[13,19,38,54],"is_endless":false,"potions_floor_spawned":[1,8,10,14,16,21,28,29,31,35,36,40,44,45,47,55],"ascension_level":20}}