{"host":"aq6j0shg22k0vr7s","time":1608972879,"event":{"mods":["2.2 Compatiblity","AchievementEnabler","BaseMod","Better Note","Colored Map","Hermit","Marisa????????","Minty Spire (QoL Compilation)","Quick Restart","StSLib","The Bug Knight","The Cursed"],"gold_per_floor":[113,11,11,11,86,115,115],"floor_reached":6,"playtime":147,"items_purged":[],"score":42,"play_id":"866134f8-dfcb-4064-bf8b-cd7e603e773b","local_time":"20201226005439","is_ascension_mode":false,"campfire_choices":[],"circlet_count":0,"master_deck":["hermit:Strike_Hermit","hermit:Strike_Hermit","hermit:Strike_Hermit","hermit:Strike_Hermit","hermit:Defend_Hermit","hermit:Defend_Hermit","hermit:Defend_Hermit","hermit:Defend_Hermit","hermit:Snapshot","hermit:Covet","hermit:Vantage","hermit:Combo+1","hermit:Roulette","hermit:ShadowCloak"],"relics":["hermit:Momento","Mummified Hand","Prayer Wheel"],"acts_visited":["Exordium"],"potions_floor_usage":[],"damage_taken":[{"damage":4,"enemies":"Small Slimes","floor":1,"turns":3},{"damage":57,"enemies":"Gremlin Nob","floor":6,"turns":6}],"seed_played":"9168369224171595545","potions_obtained":[{"floor":6,"key":"DuplicationPotion"}],"is_trial":false,"path_per_floor":["M","$","?","?","?","E"],"character_chosen":"HERMIT","items_purchased":["hermit:Combo","hermit:Roulette"],"campfire_rested":0,"item_purchase_floors":[2,2],"current_hp_per_floor":[78,78,75,75,64,7,7],"gold":115,"neow_bonus":"TEN_PERCENT_HP_BONUS","is_daily":false,"chose_seed":false,"campfire_upgraded":0,"win_rate":0.0,"timestamp":1608972879,"path_taken":["M","$","?","?","?","E"],"items_purchased_type":["Card","Card"],"build_version":"2020-12-22","purchased_purges":0,"victory":false,"max_hp_per_floor":[82,82,82,82,82,82,82],"card_choices":[{"not_picked":["hermit:Quickdraw","hermit:Determination"],"picked":"hermit:Vantage","floor":1},{"not_picked":["hermit:BigShot","hermit:TrackingShot"],"picked":"hermit:ShadowCloak","floor":6}],"player_experience":65938,"relics_obtained":[{"floor":6,"key":"Prayer Wheel"}],"event_choices":[{"damage_healed":0,"gold_gain":0,"player_choice":"Success","damage_taken":3,"relics_obtained":["Mummified Hand"],"max_hp_gain":0,"max_hp_loss":0,"event_name":"Scrap Ooze","floor":3,"gold_loss":0},{"damage_healed":0,"gold_gain":0,"player_choice":"Grow","damage_taken":0,"max_hp_gain":0,"max_hp_loss":0,"event_name":"Living Wall","floor":4,"gold_loss":0,"cards_upgraded":["hermit:Combo"]},{"damage_healed":0,"gold_gain":75,"player_choice":"Gather Gold","damage_taken":11,"max_hp_gain":0,"max_hp_loss":0,"event_name":"World of Goop","floor":5,"gold_loss":0}],"is_beta":false,"boss_relics":[],"items_purged_floors":[],"is_endless":false,"potions_floor_spawned":[6],"killed_by":"Gremlin Nob","ascension_level":0}}