{"host":"03a85bwj0a5skoit","time":1608970147,"event":{"mods":["BaseMod","Block Reminder","Minty Spire (QoL Compilation)","Relic Stats","StSLib"],"gold_per_floor":[114,114,124,0,13,41,41,72,72,72,72,72],"floor_reached":11,"playtime":228,"items_purged":[],"score":162,"play_id":"3d6f9ed2-472d-4390-8db3-fce0eb0a4c38","local_time":"20201226183907","is_ascension_mode":true,"campfire_choices":[{"data":"Zap","floor":7,"key":"SMITH"}],"circlet_count":0,"master_deck":["AscendersBane","Strike_B","Strike_B","Strike_B","Strike_B","Defend_B","Defend_B","Defend_B","Defend_B","Zap+1","Dualcast","Streamline+1","Scrape","Glacier","Melter","Gash","Doom and Gloom","Force Field"],"relics":["Cracked Core","NeowsBlessing","Emotion Chip","Frozen Egg 2","Sundial"],"acts_visited":["Exordium"],"potions_floor_usage":[8,8],"damage_taken":[{"damage":0,"enemies":"Small Slimes","floor":1,"turns":1},{"damage":0,"enemies":"Cultist","floor":3,"turns":1},{"damage":0,"enemies":"Jaw Worm","floor":5,"turns":1},{"damage":24,"enemies":"Lagavulin","floor":6,"turns":5},{"damage":31,"enemies":"3 Sentries","floor":8,"turns":6},{"damage":10,"enemies":"Lagavulin","floor":11,"turns":3}],"seed_played":"2532067792480122280","potions_obtained":[{"floor":5,"key":"Strength Potion"},{"floor":6,"key":"Fire Potion"},{"floor":8,"key":"Ancient Potion"}],"is_trial":false,"path_per_floor":["M","?","M","$","M","E","R","E","T","?","E"],"character_chosen":"DEFECT","items_purchased":["Glacier","Melter"],"campfire_rested":0,"item_purchase_floors":[4,4],"current_hp_per_floor":[64,64,64,64,64,40,40,9,9,9,0,0],"gold":72,"neow_bonus":"THREE_ENEMY_KILL","is_daily":false,"chose_seed":false,"campfire_upgraded":1,"win_rate":0.0,"timestamp":1608970147,"path_taken":["M","?","?","$","M","E","R","E","T","?","E"],"items_purchased_type":["Card","Card"],"build_version":"2020-12-22","purchased_purges":0,"victory":false,"max_hp_per_floor":[71,71,71,71,71,71,71,71,71,71,71,71],"relic_stats":{"Emotion Chip":[4,4,0,0,0],"counters":[6,17],"Sundial":[0],"obtain_stats":[{"Emotion Chip":6,"NeowsBlessing":0,"Sundial":9,"Frozen Egg 2":8,"Cracked Core":0},{"Emotion Chip":4,"NeowsBlessing":0,"Sundial":5,"Frozen Egg 2":5,"Cracked Core":0},{"Emotion Chip":8,"NeowsBlessing":0,"Sundial":14,"Frozen Egg 2":14,"Cracked Core":0}]},"card_choices":[{"not_picked":["Turbo","Hologram"],"picked":"Streamline","floor":1},{"not_picked":["Force Field","Undo"],"picked":"Scrape","floor":3},{"not_picked":["Static Discharge","Cold Snap"],"picked":"Gash","floor":5},{"not_picked":["Melter","Auto Shields"],"picked":"Doom and Gloom","floor":6},{"not_picked":["Streamline","Fusion"],"picked":"Force Field","floor":8}],"player_experience":2312982,"relics_obtained":[{"floor":6,"key":"Emotion Chip"},{"floor":8,"key":"Frozen Egg 2"},{"floor":9,"key":"Sundial"}],"event_choices":[{"damage_healed":0,"gold_gain":0,"player_choice":"Upgraded","damage_taken":0,"max_hp_gain":0,"max_hp_loss":0,"event_name":"Upgrade Shrine","floor":2,"gold_loss":0,"cards_upgraded":["Streamline"]},{"damage_healed":0,"gold_gain":0,"player_choice":"Ignored","damage_taken":0,"max_hp_gain":0,"max_hp_loss":0,"event_name":"Liars Game","floor":10,"gold_loss":0}],"is_beta":false,"boss_relics":[],"items_purged_floors":[],"is_endless":false,"potions_floor_spawned":[5,6,8],"killed_by":"Lagavulin","ascension_level":20}}