{"host":"ydb2tj77qwtn71sy","time":1608981230,"event":{"mods":["2.2 Compatiblity","AchievementEnabler","Aspiration","BaseMod","Bestiary","Better Note","Better Skull","Better Third Choice","BetterRewards","Colored Map","Colored Powertips","Conspire","DeckTracker","Displayed Cursed Tome","Infinite Spire","Lobotomy","Minty Spire (QoL Compilation)","Relic Stats","Replay The Spire","Spicy Shops","StSLib","The Blue Laboratory","Uncapped"],"gold_per_floor":[113,113,124,144,16,45,45,64,64,77,110,110,110,120,120,225,225,238,238,238,258,269,302,302,333,357,357,375,375,375,405,405,505,505,522,541,591,602,621,647,691,739,785,845,845,909,909,963,963,1009],"floor_reached":51,"playtime":2609,"items_purged":[],"score":1605,"play_id":"6cf7a22b-6c52-435a-bae5-1e7298a53337","local_time":"20201226201350","is_ascension_mode":true,"campfire_choices":[{"data":"Neutralize","floor":13,"key":"SMITH"},{"floor":29,"key":"REST"},{"floor":32,"key":"REST"},{"floor":47,"key":"REST"},{"floor":49,"key":"REST"}],"circlet_count":0,"master_deck":["Strike_G","Strike_G","Strike_G","Strike_G","Strike_G","Defend_G","Defend_G","Defend_G","Defend_G","Defend_G","Survivor","Neutralize+1","Slice+1","Endless Agony","Predator","Slice","Cloak And Dagger+1","Flying Knee","Backflip","Dagger Spray","Slice+1","Outmaneuver+1","Masterful Stab","Noxious Fumes","Prepared+1","Venomology+1","Acrobatics","Replay:Bag of Tricks+1","Sucker Punch","Distraction","Protect+1","Replay:BluntJabs+1","Violence+1","Slice","Replay:Undeath\u0027s Touch+1","infinitespire:FutureSight","infinitespire:Punishment","infinitespire:UltimateForm","conspire:Banana","Creative AI+1","Endless Agony+1","TalkToTheHand+1","Pommel Strike","Consecrate+1","Quick Slash+1","Swift Strike+1","Cleave","Skim","Twin Strike+1","Sucker Punch+1","Dropkick+1"],"relics":["Ring of the Snake","Anchor","Replay:Baseball","PreservedInsect","Golden Egg","conspire:InfiniteJournal","The Courier","Juzu Bracelet","aspiration:HiddenCompartment","Fusion Hammer","PrismaticShard","Art of War","infinitespire:Broken Mirror","Kunai","ReplayTheSpireMod:Lightbulb","Tingsha","aspiration:TomeofQuesting","Runic Pyramid","infinitespire:CursedDice","Replay:Bandana","Turnip","Ancient Tea Set","Bronze Scales"],"acts_visited":["Exordium","TheCity","TheBeyond"],"potions_floor_usage":[16,22,22,23,25,31,31,33,33,40,42,42,44,44,46,46,48,50,50,50],"damage_taken":[{"damage":0,"enemies":"Small Slimes","floor":1,"turns":2},{"damage":0,"enemies":"Cultist","floor":3,"turns":2},{"damage":0,"enemies":"infinitespire:Voidling","floor":4,"turns":2},{"damage":0,"enemies":"Replay:BlueRogue","floor":6,"turns":3},{"damage":0,"enemies":"2 Fungi Beasts","floor":8,"turns":2},{"damage":3,"enemies":"Exordium Thugs","floor":10,"turns":3},{"damage":3,"enemies":"Gremlin Nob","floor":11,"turns":3},{"damage":0,"enemies":"Looter","floor":14,"turns":2},{"damage":31,"enemies":"Slime Boss","floor":16,"turns":8},{"damage":4,"enemies":"2 Thieves","floor":18,"turns":4},{"damage":0,"enemies":"Spheric Guardian","floor":21,"turns":3},{"damage":23,"enemies":"3 Cultists","floor":22,"turns":5},{"damage":0,"enemies":"conspire:SneckoGhost","floor":23,"turns":3},{"damage":4,"enemies":"Book of Stabbing","floor":25,"turns":3},{"damage":4,"enemies":"Sentry and Sphere","floor":28,"turns":3},{"damage":0,"enemies":"Slavers","floor":31,"turns":2},{"damage":10,"enemies":"Automaton","floor":33,"turns":6},{"damage":0,"enemies":"3 Shapes","floor":35,"turns":2},{"damage":0,"enemies":"Orb Walker","floor":36,"turns":3},{"damage":3,"enemies":"Mind Bloom Boss Battle","floor":37,"turns":5},{"damage":11,"enemies":"3 Darklings","floor":38,"turns":3},{"damage":0,"enemies":"Sphere and 2 Shapes","floor":39,"turns":4},{"damage":34,"enemies":"Reptomancer","floor":40,"turns":5},{"damage":9,"enemies":"4 Shapes","floor":41,"turns":5},{"damage":6,"enemies":"R_Hoarder","floor":42,"turns":6},{"damage":10,"enemies":"Nemesis","floor":44,"turns":4},{"damage":0,"enemies":"Maw","floor":46,"turns":6},{"damage":6,"enemies":"Jaw Worm Horde","floor":48,"turns":2},{"damage":20,"enemies":"Awakened One","floor":50,"turns":11}],"seed_played":"-5162030473908877907","potions_obtained":[{"floor":4,"key":"DistilledChaos"},{"floor":6,"key":"blueLaboratory:ArtistsPotion"},{"floor":10,"key":"blueLaboratory:HummingbirdPotion"},{"floor":21,"key":"BlessingOfTheForge"},{"floor":28,"key":"SpeedPotion"},{"floor":31,"key":"blueLaboratory:HorrorPotion"},{"floor":36,"key":"blueLaboratory:NullPotion"},{"floor":42,"key":"blueLaboratory:NullPotion"},{"floor":46,"key":"Milkshake"}],"is_trial":false,"path_per_floor":["M","?","M","M","$","E","$","M","T","M","E","?","R","M","R_BF","B",null,"M","?","?","M","M","E","?","E","T","?","M","R","AVR","E","R","B",null,"M","M","?","M","M","E","M","E","T","E","?","M","R","M","R","B",null],"character_chosen":"THE_SILENT","items_purchased":["Anchor","Slice+1","Endless Agony","Predator","Slice","Cloak And Dagger+1","Replay:Baseball","PreservedInsect","Golden Egg","Slice","Outmaneuver"],"campfire_rested":4,"item_purchase_floors":[0,0,0,0,0,0,0,0,0,5,5],"current_hp_per_floor":[63,63,63,63,63,63,63,63,63,60,57,57,57,57,70,39,62,58,50,50,50,27,27,27,23,23,10,6,28,28,28,50,41,67,67,67,65,55,56,23,15,10,10,51,51,52,77,71,84,65],"gold":1009,"neow_bonus":"","is_daily":false,"chose_seed":false,"campfire_upgraded":1,"win_rate":0.0,"timestamp":1608981230,"path_taken":["M","?","?","M","$","E","$","M","T","?","E","?","R","M","R_BF","BOSS","M","?","?","M","M","E","?","E","T","?","M","R","AVR","E","R","BOSS","M","M","?","M","M","E","M","E","T","E","?","M","R","M","R","BOSS"],"items_purchased_type":["Relic","Card","Card","Card","Card","Card","Relic","Relic","Relic","Card","Card"],"build_version":"2020-12-22","purchased_purges":0,"victory":true,"max_hp_per_floor":[70,70,70,70,70,70,70,70,70,70,70,70,70,70,70,70,70,70,70,70,70,70,70,70,70,70,75,75,75,75,75,75,76,76,76,76,77,78,79,80,81,82,82,83,83,84,84,84,84,85],"relic_stats":{"counters":[157,660],"Bronze Scales":[66],"Tingsha":[87],"PreservedInsect":341,"Turnip":[3],"Juzu Bracelet":0,"Art of War":[0],"Kunai":[74],"obtain_stats":[{"Ice Cream":46,"TwistedFunnel":0,"Divine Protection":43,"infinitespire:BottledMercury":9,"Golden Egg":45,"Spirit Poop":20,"Vajra":0,"Whetstone":44,"Sling":0,"conspire:SeveredTorchhead":34,"Centennial Puzzle":47,"HornCleat":3,"infinitespire:ShieldingShard":26,"Strawberry":11,"MealTicket":9,"Fusion Hammer":17,"HandDrill":0,"Kunai":38,"Toxic Egg 2":4,"Replay:Wax Seal":0,"aspiration:StickyExplosives":47,"Happy Flower":5,"aspiration:Nostalgia":24,"Blue Candle":40,"Eternal Feather":6,"Tingsha":30,"ReplayTheSpireMod:SealedPack":17,"Letter Opener":9,"Paper Crane":0,"aspiration:HiddenCompartment":12,"aspiration:IroncladSkillbook":17,"SlaversCollar":17,"Replay:Baseball":0,"infinitespire:Broken Mirror":24,"Bronze Scales":44,"Onion Ring":24,"Simple Rune":0,"Molten Egg 2":0,"Mirror":0,"infinitespire:PuzzleCube":23,"Darkstone Periapt":26,"Lantern":0,"Replay:PocketPolymizer":24,"Torii":0,"SacredBark":34,"Blue Doll":9,"conspire:SpecialSausage":34,"aspiration:TomeofQuesting":9,"Replay:Multitool":45,"Juzu Bracelet":25,"Cursed Key":21,"PrismaticShard":29,"Ancient Tea Set":14,"conspire:TopHat":43,"ClockworkSouvenir":38,"conspire:InfiniteJournal":6,"Nunchaku":14,"Replay:Bandana":23,"Matryoshka":26,"TheAbacus":20,"WristBlade":17,"Pantograph":28,"infinitespire:Eraser":40,"Replay:Bottled Eggs":43,"Ring of the Snake":0,"Runic Pyramid":34,"aspiration:VileToxins":8,"Lee\u0027s Waffle":0,"Replay:M_StaffOfTheSnake":24,"Replay:Towering Pillar of Hats":8,"aspiration:FetidBarrel":43,"infinitespire:CursedDice":37,"Basket Of Snakes":0,"PreservedInsect":24,"Replay:WaspNest":29,"infinitespire:Joker Card":27,"infinitespire:FocusingShard":47,"The Courier":9,"aspiration:HummingbirdHeart":28,"Omamori":48,"infinitespire:Lucky Rock":9,"Orichalcum":44,"CaptainsWheel":13,"Anchor":0,"Busted Crown":17,"infinitespire:Satchel":21,"Turnip":42,"Art of War":23,"Membership Card":24,"ReplayTheSpireMod:Lightbulb":26,"FossilizedHelix":31,"Toy Ornithopter":43},{"Ice Cream":33,"TwistedFunnel":46,"Divine Protection":31,"infinitespire:BottledMercury":52,"Golden Egg":96,"Spirit Poop":17,"Vajra":73,"Whetstone":125,"Sling":34,"conspire:SeveredTorchhead":119,"Centennial Puzzle":97,"HornCleat":1,"infinitespire:ShieldingShard":61,"Strawberry":53,"MealTicket":5,"Fusion Hammer":137,"HandDrill":99,"Kunai":94,"Toxic Egg 2":8,"Replay:Wax Seal":34,"aspiration:StickyExplosives":71,"Happy Flower":50,"aspiration:Nostalgia":60,"Blue Candle":95,"Eternal Feather":10,"Tingsha":143,"ReplayTheSpireMod:SealedPack":15,"Letter Opener":79,"Paper Crane":99,"aspiration:HiddenCompartment":135,"aspiration:IroncladSkillbook":108,"SlaversCollar":83,"Replay:Baseball":128,"infinitespire:Broken Mirror":141,"Bronze Scales":154,"Onion Ring":60,"Simple Rune":73,"Molten Egg 2":99,"Mirror":34,"infinitespire:PuzzleCube":114,"Darkstone Periapt":88,"Lantern":6,"Replay:PocketPolymizer":19,"Torii":73,"SacredBark":92,"Blue Doll":11,"conspire:SpecialSausage":25,"aspiration:TomeofQuesting":41,"Replay:Multitool":71,"Juzu Bracelet":88,"Cursed Key":17,"PrismaticShard":62,"Ancient Tea Set":82,"conspire:TopHat":31,"ClockworkSouvenir":94,"conspire:InfiniteJournal":132,"Nunchaku":14,"Replay:Bandana":60,"Matryoshka":20,"TheAbacus":84,"WristBlade":56,"Pantograph":116,"infinitespire:Eraser":69,"Replay:Bottled Eggs":95,"Ring of the Snake":0,"Runic Pyramid":145,"aspiration:VileToxins":52,"Lee\u0027s Waffle":73,"Replay:M_StaffOfTheSnake":60,"Replay:Towering Pillar of Hats":79,"aspiration:FetidBarrel":69,"infinitespire:CursedDice":148,"Basket Of Snakes":73,"PreservedInsect":60,"Replay:WaspNest":90,"infinitespire:Joker Card":116,"infinitespire:FocusingShard":126,"The Courier":133,"aspiration:HummingbirdHeart":21,"Omamori":72,"infinitespire:Lucky Rock":105,"Orichalcum":32,"CaptainsWheel":107,"Anchor":128,"Busted Crown":43,"infinitespire:Satchel":17,"Turnip":153,"Art of War":141,"Membership Card":60,"ReplayTheSpireMod:Lightbulb":142,"FossilizedHelix":63,"Toy Ornithopter":124},{"Ice Cream":145,"TwistedFunnel":207,"Divine Protection":134,"infinitespire:BottledMercury":231,"Golden Egg":414,"Spirit Poop":81,"Vajra":315,"Whetstone":534,"Sling":148,"conspire:SeveredTorchhead":513,"Centennial Puzzle":419,"HornCleat":2,"infinitespire:ShieldingShard":271,"Strawberry":238,"MealTicket":12,"Fusion Hammer":575,"HandDrill":435,"Kunai":402,"Toxic Egg 2":27,"Replay:Wax Seal":148,"aspiration:StickyExplosives":308,"Happy Flower":221,"aspiration:Nostalgia":267,"Blue Candle":408,"Eternal Feather":41,"Tingsha":596,"ReplayTheSpireMod:SealedPack":69,"Letter Opener":332,"Paper Crane":435,"aspiration:HiddenCompartment":565,"aspiration:IroncladSkillbook":468,"SlaversCollar":352,"Replay:Baseball":548,"infinitespire:Broken Mirror":590,"Bronze Scales":641,"Onion Ring":267,"Simple Rune":315,"Molten Egg 2":435,"Mirror":148,"infinitespire:PuzzleCube":495,"Darkstone Periapt":373,"Lantern":19,"Replay:PocketPolymizer":86,"Torii":315,"SacredBark":393,"Blue Doll":44,"conspire:SpecialSausage":109,"aspiration:TomeofQuesting":175,"Replay:Multitool":308,"Juzu Bracelet":373,"Cursed Key":81,"PrismaticShard":274,"Ancient Tea Set":343,"conspire:TopHat":134,"ClockworkSouvenir":402,"conspire:InfiniteJournal":557,"Nunchaku":53,"Replay:Bandana":267,"Matryoshka":89,"TheAbacus":359,"WristBlade":251,"Pantograph":501,"infinitespire:Eraser":301,"Replay:Bottled Eggs":408,"Ring of the Snake":0,"Runic Pyramid":604,"aspiration:VileToxins":231,"Lee\u0027s Waffle":315,"Replay:M_StaffOfTheSnake":267,"Replay:Towering Pillar of Hats":332,"aspiration:FetidBarrel":301,"infinitespire:CursedDice":614,"Basket Of Snakes":315,"PreservedInsect":267,"Replay:WaspNest":381,"infinitespire:Joker Card":501,"infinitespire:FocusingShard":539,"The Courier":559,"aspiration:HummingbirdHeart":96,"Omamori":310,"infinitespire:Lucky Rock":452,"Orichalcum":142,"CaptainsWheel":459,"Anchor":548,"Busted Crown":190,"infinitespire:Satchel":81,"Turnip":637,"Art of War":590,"Membership Card":267,"ReplayTheSpireMod:Lightbulb":593,"FossilizedHelix":277,"Toy Ornithopter":528}],"Ring of the Snake":[318]},"card_choices":[{"not_picked":["Backflip","Slice"],"picked":"Flying Knee","floor":1},{"not_picked":["Noxious Fumes","Hidden Blade"],"picked":"Backflip","floor":3},{"not_picked":["Backflip","conspire:DoublingDagger"],"picked":"Dagger Spray","floor":4},{"not_picked":["Underhanded Strike","ReplayTheSpireMod:The Works"],"picked":"Masterful Stab","floor":6},{"not_picked":["Outmaneuver","ReplayTheSpireMod:Scrap Shanks"],"picked":"Noxious Fumes","floor":8},{"not_picked":["Hidden Blade","Bane"],"picked":"Prepared","floor":10},{"not_picked":["Outmaneuver","ReplayTheSpireMod:Exploit Weakness"],"picked":"Venomology","floor":11},{"not_picked":["Slice","Outmaneuver"],"picked":"Acrobatics","floor":14},{"not_picked":["Atom Bomb","Storm of Steel"],"picked":"Replay:Bag of Tricks","floor":16},{"not_picked":["Hidden Blade","Acrobatics"],"picked":"Sucker Punch","floor":18},{"not_picked":["Acrobatics","Dagger Throw"],"picked":"Distraction","floor":19},{"not_picked":["PanicButton+1","TodaysExpression"],"picked":"Protect+1","floor":21},{"not_picked":["Glacier","Replay:Battleflow"],"picked":"Replay:BluntJabs+1","floor":22},{"not_picked":["WristCuter","Heavy Blade"],"picked":"Violence","floor":23},{"not_picked":["Warcry","TodaysExpression"],"picked":"Slice","floor":25},{"not_picked":["Dodge and Roll","Ball Lightning"],"picked":"Replay:Undeath\u0027s Touch+1","floor":28},{"not_picked":["Clothesline","MentalFortress"],"picked":"conspire:Banana","floor":31},{"not_picked":["Demonic Infusion","Brutality"],"picked":"Creative AI","floor":33},{"not_picked":["Finisher","Anger+1"],"picked":"Endless Agony+1","floor":35},{"not_picked":["ReplayTheSpireMod:Calculation Training","Adaptation"],"picked":"TalkToTheHand+1","floor":36},{"not_picked":["Crystallizer+1","Leap"],"picked":"Pommel Strike","floor":37},{"not_picked":["infinitespire:OneForAll","ReplayTheSpireMod:Limb From Limb+1"],"picked":"Consecrate+1","floor":38},{"not_picked":["Steam+1","SwordSharpenedByTears+1"],"picked":"Quick Slash+1","floor":39},{"not_picked":["Multi-Cast","Melter"],"picked":"Swift Strike+1","floor":40},{"not_picked":["PiercingWail","Flying Knee+1"],"picked":"Cleave","floor":41},{"not_picked":["CutThroughFate+1","FollowUp"],"picked":"Skim","floor":42},{"not_picked":["Reverberation+1","Lantern+1"],"picked":"Twin Strike+1","floor":44},{"not_picked":["Adoration","True Grit+1"],"picked":"Sucker Punch+1","floor":46},{"not_picked":["Underhanded Strike+1","Heavy Blade+1"],"picked":"Dropkick+1","floor":48}],"player_experience":379370,"relics_obtained":[{"floor":6,"key":"conspire:InfiniteJournal"},{"floor":9,"key":"The Courier"},{"floor":11,"key":"Juzu Bracelet"},{"floor":19,"key":"PrismaticShard"},{"floor":23,"key":"Art of War"},{"floor":25,"key":"Kunai"},{"floor":26,"key":"ReplayTheSpireMod:Lightbulb"},{"floor":31,"key":"aspiration:TomeofQuesting"},{"floor":37,"key":"infinitespire:CursedDice"},{"floor":40,"key":"Replay:Bandana"},{"floor":42,"key":"Turnip"},{"floor":43,"key":"Ancient Tea Set"},{"floor":44,"key":"Bronze Scales"}],"event_choices":[{"damage_healed":0,"gold_gain":0,"player_choice":"Ignored","damage_taken":0,"max_hp_gain":0,"max_hp_loss":0,"event_name":"Purifier","floor":2,"gold_loss":0},{"damage_healed":0,"gold_gain":0,"player_choice":"Gave Potion","damage_taken":0,"relics_obtained":["aspiration:HiddenCompartment"],"max_hp_gain":0,"max_hp_loss":0,"event_name":"WeMeetAgain","floor":12,"gold_loss":0},{"damage_healed":0,"gold_gain":0,"player_choice":"Ignored","damage_taken":0,"max_hp_gain":0,"max_hp_loss":0,"event_name":"Cursed Tome","floor":20,"gold_loss":0},{"damage_healed":0,"gold_gain":0,"player_choice":"Shed Blood","damage_taken":18,"max_hp_gain":5,"max_hp_loss":0,"event_name":"Forgotten Altar","floor":27,"gold_loss":0},{"damage_healed":0,"gold_gain":0,"player_choice":"Fight","damage_taken":0,"max_hp_gain":0,"max_hp_loss":0,"event_name":"MindBloom","floor":37,"gold_loss":0}],"is_beta":false,"boss_relics":[{"not_picked":["aspiration:RunicSpoon","Sozu"],"picked":"Fusion Hammer"},{"not_picked":["aspiration:WatcherSkillbook","aspiration:PoetsPen"],"picked":"Runic Pyramid"}],"items_purged_floors":[],"is_endless":false,"potions_floor_spawned":[4,6,10,21,28,31,36,38,39,42,46],"ascension_level":7}}