{"host":"kh6fvhxn285ncg0o","time":1608952572,"event":{"mods":["Act Like it!","BaseMod","Colored Map","Friendly Minions","Keyboard Shortcuts","Minty Spire (QoL Compilation)","Quick Restart","Relic Stats","StSLib","SuperFastMode"],"gold_per_floor":[110,110,110,110,123,154,154,192,192,236,236,264,283,7,7,97,97,115,40,53,53,71,105,5,5,5,30,30,70,86,102,102,195,195,220,220,238,263,263,306,326,326,380,424,455,496,371,394,394,394,394,394,394,38,81,81],"floor_reached":57,"playtime":2251,"items_purged":["Strike_R","Strike_R","Strike_R","Hemokinesis+1"],"score":2996,"play_id":"1ee162a6-6de5-4cd3-ad54-3997d4c42d11","local_time":"20201226121612","is_ascension_mode":true,"campfire_choices":[{"data":"Hemokinesis","floor":7.0,"key":"SMITH"},{"data":"Carnage","floor":11.0,"key":"SMITH"},{"data":"Rage","floor":15.0,"key":"SMITH"},{"data":"Evolve","floor":25.0,"key":"SMITH"},{"floor":28.0,"key":"REST"},{"data":"Body Slam","floor":32,"key":"SMITH"},{"data":"Offering","floor":42,"key":"SMITH"},{"floor":49,"key":"RECALL"},{"data":"Exhume","floor":53,"key":"SMITH"}],"circlet_count":0,"master_deck":["AscendersBane","Defend_R","Defend_R","Defend_R+1","Defend_R+1","Bash","Evolve","Carnage+1","Inflame","Rage+1","Disarm","Offering+1","Body Slam+1","Evolve+1","Burning Pact+1","Shrug It Off+1","Offering","Exhume+1","Pommel Strike+1","Shockwave","Discovery","Feel No Pain+1"],"relics":["Black Blood","NeowsBlessing","Pantograph","Golden Idol","Mummified Hand","Paper Frog","Blood Vial","Odd Mushroom","Bronze Scales","Mark of Pain","Nloth\u0027s Gift","Lantern","Gambling Chip","Omamori","Orichalcum","Thread and Needle","Sundial","Boot"],"acts_visited":["Exordium","TheCity","TheBeyond","TheEnding"],"potions_floor_usage":[30,33,46,50,54,56,56],"damage_taken":[{"damage":0.0,"enemies":"Jaw Worm","floor":1.0,"turns":1.0},{"damage":0.0,"enemies":"Small Slimes","floor":5.0,"turns":1.0},{"damage":0.0,"enemies":"3 Sentries","floor":6.0,"turns":2.0},{"damage":34.0,"enemies":"Gremlin Nob","floor":8.0,"turns":4.0},{"damage":16.0,"enemies":"3 Sentries","floor":10.0,"turns":8.0},{"damage":11.0,"enemies":"The Mushroom Lair","floor":12.0,"turns":4.0},{"damage":0.0,"enemies":"2 Louse","floor":13.0,"turns":3.0},{"damage":31.0,"enemies":"The Guardian","floor":16.0,"turns":10.0},{"damage":21.0,"enemies":"Spheric Guardian","floor":18.0,"turns":4.0},{"damage":16.0,"enemies":"2 Thieves","floor":20.0,"turns":4.0},{"damage":21.0,"enemies":"Cultist and Chosen","floor":22.0,"turns":6.0},{"damage":45.0,"enemies":"Book of Stabbing","floor":23.0,"turns":4.0},{"damage":23.0,"enemies":"Shelled Parasite and Fungi","floor":27.0,"turns":3.0},{"damage":29.0,"enemies":"Slavers","floor":29.0,"turns":4.0},{"damage":6,"enemies":"Centurion and Healer","floor":30,"turns":8},{"damage":0,"enemies":"Cultist and Chosen","floor":31,"turns":4},{"damage":40,"enemies":"Automaton","floor":33,"turns":7},{"damage":12,"enemies":"Orb Walker","floor":35,"turns":3},{"damage":2,"enemies":"3 Shapes","floor":37,"turns":6},{"damage":12,"enemies":"Spire Growth","floor":38,"turns":3},{"damage":29,"enemies":"Nemesis","floor":40,"turns":5},{"damage":25,"enemies":"Transient","floor":41,"turns":6},{"damage":25,"enemies":"Giant Head","floor":44,"turns":5},{"damage":2,"enemies":"Mind Bloom Boss Battle","floor":45,"turns":8},{"damage":16,"enemies":"Reptomancer","floor":46,"turns":3},{"damage":9,"enemies":"Sphere and 2 Shapes","floor":48,"turns":5},{"damage":51,"enemies":"Time Eater","floor":50,"turns":11},{"damage":27,"enemies":"Donu and Deca","floor":51,"turns":7},{"damage":21,"enemies":"Shield and Spear","floor":55,"turns":3},{"damage":31,"enemies":"The Heart","floor":56,"turns":5}],"seed_played":"-9176600797214709446","potions_obtained":[{"floor":6.0,"key":"ColorlessPotion"},{"floor":10.0,"key":"ColorlessPotion"},{"floor":16.0,"key":"BloodPotion"},{"floor":18.0,"key":"FairyPotion"},{"floor":29.0,"key":"DistilledChaos"},{"floor":30,"key":"SkillPotion"},{"floor":31,"key":"SteroidPotion"},{"floor":33,"key":"LiquidBronze"},{"floor":38,"key":"PowerPotion"},{"floor":45,"key":"Regen Potion"},{"floor":46,"key":"Ancient Potion"},{"floor":48,"key":"Swift Potion"},{"floor":55,"key":"ColorlessPotion"}],"is_trial":false,"path_per_floor":["M","?","?","?","M","E","R","E","T","E","R","?","M","$","R","B",null,"M","?","M","?","M","E","$","R","T","M","R","E","M","M","R","B",null,"M","?","M","M","?","E","M","R","T","E","?","E","$","M","R","B","B",null,"R","$","E","B",null],"character_chosen":"IRONCLAD","items_purchased":["Disarm","Bronze Scales","BloodPotion","ColorlessPotion","Discovery"],"campfire_rested":1,"item_purchase_floors":[14,14,54,54,54],"current_hp_per_floor":[74,48,48,41,47,53,53,25,25,15,15,12,20,20,20,22,57,44,44,36,36,23,18,18,18,18,16,36,15,17,25,25,18,56,58,58,68,68,68,51,40,40,40,29,66,64,64,68,68,29,41,61,61,68,59,49],"gold":81,"neow_bonus":"THREE_ENEMY_KILL","is_daily":false,"chose_seed":false,"campfire_upgraded":7,"win_rate":0.0,"timestamp":1608952572,"path_taken":["M","?","?","?","M","E","R","E","T","E","R","?","M","?","R","BOSS","M","?","M","?","M","E","$","R","T","?","R","E","M","M","R","BOSS","M","?","M","?","?","E","?","R","T","E","?","E","$","M","R","BOSS","BOSS","R","$","E","BOSS"],"items_purchased_type":["Card","Relic","Potion","Potion","Card"],"build_version":"2020-12-22","purchased_purges":4,"victory":true,"max_hp_per_floor":[75,75,68,68,68,68,68,68,68,68,68,68,68,68,68,68,68,68,68,68,68,68,68,68,68,68,68,68,68,68,68,68,68,68,68,68,68,68,68,68,68,68,68,68,68,68,68,68,68,68,68,68,68,68,68,68],"relic_stats":{"counters":[30,147],"Golden Idol":230,"Black Blood":255,"Orichalcum":[12],"Boot":[0],"Blood Vial":42,"Mummified Hand":[76],"Sundial":[66],"Pantograph":107,"Bronze Scales":[380],"Gambling Chip":[50],"Nloth\u0027s Gift":7,"obtain_stats":[{"Lantern":26,"NeowsBlessing":0,"Golden Idol":3,"Black Blood":34,"Thread and Needle":45,"Omamori":40,"War Paint":6,"Odd Mushroom":12,"Orichalcum":44,"Boot":55,"Burning Blood":0,"Blood Vial":10,"Mummified Hand":8,"Sundial":46,"Pantograph":2,"Bronze Scales":14,"Gambling Chip":29,"Mark of Pain":17,"Nloth\u0027s Gift":21,"Paper Frog":9},{"Lantern":12,"NeowsBlessing":0,"Golden Idol":1,"Black Blood":17,"Thread and Needle":24,"Omamori":21,"War Paint":3,"Odd Mushroom":6,"Orichalcum":23,"Boot":29,"Burning Blood":0,"Blood Vial":5,"Mummified Hand":4,"Sundial":25,"Pantograph":1,"Bronze Scales":7,"Gambling Chip":14,"Mark of Pain":8,"Nloth\u0027s Gift":10,"Paper Frog":4},{"Lantern":51,"NeowsBlessing":0,"Golden Idol":1,"Black Blood":77,"Thread and Needle":113,"Omamori":94,"War Paint":4,"Odd Mushroom":20,"Orichalcum":105,"Boot":142,"Burning Blood":0,"Blood Vial":16,"Mummified Hand":8,"Sundial":116,"Pantograph":1,"Bronze Scales":23,"Gambling Chip":58,"Mark of Pain":33,"Nloth\u0027s Gift":41,"Paper Frog":8}]},"card_choices":[{"not_picked":["Body Slam","Shrug It Off"],"picked":"Hemokinesis","floor":5.0},{"not_picked":["Shrug It Off","Body Slam"],"picked":"Evolve","floor":6.0},{"not_picked":["Iron Wave","Flex"],"picked":"Carnage","floor":8.0},{"not_picked":["Hemokinesis","Warcry","Thunderclap"],"picked":"SKIP","floor":10.0},{"not_picked":["Armaments","Sentinel"],"picked":"Inflame","floor":12.0},{"not_picked":["Seeing Red","Body Slam"],"picked":"Rage","floor":13.0},{"not_picked":["Barricade","Impervious"],"picked":"Offering","floor":16.0},{"not_picked":["Pommel Strike","Armaments","Infernal Blade"],"picked":"SKIP","floor":18.0},{"not_picked":["Anger","Flex","Headbutt"],"picked":"SKIP","floor":20.0},{"not_picked":["Anger","Shockwave"],"picked":"Body Slam","floor":22.0},{"not_picked":["Offering","Double Tap"],"picked":"Evolve","floor":23.0},{"not_picked":["Sever Soul","Rampage"],"picked":"Burning Pact","floor":27.0},{"not_picked":["True Grit","Demon Form"],"picked":"Shrug It Off+1","floor":29.0},{"not_picked":["Perfected Strike","Shrug It Off","Thunderclap+1"],"picked":"SKIP","floor":31},{"not_picked":["Juggernaut","Double Tap"],"picked":"Offering","floor":33},{"not_picked":["Body Slam","Pummel+1","True Grit"],"picked":"SKIP","floor":35},{"not_picked":["Clothesline+1","Shrug It Off","Cleave+1"],"picked":"SKIP","floor":37},{"not_picked":["Whirlwind+1","Infernal Blade","Twin Strike"],"picked":"SKIP","floor":38},{"not_picked":["Flame Barrier+1","Ghostly Armor+1"],"picked":"Exhume","floor":40},{"not_picked":["Blood for Blood+1","Cleave"],"picked":"Pommel Strike+1","floor":41},{"not_picked":["Whirlwind+1","True Grit","Fire Breathing"],"picked":"SKIP","floor":44},{"not_picked":["Thunderclap","Exhume"],"picked":"Shockwave","floor":45},{"not_picked":["Headbutt+1","Evolve","Sword Boomerang"],"picked":"SKIP","floor":46},{"not_picked":["Perfected Strike+1","Wild Strike","Reckless Charge"],"picked":"SKIP","floor":48},{"not_picked":["Double Tap","Metallicize+1"],"picked":"Feel No Pain+1","floor":55}],"player_experience":3263368,"relics_obtained":[{"floor":6.0,"key":"War Paint"},{"floor":8.0,"key":"Mummified Hand"},{"floor":9.0,"key":"Paper Frog"},{"floor":10.0,"key":"Blood Vial"},{"floor":12.0,"key":"Odd Mushroom"},{"floor":26.0,"key":"Lantern"},{"floor":29.0,"key":"Gambling Chip"},{"floor":40,"key":"Omamori"},{"floor":44,"key":"Orichalcum"},{"floor":45,"key":"Thread and Needle"},{"floor":46,"key":"Sundial"},{"floor":55,"key":"Boot"}],"event_choices":[{"damage_healed":0.0,"max_hp_gain":0.0,"max_hp_loss":0.0,"gold_gain":0.0,"event_name":"Scrap Ooze","player_choice":"Success","floor":2.0,"gold_loss":0.0,"damage_taken":26.0,"relics_obtained":["Pantograph"]},{"damage_healed":0.0,"max_hp_gain":0.0,"max_hp_loss":7.0,"gold_gain":0.0,"event_name":"Golden Idol","player_choice":"Lose Max HP","floor":3.0,"gold_loss":0.0,"damage_taken":0.0,"relics_obtained":["Golden Idol"]},{"cards_removed":["Strike_R"],"damage_healed":0.0,"max_hp_gain":0.0,"max_hp_loss":0.0,"gold_gain":0.0,"event_name":"Golden Wing","player_choice":"Card Removal","floor":4.0,"gold_loss":0.0,"damage_taken":7.0},{"damage_healed":0.0,"max_hp_gain":0.0,"max_hp_loss":0.0,"gold_gain":0.0,"event_name":"Mushrooms","player_choice":"Fought Mushrooms","floor":12.0,"gold_loss":0.0,"damage_taken":0.0},{"cards_removed":["Strike_R"],"damage_healed":0.0,"max_hp_gain":0.0,"max_hp_loss":0.0,"gold_gain":0.0,"event_name":"Beggar","player_choice":"Gave Gold","floor":19.0,"gold_loss":75.0,"damage_taken":0.0},{"damage_healed":0.0,"max_hp_gain":0.0,"max_hp_loss":0.0,"gold_gain":0.0,"event_name":"N\u0027loth","player_choice":"Traded Relic","floor":21.0,"relics_lost":["War Paint"],"gold_loss":0.0,"damage_taken":0.0,"relics_obtained":["Nloth\u0027s Gift"]},{"damage_healed":0,"gold_gain":0,"player_choice":"Upgraded","damage_taken":0,"max_hp_gain":0,"max_hp_loss":0,"event_name":"Upgrade Shrine","floor":36,"gold_loss":0,"cards_upgraded":["Burning Pact"]},{"damage_healed":0,"gold_gain":0,"player_choice":"0 cards matched","damage_taken":0,"max_hp_gain":0,"max_hp_loss":0,"event_name":"Match and Keep!","floor":39,"gold_loss":0,"cards_obtained":[]},{"damage_healed":0,"gold_gain":0,"player_choice":"Fight","damage_taken":0,"max_hp_gain":0,"max_hp_loss":0,"event_name":"MindBloom","floor":45,"gold_loss":0}],"is_beta":false,"boss_relics":[{"not_picked":["Ectoplasm","Cursed Key"],"picked":"Mark of Pain"},{"not_picked":["SacredBark","Snecko Eye"],"picked":"Black Blood"}],"items_purged_floors":[14,24,47,54],"is_endless":false,"potions_floor_spawned":[6,10,16,18,29,30,31,33,38,45,46,48,55],"ascension_level":20}}