{"host":"qhhcmep1unj6mpf7","time":1608985168,"event":{"mods":["2.2 Compatiblity","AchievementEnabler","BaseMod","Colored Map","DeckTracker","Highlight Path","Keyboard Shortcuts","Minty Spire (QoL Compilation)","Permanent Neow","Quick Restart","Random Character Button","StSLib","SuperFastMode","everything is the same but u backflip on backflip"],"gold_per_floor":[117,117,42,56,3,15,15,15,15,65,65,140,140,152,152,248,248,260,7,7,19,0,0,14,14,14,41,60,10,26,46,46,46,46],"floor_reached":33,"playtime":1060,"items_purged":["Strike_B"],"score":370,"play_id":"537f201e-4977-4512-b71b-cf47faf74263","local_time":"20201226211928","is_ascension_mode":true,"campfire_choices":[{"data":"Consume","floor":7.0,"key":"SMITH"},{"data":"Zap","floor":11.0,"key":"SMITH"},{"floor":15.0,"key":"RECALL"},{"data":"Biased Cognition","floor":23.0,"key":"SMITH"},{"data":"Blizzard","floor":32.0,"key":"SMITH"}],"circlet_count":0,"master_deck":["Strike_B","Defend_B","Defend_B+1","Defend_B+1","Defend_B","Zap+1","Dualcast","Consume+1","Cold Snap","Coolheaded+1","Cold Snap","Biased Cognition+1","Self Repair","Capacitor+1","Defragment+1","Blizzard+1","Blizzard","Hologram+1","Skim","Amplify"],"relics":["Inserter","Symbiotic Virus","War Paint","Empty Cage","Frozen Egg 2","Girya","Orichalcum"],"acts_visited":["Exordium","TheCity"],"potions_floor_usage":[33,33],"damage_taken":[{"damage":9.0,"enemies":"Jaw Worm","floor":1.0,"turns":5.0},{"damage":0.0,"enemies":"Small Slimes","floor":4.0,"turns":3.0},{"damage":1.0,"enemies":"2 Louse","floor":6.0,"turns":3.0},{"damage":0.0,"enemies":"Blue Slaver","floor":14.0,"turns":3.0},{"damage":14.0,"enemies":"The Guardian","floor":16.0,"turns":13.0},{"damage":3.0,"enemies":"3 Byrds","floor":18.0,"turns":5.0},{"damage":10.0,"enemies":"Spheric Guardian","floor":21.0,"turns":5.0},{"damage":0.0,"enemies":"Snecko","floor":24.0,"turns":6.0},{"damage":32.0,"enemies":"Slavers","floor":27.0,"turns":6.0},{"damage":15.0,"enemies":"Snake Plant","floor":28.0,"turns":6.0},{"damage":0.0,"enemies":"Sentry and Sphere","floor":30.0,"turns":6.0},{"damage":0.0,"enemies":"Centurion and Healer","floor":31.0,"turns":9.0},{"damage":27,"enemies":"Collector","floor":33,"turns":3}],"seed_played":"1394179181807856186","potions_obtained":[{"floor":1.0,"key":"SkillPotion"},{"floor":6.0,"key":"SpeedPotion"},{"floor":24.0,"key":"DuplicationPotion"},{"floor":27.0,"key":"DuplicationPotion"}],"is_trial":false,"path_per_floor":["M","?","$","M","$","M","R","?","T","T","R","?","?","M","R","B",null,"M","$","?","M","?","R","M","?","T","E","M","$","M","M","R","B"],"character_chosen":"DEFECT","items_purchased":["Cold Snap","Frozen Egg 2","PowerPotion"],"campfire_rested":0,"item_purchase_floors":[5,19,29],"current_hp_per_floor":[59,56,56,56,56,55,55,55,55,55,55,44,49,49,49,35,69,66,66,66,63,63,63,70,70,70,45,37,37,37,44,44,17,17],"gold":46,"neow_bonus":"BOSS_RELIC","is_daily":false,"chose_seed":false,"campfire_upgraded":4,"win_rate":0.0,"timestamp":1608985168,"path_taken":["M","?","$","M","$","M","R","?","T","?","R","?","?","M","R","BOSS","M","$","?","M","?","R","M","?","T","E","M","$","M","M","R","BOSS"],"items_purchased_type":["Card","Relic","Potion"],"build_version":"2020-12-22","purchased_purges":1,"victory":false,"max_hp_per_floor":[75,75,75,75,75,75,75,75,75,75,75,75,80,80,80,80,80,80,80,80,80,80,80,80,80,80,80,80,80,80,80,80,80,80],"card_choices":[{"not_picked":["Leap","Beam Cell"],"picked":"Consume","floor":1.0},{"not_picked":["Streamline","Auto Shields","Conserve Battery"],"picked":"SKIP","floor":4.0},{"not_picked":["Gash","Skim"],"picked":"Coolheaded","floor":6.0},{"not_picked":["FTL","Conserve Battery"],"picked":"Cold Snap","floor":14.0},{"not_picked":["Reboot","Meteor Strike"],"picked":"Biased Cognition","floor":16.0},{"not_picked":["Stack+1","Reinforced Body+1"],"picked":"Self Repair","floor":18.0},{"not_picked":["Coolheaded","Gash"],"picked":"Defragment+1","floor":21.0},{"not_picked":["Sweeping Beam","Sunder+1"],"picked":"Blizzard","floor":24.0},{"not_picked":["Steam Power","Beam Cell"],"picked":"Hologram+1","floor":27.0},{"not_picked":["Hologram","Chaos"],"picked":"Skim","floor":28.0},{"not_picked":["Stack","Compile Driver"],"picked":"Amplify","floor":30.0},{"not_picked":["Go for the Eyes","Beam Cell","Force Field+1"],"picked":"SKIP","floor":31.0}],"player_experience":324703,"relics_obtained":[{"floor":10.0,"key":"War Paint"},{"floor":26.0,"key":"Girya"},{"floor":27.0,"key":"Orichalcum"}],"event_choices":[{"damage_healed":0.0,"max_hp_gain":0.0,"max_hp_loss":0.0,"gold_gain":0.0,"event_name":"Scrap Ooze","player_choice":"Success","floor":2.0,"gold_loss":0.0,"damage_taken":3.0,"relics_obtained":["Symbiotic Virus"]},{"damage_healed":0.0,"max_hp_gain":0.0,"max_hp_loss":0.0,"gold_gain":0.0,"event_name":"Living Wall","player_choice":"Grow","floor":8.0,"gold_loss":0.0,"damage_taken":0.0,"cards_upgraded":["Coolheaded"]},{"damage_healed":0.0,"max_hp_gain":0.0,"max_hp_loss":0.0,"gold_gain":75.0,"event_name":"World of Goop","player_choice":"Gather Gold","floor":12.0,"gold_loss":0.0,"damage_taken":11.0},{"damage_healed":0.0,"max_hp_gain":5.0,"max_hp_loss":0.0,"gold_gain":0.0,"event_name":"Big Fish","player_choice":"Donut","floor":13.0,"gold_loss":0.0,"damage_taken":0.0},{"damage_healed":0.0,"max_hp_gain":0.0,"max_hp_loss":0.0,"gold_gain":0.0,"event_name":"The Library","player_choice":"Read","floor":20.0,"gold_loss":0.0,"damage_taken":0.0,"cards_obtained":["Capacitor"]},{"damage_healed":0.0,"max_hp_gain":0.0,"max_hp_loss":0.0,"gold_gain":0.0,"event_name":"Masked Bandits","player_choice":"Paid Fearfully","floor":22.0,"gold_loss":19.0,"damage_taken":0.0},{"damage_healed":0.0,"max_hp_gain":0.0,"max_hp_loss":0.0,"gold_gain":0.0,"event_name":"Duplicator","player_choice":"Copied","floor":25.0,"gold_loss":0.0,"damage_taken":0.0,"cards_obtained":["Blizzard"]}],"is_beta":false,"boss_relics":[{"not_picked":["Philosopher\u0027s Stone","Busted Crown"],"picked":"Empty Cage"}],"items_purged_floors":[3],"is_endless":false,"potions_floor_spawned":[1,6,24,27,30],"killed_by":"Collector","ascension_level":9}}