{"host":"rqgzkpsifhykr0rp","time":1608956587,"event":{"mods":["BaseMod","Colored Map","Downfall","Minty Spire (QoL Compilation)","StSLib"],"gold_per_floor":[0,10,460,470,490,522,522,542,467,113,140,140,150,164,178,178,178,178],"floor_reached":16,"playtime":1723,"items_purged":["Slimebound:Icky"],"score":125,"play_id":"35445d36-8c84-4674-8994-522d5530eb5f","local_time":"20201225232307","is_ascension_mode":true,"campfire_choices":[{"floor":1,"key":"RECALL"},{"data":"Slimebound:Icky","floor":9,"key":"PURGE"},{"data":"hexamod:Float","floor":12,"key":"SMITH"}],"circlet_count":0,"master_deck":["hexamod:Strike","hexamod:Strike","hexamod:Strike","hexamod:Defend","hexamod:Defend","hexamod:Defend","hexamod:Sear","hexamod:Float+1","hexamod:RadiantFlame","hexamod:BurningTouch","hexamod:ThermalTransfer","Slimebound:Icky","hexamod:AdvancingGuard","hexamod:FastForward","hexamod:SpectersWail","hexamod:HauntingEcho","hexamod:EmpoweredFlame","Swift Strike","Sadistic Nature","hexamod:DynamicBlow","hexamod:CatchUp","hexamod:CatchUp","hexamod:RadiantFlame"],"relics":["hexamod:SpiritBrand","Peace Pipe","Mummified Hand","downfall:HeartBlessingRed","Art of War"],"acts_visited":["Exordium"],"potions_floor_usage":[5,6,16],"damage_taken":[{"damage":0,"enemies":"Small Slimes","floor":2,"turns":5},{"damage":1,"enemies":"Jaw Worm","floor":4,"turns":3},{"damage":7,"enemies":"2 Louse","floor":5,"turns":2},{"damage":14,"enemies":"Lagavulin","floor":6,"turns":6},{"damage":9,"enemies":"Large Slime","floor":8,"turns":5},{"damage":0,"enemies":"downfall:FleeingMerchant","floor":10,"turns":4},{"damage":4,"enemies":"Gremlin Nob","floor":11,"turns":3},{"damage":2,"enemies":"Blue Slaver","floor":13,"turns":2},{"damage":0,"enemies":"2 Fungi Beasts","floor":14,"turns":3},{"damage":0,"enemies":"Lots of Slimes","floor":15,"turns":3},{"damage":39,"enemies":"downfall:Defect","floor":16,"turns":5}],"seed_played":"-5922120601295956515","potions_obtained":[{"floor":2,"key":"ColorlessPotion"},{"floor":4,"key":"CultistPotion"},{"floor":5,"key":"Explosive Potion"},{"floor":14,"key":"Strength Potion"}],"is_trial":false,"path_per_floor":["R","M","?","M","M","E","T","M","R","$","E","R","M","M","M","B"],"character_chosen":"THE_SPIRIT","items_purchased":["Swift Strike","Sadistic Nature"],"campfire_rested":0,"item_purchase_floors":[10,10],"current_hp_per_floor":[70,70,70,69,62,48,48,39,39,39,35,35,33,33,33,0,0,0],"gold":178,"neow_bonus":"TRANSFORM_TWO_CARDS","is_daily":false,"chose_seed":false,"campfire_upgraded":1,"win_rate":0.0,"timestamp":1608956587,"path_taken":["R","M","?","M","M","E","T","M","R","$","E","R","M","M","M","BOSS"],"items_purchased_type":["Card","Card"],"build_version":"2020-12-22","purchased_purges":1,"victory":false,"max_hp_per_floor":[70,70,70,70,70,70,70,70,70,70,70,70,70,70,70,70,70,70],"card_choices":[{"not_picked":["hexamod:FourthSeal","hexamod:ExtraCrispy"],"picked":"hexamod:ThermalTransfer","floor":2},{"not_picked":["hexamod:FirstSeal","hexamod:BurningTouch"],"picked":"hexamod:AdvancingGuard","floor":4},{"not_picked":["hexamod:Again","hexamod:ShieldOfDarkness"],"picked":"hexamod:FastForward","floor":5},{"not_picked":["hexamod:ThermalTransfer","hexamod:RadiantFlame"],"picked":"hexamod:SpectersWail","floor":6},{"not_picked":["hexamod:Firestarter","hexamod:GhostOfSpirePast"],"picked":"hexamod:HauntingEcho","floor":8},{"not_picked":["hexamod:SpectersWail","hexamod:BacktrackSmack"],"picked":"hexamod:EmpoweredFlame","floor":10},{"not_picked":["hexamod:ChargedBarrage","hexamod:FastForward"],"picked":"hexamod:DynamicBlow","floor":11},{"not_picked":["hexamod:GiftsFromTheDead","hexamod:SecondSeal"],"picked":"hexamod:CatchUp","floor":13},{"not_picked":["hexamod:GhostShield","hexamod:PowerFromBeyond"],"picked":"hexamod:CatchUp","floor":14},{"not_picked":["hexamod:NightmareGuise","hexamod:AdvancingGuard"],"picked":"hexamod:RadiantFlame","floor":15}],"player_experience":309180,"relics_obtained":[{"floor":6,"key":"Peace Pipe"},{"floor":7,"key":"Mummified Hand"},{"floor":11,"key":"Art of War"}],"event_choices":[],"is_beta":false,"boss_relics":[],"items_purged_floors":[10],"is_endless":false,"potions_floor_spawned":[2,4,5,14],"killed_by":"downfall:Defect","ascension_level":2}}