{"host":"bnypxyuqqfhejs48","time":1608967598,"event":{"mods":["AchievementEnabler","BaseMod","Colored Map","Colored Powertips","Downfall","Hermit","MarisaÅiñ∂âJÅ@ñÇóùçπÅj","Minty Spire (QoL Compilation)","Permanent Neow","Quick Restart","StSLib"],"gold_per_floor":[99,114,214,224,399,324,324,350,350,36,63,73,73,98,112,212,212,137,153,153,88,188,188,188,205,233,253,178,178,17,29,46,147,147,147,164,164,182,194,207,207,207,45,75,75,75,75,75,86,86,86,86,86,86],"floor_reached":52,"playtime":2935,"items_purged":["champ:Strike","champ:SteelEdge"],"score":743,"play_id":"944fab73-86f1-498b-8f94-16cd553e92de","local_time":"20201226012638","is_ascension_mode":false,"campfire_choices":[{"floor":1.0,"key":"RECALL"},{"data":"champ:Taunt","floor":6.0,"key":"SMITH"},{"data":"champ:SwordThrow","floor":13.0,"key":"SMITH"},{"data":"champ:HoldFirm","floor":18.0,"key":"SMITH"},{"data":"champ:BerserkerStyle","floor":28.0,"key":"SMITH"},{"data":"champ:SwordThrow","floor":35,"key":"SMITH"},{"data":"champ:Taunt","floor":42,"key":"SMITH"},{"data":"champ:PerfectForm","floor":47,"key":"SMITH"}],"circlet_count":0,"master_deck":["champ:Defend","champ:Defend","champ:Defend","champ:Defend","champ:Execute","champ:Taunt+1","champ:Shatter","champ:Backstep","champ:BerserkersShout","champ:SwordThrow+1","champ:BerserkerStyle+1","champ:HoldFirm+1","champ:EnragedBash","champ:Circumvent+1","Bite","Bite+1","Bite","Bite+1","Bite","champ:FaceSlap","champ:SwordThrow+1","champ:BerserkersShout+1","champ:BringItOn","champ:PerfectForm+1","champ:HeartStrike+1","champ:Taunt+1","champ:BringItOn+1","champ:ShieldWall+1","champ:HoldFirm","champ:Encircle+1"],"relics":["champ:ChampionCrownUpgraded","Smiling Mask","downfall:HeartBlessingRed","Meat on the Bone","Pen Nib","champ:DefensiveTrainingManual","Juzu Bracelet","downfall:HeartBlessingGreen","champ:BlackKnightHelmet","Ornamental Fan","downfall:HeartBlessingBlue","downfall:RedIOU","ClockworkSouvenir","Empty Cage","Mercury Hourglass","Bag of Marbles","Akabeko","Singing Bowl","Happy Flower"],"acts_visited":["Exordium","TheCity","TheBeyond","TheEnding"],"potions_floor_usage":[33,33,44,44,50],"damage_taken":[{"damage":6.0,"enemies":"2 Louse","floor":2.0,"turns":5.0},{"damage":7.0,"enemies":"Small Slimes","floor":4.0,"turns":4.0},{"damage":63.0,"enemies":"Gremlin Nob","floor":8.0,"turns":6.0},{"damage":11.0,"enemies":"downfall:FleeingMerchant","floor":10.0,"turns":4.0},{"damage":30.0,"enemies":"3 Sentries","floor":11.0,"turns":5.0},{"damage":12.0,"enemies":"Jaw Worm","floor":12.0,"turns":4.0},{"damage":25.0,"enemies":"Lagavulin","floor":14.0,"turns":4.0},{"damage":15.0,"enemies":"Exordium Thugs","floor":15.0,"turns":2.0},{"damage":48.0,"enemies":"downfall:Ironclad","floor":16.0,"turns":5.0},{"damage":7.0,"enemies":"Chosen","floor":19.0,"turns":5.0},{"damage":54.0,"enemies":"downfall:FleeingMerchant","floor":21.0,"turns":4.0},{"damage":73.0,"enemies":"downfall:FleeingMerchant","floor":22.0,"turns":6.0},{"damage":47.0,"enemies":"Snake Plant","floor":25.0,"turns":5.0},{"damage":44.0,"enemies":"Book of Stabbing","floor":26.0,"turns":4.0},{"damage":53.0,"enemies":"3 Cultists","floor":27.0,"turns":7.0},{"damage":69.0,"enemies":"downfall:FleeingMerchant","floor":30.0,"turns":4.0},{"damage":35.0,"enemies":"Cultist and Chosen","floor":31.0,"turns":3.0},{"damage":52.0,"enemies":"Sentry and Sphere","floor":32.0,"turns":4.0},{"damage":61,"enemies":"downfall:Silent","floor":33,"turns":8},{"damage":25,"enemies":"Orb Walker","floor":36,"turns":3},{"damage":54,"enemies":"3 Shapes","floor":38,"turns":5},{"damage":66,"enemies":"3 Darklings","floor":39,"turns":7},{"damage":24,"enemies":"Maw","floor":40,"turns":7},{"damage":2,"enemies":"downfall:FleeingMerchant","floor":43,"turns":2},{"damage":60,"enemies":"Giant Head","floor":44,"turns":7},{"damage":70,"enemies":"Spire Growth","floor":49,"turns":7},{"damage":51,"enemies":"downfall:Defect","floor":50,"turns":7},{"damage":202,"enemies":"downfall:CharBossMerchant","floor":52,"turns":7}],"seed_played":"-6344916869945862144","potions_obtained":[{"floor":2.0,"key":"Regen Potion"},{"floor":8.0,"key":"champ:CounterPotion"},{"floor":14.0,"key":"sneckomod:MuddlingPotion"},{"floor":15.0,"key":"Fire Potion"},{"floor":22.0,"key":"Guardian:BlockOnCardUsePotion"},{"floor":25.0,"key":"Strength Potion"},{"floor":31.0,"key":"Swift Potion"},{"floor":33,"key":"Slimebound:ThreeZeroPotion"},{"floor":39,"key":"Fire Potion"},{"floor":40,"key":"EntropicBrew"},{"floor":45,"key":"FairyPotion"},{"floor":45,"key":"champ:CounterPotion"}],"is_trial":false,"path_per_floor":["R","M","?","M","?","R","T","E","?","$","E","M","R","E","M","B",null,"R","M","?","$","?","?","T","M","E","M","R","?","$","M","M","B",null,"R","M","?","M","M","M","T","R","$","E","?","?","R","?","M","B",null,"E"],"character_chosen":"THE_CHAMP","items_purchased":["champ:SwordThrow","champ:DefensiveTrainingManual","ClockworkSouvenir","Bag of Marbles","Akabeko","champ:HoldFirm"],"campfire_rested":0,"item_purchase_floors":[10,10,30,43,43,43],"current_hp_per_floor":[90,84,84,82,82,82,82,36,36,48,56,62,62,61,56,51,90,90,90,90,90,90,90,90,83,84,82,92,92,100,98,95,97,100,100,92,92,69,67,76,76,76,82,78,78,78,78,78,53,45,102,0,0,0],"gold":86,"neow_bonus":"RANDOM_COMMON_RELIC","is_daily":false,"chose_seed":false,"campfire_upgraded":7,"win_rate":0.0,"timestamp":1608967598,"path_taken":["R","M","?","M","?","R","T","E","?","$","E","M","R","E","M","BOSS","R","M","?","?","?","?","T","M","E","M","R","?","$","M","M","BOSS","R","M","?","M","M","M","T","R","$","E","?","?","R","?","M","BOSS","E"],"items_purchased_type":["Card","Relic","Relic","Relic","Relic","Card"],"build_version":"2020-12-22","purchased_purges":2,"victory":false,"max_hp_per_floor":[90,90,90,90,90,90,90,90,90,90,90,90,90,90,90,90,90,90,90,90,90,90,90,90,90,90,90,100,100,100,100,100,100,100,100,100,100,100,100,100,100,100,100,102,102,102,102,102,102,102,102,102,102,102],"card_choices":[{"not_picked":["champ:Circumvent","champ:BladeFlurry"],"picked":"champ:Shatter","floor":2.0},{"not_picked":["champ:DefensiveShout","champ:Lariat"],"picked":"champ:Backstep","floor":4.0},{"not_picked":["champ:GladiatorsShout","champ:EndlessRage"],"picked":"champ:BerserkersShout","floor":8.0},{"not_picked":["champ:ArenaPreparation","champ:Haymaker"],"picked":"champ:FanOfKnives","floor":10.0},{"not_picked":["champ:ShieldThrow","champ:GutPunch","champ:DefensiveShout"],"picked":"SKIP","floor":11.0},{"not_picked":["champ:FanOfKnives","champ:TornadoPunch","champ:FlashCut"],"picked":"SKIP","floor":12.0},{"not_picked":["champ:GutPunch","champ:FlashCut"],"picked":"champ:ArenaPreparation","floor":14.0},{"not_picked":["champ:FocusedDefense","champ:Backstep"],"picked":"champ:BerserkerStyle","floor":15.0},{"not_picked":["champ:SwordThrow","champ:MurderStrike"],"picked":"champ:HoldFirm","floor":16.0},{"not_picked":["champ:SkillfulDodge","champ:GladiatorsShout"],"picked":"champ:EnragedBash","floor":19.0},{"not_picked":["champ:FanOfKnives+1","champ:BladeFlurry"],"picked":"champ:Circumvent+1","floor":21.0},{"not_picked":["champ:RapidStrikes","champ:ShieldWall"],"picked":"champ:SteelEdge","floor":22.0},{"not_picked":["champ:PreciseThrust","champ:FanOfKnives+1"],"picked":"champ:FaceSlap","floor":25.0},{"not_picked":["champ:Haymaker","champ:BringItOn","champ:CalledShot+1"],"picked":"SKIP","floor":26.0},{"not_picked":["champ:CrookedStrike","champ:PreciseThrust+1"],"picked":"champ:SwordThrow","floor":27.0},{"not_picked":["champ:SwordThrow","champ:PerfectedStrike"],"picked":"champ:BerserkersShout+1","floor":30.0},{"not_picked":["champ:EnragedBash","champ:RapidStrikes","champ:TornadoPunch+1"],"picked":"SKIP","floor":31.0},{"not_picked":["champ:FaceSlap+1","champ:BerserkersShout"],"picked":"champ:BringItOn","floor":32.0},{"not_picked":["champ:SteelEdge","champ:StrikeOfGenius"],"picked":"champ:PerfectForm","floor":33},{"not_picked":["champ:FalseCounter+1","champ:FanOfKnives+1"],"picked":"champ:HeartStrike+1","floor":36},{"not_picked":["champ:FocusedDefense","champ:PerfectedStrike","champ:DefensiveShout"],"picked":"SKIP","floor":38},{"not_picked":["champ:CalledShot","champ:CrookedStrike"],"picked":"champ:BringItOn+1","floor":39},{"not_picked":["champ:GladiatorsShout","champ:Riposte","champ:Haymaker"],"picked":"SKIP","floor":40},{"not_picked":["champ:CrookedStrike+1","champ:Haymaker+1"],"picked":"champ:ShieldWall+1","floor":43},{"not_picked":["champ:DefensiveStyle+1","champ:Devastate","champ:FightOn"],"picked":"Singing Bowl","floor":44},{"not_picked":["champ:IronFortress","champ:BerserkersShout+1"],"picked":"champ:Encircle+1","floor":49}],"player_experience":298345,"relics_obtained":[{"floor":7.0,"key":"Meat on the Bone"},{"floor":8.0,"key":"Pen Nib"},{"floor":11.0,"key":"Juzu Bracelet"},{"floor":14.0,"key":"Blood Vial"},{"floor":22.0,"key":"champ:BlackKnightHelmet"},{"floor":22.0,"key":"Ornamental Fan"},{"floor":26.0,"key":"Whetstone"},{"floor":41,"key":"Mercury Hourglass"},{"floor":44,"key":"Singing Bowl"},{"floor":46,"key":"Happy Flower"}],"event_choices":[{"cards_removed":["Doubt"],"damage_healed":0.0,"max_hp_gain":0.0,"max_hp_loss":0.0,"gold_gain":0.0,"event_name":"The Cleric","player_choice":"Card Removal","floor":9.0,"gold_loss":0.0,"damage_taken":0.0},{"damage_healed":0.0,"max_hp_gain":0.0,"max_hp_loss":0.0,"gold_gain":0.0,"cards_transformed":["champ:FanOfKnives"],"event_name":"Transmorgrifier","player_choice":"Transformed","floor":20.0,"gold_loss":0.0,"damage_taken":0.0,"cards_obtained":["champ:ArenaPreparation"]},{"damage_healed":0.0,"max_hp_gain":0.0,"max_hp_loss":0.0,"gold_gain":0.0,"event_name":"Vampires","player_choice":"Became a vampire (Vial)","floor":23.0,"relics_lost":["Blood Vial"],"gold_loss":0.0,"damage_taken":0.0,"cards_obtained":["Bite","Bite","Bite","Bite","Bite"]},{"damage_healed":0,"gold_gain":0,"player_choice":"Got Potions","damage_taken":0,"max_hp_gain":0,"max_hp_loss":0,"event_name":"Lab","floor":45,"gold_loss":0}],"is_beta":false,"boss_relics":[{"not_picked":["Philosopher\u0027s Stone","Fusion Hammer"],"picked":"champ:ChampionCrownUpgraded"},{"not_picked":["Snecko Eye","Runic Dome"],"picked":"Empty Cage"}],"items_purged_floors":[21,43],"is_endless":false,"potions_floor_spawned":[2,8,14,15,22,25,31,32,33,39,40,49],"killed_by":"downfall:CharBossMerchant","ascension_level":0}}