{"host":"agbyy69nq62afhwx","time":1608980585,"event":{"mods":["BaseMod","Colored Map","DeckTracker","Highlight Path","Keyboard Shortcuts","Minty Spire (QoL Compilation)","Quick Restart","StSLib","SuperFastMode","everything is the same but u backflip on backflip"],"gold_per_floor":[117,65,76,1,19,19,47,47,47,47,72,72,86,86,86,106,106],"floor_reached":16,"playtime":404,"items_purged":["Strike_G"],"score":157,"play_id":"5f13ec1b-9cc1-45f7-8eff-df007524c30a","local_time":"20201226200305","is_ascension_mode":true,"campfire_choices":[{"data":"Calculated Gamble","floor":6.0,"key":"SMITH"},{"floor":8.0,"key":"REST"},{"data":"Reflex","floor":10.0,"key":"SMITH"},{"floor":15.0,"key":"REST"}],"circlet_count":0,"master_deck":["AscendersBane","Strike_G","Strike_G","Strike_G","Strike_G","Defend_G","Defend_G","Defend_G","Defend_G","Defend_G","Survivor","Neutralize","Flash of Steel","Reflex+1","Acrobatics","Dagger Spray","Calculated Gamble+1"],"relics":["Ring of the Snake","Blue Candle","Boot","Odd Mushroom"],"acts_visited":["Exordium"],"potions_floor_usage":[16,16],"damage_taken":[{"damage":1.0,"enemies":"Small Slimes","floor":1.0,"turns":5.0},{"damage":0.0,"enemies":"2 Louse","floor":3.0,"turns":4.0},{"damage":0.0,"enemies":"Jaw Worm","floor":5.0,"turns":5.0},{"damage":56.0,"enemies":"Lagavulin","floor":7.0,"turns":8.0},{"damage":0.0,"enemies":"The Mushroom Lair","floor":11.0,"turns":3.0},{"damage":1.0,"enemies":"Looter","floor":13.0,"turns":4.0},{"damage":42,"enemies":"Slime Boss","floor":16,"turns":7}],"seed_played":"1094917794120265594","potions_obtained":[{"floor":1.0,"key":"DistilledChaos"},{"floor":3.0,"key":"GhostInAJar"},{"floor":11.0,"key":"ColorlessPotion"}],"is_trial":false,"path_per_floor":["M","$","M","$","M","R","E","R","T","R","?","?","M","?","R","B"],"character_chosen":"THE_SILENT","items_purchased":["Acrobatics"],"campfire_rested":2,"item_purchase_floors":[2],"current_hp_per_floor":[62,62,62,62,62,62,6,27,27,27,27,27,26,26,47,5,5],"gold":106,"neow_bonus":"RANDOM_COLORLESS","is_daily":false,"chose_seed":false,"campfire_upgraded":2,"win_rate":0.0,"timestamp":1608980585,"path_taken":["M","$","M","$","M","R","E","R","T","R","?","?","M","?","R","BOSS"],"items_purchased_type":["Card"],"build_version":"2020-12-22","purchased_purges":1,"victory":false,"max_hp_per_floor":[70,70,70,70,70,70,70,70,70,70,70,70,70,70,70,70,70],"card_choices":[{"not_picked":["Impatience","Blind"],"picked":"Flash of Steel","floor":0.0},{"not_picked":["Quick Slash","Underhanded Strike"],"picked":"Reflex","floor":1.0},{"not_picked":["Distraction","Cloak And Dagger"],"picked":"Dagger Spray","floor":3.0},{"not_picked":["Accuracy","PiercingWail"],"picked":"Calculated Gamble","floor":5.0},{"not_picked":["Blur","Accuracy","Setup"],"picked":"SKIP","floor":7.0},{"not_picked":["Predator","Slice","Cloak And Dagger"],"picked":"SKIP","floor":13.0}],"player_experience":380712,"relics_obtained":[{"floor":7.0,"key":"Blue Candle"},{"floor":9.0,"key":"Boot"},{"floor":11.0,"key":"Odd Mushroom"}],"event_choices":[{"damage_healed":0.0,"max_hp_gain":0.0,"max_hp_loss":0.0,"gold_gain":0.0,"event_name":"Mushrooms","player_choice":"Fought Mushrooms","floor":11.0,"gold_loss":0.0,"damage_taken":0.0},{"damage_healed":0.0,"max_hp_gain":0.0,"max_hp_loss":0.0,"gold_gain":0.0,"event_name":"Golden Wing","player_choice":"Ignored","floor":12.0,"gold_loss":0.0,"damage_taken":0.0},{"damage_healed":0.0,"max_hp_gain":0.0,"max_hp_loss":0.0,"gold_gain":0.0,"event_name":"Liars Game","player_choice":"Ignored","floor":14.0,"gold_loss":0.0,"damage_taken":0.0}],"is_beta":false,"boss_relics":[],"items_purged_floors":[4],"is_endless":false,"potions_floor_spawned":[1,3,11,13],"killed_by":"Slime Boss","ascension_level":12}}