{"host":"oiai0qxasotny765","time":1608980632,"event":{"mods":["2.2 Compatiblity","AchievementEnabler","BaseMod","Colored Map","Minty Spire (QoL Compilation)","Permanent Neow","Relic Stats","StSLib","SuperFastMode","everything is the same but u backflip on backflip"],"gold_per_floor":[119,134,134,150,75,75,95,95,146,146,207,240,240,240,240,315,315,332,257,257,271,271,271],"floor_reached":22,"playtime":1021,"items_purged":["Defend_G"],"score":346,"play_id":"337c6679-83fc-47d0-a561-d3a2a8e5f0f5","local_time":"20201226200352","is_ascension_mode":true,"campfire_choices":[{"data":"Discovery","floor":6.0,"key":"SMITH"},{"data":"Neutralize","floor":8.0,"key":"SMITH"},{"data":"Dash","floor":10.0,"key":"SMITH"},{"data":"Tactician","floor":15.0,"key":"SMITH"}],"circlet_count":0,"master_deck":["AscendersBane","Strike_G","Defend_G+1","Defend_G","Defend_G","Survivor","Neutralize+1","Discovery+1","Dash+1","Reflex","Tactician+1","Backflip+1","A Thousand Cuts","Bane+1","Distraction+1","Choke+1","Prepared","Calculated Gamble"],"relics":["Ring of the Snake","Smiling Mask","Toy Ornithopter","War Paint","Ancient Tea Set","Astrolabe"],"acts_visited":["Exordium","TheCity"],"potions_floor_usage":[22],"damage_taken":[{"damage":1.0,"enemies":"2 Louse","floor":1.0,"turns":3.0},{"damage":7.0,"enemies":"Jaw Worm","floor":2.0,"turns":5.0},{"damage":1.0,"enemies":"Small Slimes","floor":4.0,"turns":4.0},{"damage":4.0,"enemies":"2 Fungi Beasts","floor":7.0,"turns":3.0},{"damage":13.0,"enemies":"Gremlin Nob","floor":11.0,"turns":4.0},{"damage":26.0,"enemies":"Gremlin Nob","floor":12.0,"turns":4.0},{"damage":15.0,"enemies":"Hexaghost","floor":16.0,"turns":13.0},{"damage":39.0,"enemies":"Shell Parasite","floor":18.0,"turns":11.0},{"damage":11.0,"enemies":"Spheric Guardian","floor":21.0,"turns":6.0},{"damage":2,"enemies":"Chosen and Byrds","floor":22,"turns":4}],"seed_played":"-464011424350476386","potions_obtained":[{"floor":2.0,"key":"Weak Potion"},{"floor":11.0,"key":"SkillPotion"},{"floor":12.0,"key":"GhostInAJar"},{"floor":21.0,"key":"DistilledChaos"}],"is_trial":false,"path_per_floor":["M","M","?","M","$","R","M","R","T","R","?","E","T","?","R","B",null,"M","?","?","M","M"],"character_chosen":"THE_SILENT","items_purchased":[],"campfire_rested":0,"item_purchase_floors":[],"current_hp_per_floor":[58,51,51,50,50,50,46,46,46,46,33,12,12,17,17,7,55,16,16,16,10,13,13],"gold":271,"neow_bonus":"RANDOM_COLORLESS","is_daily":false,"chose_seed":false,"campfire_upgraded":4,"win_rate":0.0,"timestamp":1608980632,"path_taken":["M","M","?","M","$","R","M","R","T","R","?","E","?","?","R","BOSS","M","?","?","M","M"],"items_purchased_type":[],"build_version":"2020-12-22","purchased_purges":1,"victory":false,"max_hp_per_floor":[66,66,66,66,66,66,66,66,66,66,66,66,66,71,71,71,71,71,71,71,71,71,71],"relic_stats":{"counters":[10,57],"Astrolabe":["Bane","Distraction","Choke"],"War Paint":["Defend_G","Backflip"],"Smiling Mask":0,"obtain_stats":[{"Astrolabe":17,"War Paint":12,"Smiling Mask":9,"Ancient Tea Set":13,"Toy Ornithopter":11,"Ring of the Snake":0},{"Astrolabe":7,"War Paint":6,"Smiling Mask":4,"Ancient Tea Set":6,"Toy Ornithopter":5,"Ring of the Snake":0},{"Astrolabe":36,"War Paint":23,"Smiling Mask":15,"Ancient Tea Set":23,"Toy Ornithopter":19,"Ring of the Snake":0}],"Toy Ornithopter":20,"Ring of the Snake":[20]},"card_choices":[{"not_picked":["Dramatic Entrance","Dark Shackles"],"picked":"Discovery","floor":0.0},{"not_picked":["Bane","Catalyst","Skewer"],"picked":"SKIP","floor":1.0},{"not_picked":["Setup","Choke","Terror"],"picked":"SKIP","floor":2.0},{"not_picked":["Cloak And Dagger","Flying Knee","PiercingWail"],"picked":"SKIP","floor":4.0},{"not_picked":["Dodge and Roll","Well Laid Plans"],"picked":"Reflex","floor":7.0},{"not_picked":["Flying Knee","Endless Agony"],"picked":"Tactician","floor":11.0},{"not_picked":["Endless Agony","Blur"],"picked":"Backflip","floor":12.0},{"not_picked":["Die Die Die","Glass Knife"],"picked":"A Thousand Cuts","floor":16.0},{"not_picked":["Sucker Punch","Underhanded Strike"],"picked":"Prepared","floor":18.0},{"not_picked":["Deadly Poison","Dodge and Roll","Noxious Fumes"],"picked":"SKIP","floor":21.0}],"player_experience":281958,"relics_obtained":[{"floor":9.0,"key":"Smiling Mask"},{"floor":11.0,"key":"Toy Ornithopter"},{"floor":12.0,"key":"War Paint"},{"floor":13.0,"key":"Ancient Tea Set"}],"event_choices":[{"damage_healed":0.0,"max_hp_gain":0.0,"max_hp_loss":0.0,"gold_gain":0.0,"cards_transformed":["Strike_G"],"event_name":"Living Wall","player_choice":"Change","floor":3.0,"gold_loss":0.0,"damage_taken":0.0,"cards_obtained":["Dash"]},{"damage_healed":0.0,"max_hp_gain":0.0,"max_hp_loss":0.0,"gold_gain":0.0,"event_name":"Dead Adventurer","player_choice":"Searched \u00272\u0027 times","floor":11.0,"gold_loss":0.0,"damage_taken":0.0},{"damage_healed":0.0,"max_hp_gain":5.0,"max_hp_loss":0.0,"gold_gain":0.0,"event_name":"Big Fish","player_choice":"Donut","floor":14.0,"gold_loss":0.0,"damage_taken":0.0},{"cards_removed":["Strike_G"],"damage_healed":0.0,"max_hp_gain":0.0,"max_hp_loss":0.0,"gold_gain":0.0,"event_name":"Beggar","player_choice":"Gave Gold","floor":19.0,"gold_loss":75.0,"damage_taken":0.0},{"damage_healed":0.0,"max_hp_gain":0.0,"max_hp_loss":0.0,"gold_gain":0.0,"event_name":"The Library","player_choice":"Read","floor":20.0,"gold_loss":0.0,"damage_taken":0.0,"cards_obtained":["Calculated Gamble"]}],"is_beta":false,"boss_relics":[{"not_picked":["Snecko Eye","Velvet Choker"],"picked":"Astrolabe"}],"items_purged_floors":[5],"is_endless":false,"potions_floor_spawned":[2,11,12,21],"killed_by":"Chosen and Byrds","ascension_level":18}}