{"host":"z9811rt50ti81n54","time":1608949510,"event":{"mods":["BaseMod","Minty Spire (QoL Compilation)"],"gold_per_floor":[209,209,159,334,353,353,373,389,416,416,427,438,438,452,452,550,550,567,567,17,17,28,28,45,65,65,65,79,79,79,79,79,180,180,196,207,220,220,220,245,45,45,45,45,45,395,395,395,395,395,395,395,29,60,60,60],"floor_reached":55,"playtime":1944,"items_purged":["Doubt","Writhe","Strike_G"],"score":904,"play_id":"4b2c8a1d-ef64-4955-8fcb-81bc8681b630","local_time":"20201226112510","is_ascension_mode":true,"campfire_choices":[{"data":"Noxious Fumes","floor":6,"key":"SMITH"},{"data":"Catalyst","floor":13,"key":"SMITH"},{"data":"Footwork","floor":15,"key":"SMITH"},{"data":"Night Terror","floor":23,"key":"SMITH"},{"data":"Catalyst","floor":27,"key":"SMITH"},{"data":"Catalyst","floor":29,"key":"SMITH"},{"data":"Footwork","floor":32,"key":"SMITH"},{"data":"A Thousand Cuts","floor":42,"key":"SMITH"},{"data":"Envenom","floor":44,"key":"SMITH"},{"floor":49,"key":"RECALL"},{"data":"Bouncing Flask","floor":52,"key":"SMITH"}],"circlet_count":0,"master_deck":["Strike_G","Strike_G","Defend_G","Defend_G","Defend_G","Defend_G","Survivor","Neutralize","Sucker Punch","Noxious Fumes+1","Adrenaline","Catalyst+1","Footwork+1","Leg Sweep","Deflect","Night Terror+1","Bouncing Flask+1","Footwork+1","Catalyst+1","PiercingWail","Acrobatics+1","Envenom+1","Catalyst+1","A Thousand Cuts+1","Burst","Dodge and Roll+1","PiercingWail","Jack Of All Trades","PanicButton","Purity","Well Laid Plans","Footwork+1"],"relics":["Ring of the Snake","Art of War","Runic Dome","Eternal Feather","Orrery","Shuriken","SlaversCollar","Bag of Preparation","Pear","Old Coin","DollysMirror","Bronze Scales"],"acts_visited":["Exordium","TheCity","TheBeyond","TheEnding"],"potions_floor_usage":[16,28,28,28,48,54,55,55],"damage_taken":[{"damage":2,"enemies":"Small Slimes","floor":1,"turns":4},{"damage":1,"enemies":"2 Louse","floor":5,"turns":3},{"damage":4,"enemies":"Jaw Worm","floor":7,"turns":5},{"damage":20,"enemies":"Large Slime","floor":8,"turns":7},{"damage":1,"enemies":"Blue Slaver","floor":11,"turns":4},{"damage":0,"enemies":"2 Fungi Beasts","floor":12,"turns":3},{"damage":0,"enemies":"Red Slaver","floor":14,"turns":4},{"damage":0,"enemies":"The Guardian","floor":16,"turns":10},{"damage":9,"enemies":"Shell Parasite","floor":18,"turns":6},{"damage":10,"enemies":"Chosen","floor":22,"turns":6},{"damage":12,"enemies":"Centurion and Healer","floor":24,"turns":8},{"damage":17,"enemies":"Snake Plant","floor":25,"turns":5},{"damage":12,"enemies":"Cultist and Chosen","floor":28,"turns":5},{"damage":13,"enemies":"Colosseum Slavers","floor":31,"turns":6},{"damage":25,"enemies":"Champ","floor":33,"turns":7},{"damage":19,"enemies":"3 Darklings","floor":35,"turns":7},{"damage":0,"enemies":"3 Shapes","floor":36,"turns":6},{"damage":29,"enemies":"Sphere and 2 Shapes","floor":37,"turns":6},{"damage":44,"enemies":"Nemesis","floor":40,"turns":7},{"damage":0,"enemies":"Mind Bloom Boss Battle","floor":46,"turns":6},{"damage":0,"enemies":"Jaw Worm Horde","floor":48,"turns":1},{"damage":43,"enemies":"Donu and Deca","floor":50,"turns":6},{"damage":91,"enemies":"Shield and Spear","floor":54,"turns":6},{"damage":46,"enemies":"The Heart","floor":55,"turns":2}],"seed_played":"-8955388405134056315","potions_obtained":[{"floor":11,"key":"AttackPotion"},{"floor":12,"key":"BlessingOfTheForge"},{"floor":14,"key":"LiquidMemories"},{"floor":18,"key":"FearPotion"},{"floor":24,"key":"LiquidMemories"},{"floor":28,"key":"BlessingOfTheForge"},{"floor":36,"key":"FairyPotion"},{"floor":40,"key":"SmokeBomb"},{"floor":54,"key":"SpeedPotion"}],"is_trial":false,"path_per_floor":["M","?","?","?","M","R","M","M","T","?","M","M","R","M","R","B",null,"M","?","$","?","M","R","M","M","T","R","M","R","T","?","R","B",null,"M","M","M","?","?","E","$","R","T","R","?","?","?","M","R","B",null,"R","$","E","B"],"character_chosen":"THE_SILENT","items_purchased":["Footwork","Eternal Feather","Orrery","FairyPotion","Well Laid Plans","DollysMirror","Swift Potion"],"campfire_rested":0,"item_purchase_floors":[20,20,20,41,53,53,53],"current_hp_per_floor":[68,61,61,61,60,60,56,36,36,59,58,58,58,58,58,58,70,61,61,61,61,51,66,54,37,37,52,40,55,55,42,57,32,70,51,51,22,22,40,21,21,36,46,61,61,61,51,51,69,26,80,80,80,24,0,0],"gold":60,"neow_bonus":"HUNDRED_GOLD","is_daily":false,"chose_seed":false,"campfire_upgraded":10,"win_rate":0.0,"timestamp":1608949510,"path_taken":["M","?","?","?","M","R","M","M","T","?","?","M","R","M","R","BOSS","M","?","$","?","?","R","M","M","T","R","?","R","?","?","R","BOSS","M","M","M","?","?","E","$","R","T","R","?","?","?","M","R","BOSS","R","$","E","BOSS"],"items_purchased_type":["Card","Relic","Relic","Potion","Card","Relic","Potion"],"build_version":"2020-12-22","purchased_purges":3,"victory":false,"max_hp_per_floor":[70,70,70,70,70,70,70,70,70,70,70,70,70,70,70,70,70,70,70,70,70,70,70,70,70,70,70,70,70,70,70,70,70,70,70,70,70,70,70,70,70,70,80,80,80,80,80,80,80,80,80,80,80,80,80,80],"card_choices":[{"not_picked":["Acrobatics","Dodge and Roll"],"picked":"Sucker Punch","floor":1},{"not_picked":["Acrobatics","Prepared"],"picked":"Noxious Fumes","floor":5},{"not_picked":["Bane","Acrobatics"],"picked":"Adrenaline","floor":7},{"not_picked":["Backflip","Dodge and Roll"],"picked":"Catalyst","floor":8},{"not_picked":["PiercingWail","Bouncing Flask"],"picked":"Footwork","floor":11},{"not_picked":["Flying Knee","Well Laid Plans"],"picked":"Leg Sweep","floor":12},{"not_picked":["Slice","Acrobatics"],"picked":"Deflect","floor":14},{"not_picked":["Doppelganger","Grand Finale"],"picked":"Night Terror","floor":16},{"not_picked":["Sucker Punch+1","Choke","Outmaneuver"],"picked":"SKIP","floor":18},{"not_picked":["Underhanded Strike","PiercingWail"],"picked":"Catalyst","floor":20},{"not_picked":["Noxious Fumes","Sucker Punch"],"picked":"PiercingWail","floor":20},{"not_picked":["Masterful Stab+1","Caltrops"],"picked":"Acrobatics+1","floor":20},{"not_picked":["Poisoned Stab","Deflect"],"picked":"Envenom","floor":20},{"not_picked":["Eviscerate","Dagger Throw"],"picked":"Catalyst","floor":22},{"not_picked":["Flying Knee","Deadly Poison"],"picked":"A Thousand Cuts","floor":24},{"not_picked":["Dagger Spray","Acrobatics","Dodge and Roll"],"picked":"SKIP","floor":25},{"not_picked":["Outmaneuver+1","Poisoned Stab","Accuracy+1"],"picked":"SKIP","floor":28},{"not_picked":["Doppelganger","A Thousand Cuts"],"picked":"Burst","floor":33},{"not_picked":["Endless Agony","Finisher+1","Underhanded Strike+1"],"picked":"SKIP","floor":35},{"not_picked":["Bane+1","Sucker Punch"],"picked":"Dodge and Roll+1","floor":36},{"not_picked":["Dagger Spray","Blade Dance","Phantasmal Killer"],"picked":"SKIP","floor":37},{"not_picked":["Escape Plan","Dash"],"picked":"PiercingWail","floor":40},{"not_picked":["Deep Breath","Swift Strike"],"picked":"Jack Of All Trades","floor":47},{"not_picked":["Swift Strike","Blind"],"picked":"PanicButton","floor":47},{"not_picked":["Good Instincts","Jack Of All Trades"],"picked":"Purity","floor":47},{"not_picked":["Skewer+1","Acrobatics","Blade Dance"],"picked":"SKIP","floor":54}],"player_experience":225135,"relics_obtained":[{"floor":9,"key":"Art of War"},{"floor":30,"key":"Shuriken"},{"floor":40,"key":"Bag of Preparation"},{"floor":43,"key":"Pear"},{"floor":46,"key":"Old Coin"},{"floor":54,"key":"Bronze Scales"}],"event_choices":[{"cards_removed":["Strike_G"],"damage_healed":0,"gold_gain":0,"player_choice":"Card Removal","damage_taken":7,"max_hp_gain":0,"max_hp_loss":0,"event_name":"Golden Wing","floor":2,"gold_loss":0},{"cards_removed":["Defend_G"],"damage_healed":0,"gold_gain":0,"player_choice":"Card Removal","damage_taken":0,"max_hp_gain":0,"max_hp_loss":0,"event_name":"The Cleric","floor":3,"gold_loss":50},{"damage_healed":0,"gold_gain":175,"player_choice":"AGREE","damage_taken":0,"max_hp_gain":0,"max_hp_loss":0,"event_name":"Liars Game","floor":4,"gold_loss":0,"cards_obtained":["Doubt"]},{"damage_healed":23,"gold_gain":0,"player_choice":"Banana","damage_taken":0,"max_hp_gain":0,"max_hp_loss":0,"event_name":"Big Fish","floor":10,"gold_loss":0},{"damage_healed":0,"gold_gain":0,"player_choice":"Read","damage_taken":0,"max_hp_gain":0,"max_hp_loss":0,"event_name":"The Library","floor":19,"gold_loss":0,"cards_obtained":["Bouncing Flask"]},{"damage_healed":0,"gold_gain":0,"player_choice":"Ignored","damage_taken":0,"max_hp_gain":0,"max_hp_loss":0,"event_name":"N\u0027loth","floor":21,"gold_loss":0},{"damage_healed":0,"gold_gain":0,"player_choice":"Fight","damage_taken":0,"max_hp_gain":0,"max_hp_loss":0,"event_name":"Colosseum","floor":31,"gold_loss":0},{"damage_healed":0,"gold_gain":0,"player_choice":"Fled From Nobs","damage_taken":0,"max_hp_gain":0,"max_hp_loss":0,"event_name":"Colosseum","floor":31,"gold_loss":0},{"cards_removed":["Strike_G"],"damage_healed":0,"gold_gain":0,"player_choice":"Removed Attack","damage_taken":0,"max_hp_gain":0,"max_hp_loss":0,"event_name":"Falling","floor":38,"gold_loss":0},{"damage_healed":18,"gold_gain":0,"player_choice":"Writhe","damage_taken":0,"max_hp_gain":0,"max_hp_loss":0,"event_name":"Winding Halls","floor":39,"gold_loss":0,"cards_obtained":["Writhe"]},{"damage_healed":0,"gold_gain":0,"player_choice":"Ignored","damage_taken":0,"max_hp_gain":0,"max_hp_loss":0,"event_name":"Mysterious Sphere","floor":45,"gold_loss":0},{"damage_healed":0,"gold_gain":0,"player_choice":"Fight","damage_taken":0,"max_hp_gain":0,"max_hp_loss":0,"event_name":"MindBloom","floor":46,"gold_loss":0},{"damage_healed":0,"gold_gain":0,"player_choice":"Memory 3","damage_taken":10,"max_hp_gain":0,"max_hp_loss":0,"event_name":"SensoryStone","floor":47,"gold_loss":0}],"is_beta":false,"boss_relics":[{"not_picked":["HoveringKite","Busted Crown"],"picked":"Runic Dome"},{"not_picked":["Sozu","Snecko Eye"],"picked":"SlaversCollar"}],"items_purged_floors":[20,41,53],"is_endless":false,"potions_floor_spawned":[11,12,14,18,24,28,31,36,40,54],"killed_by":"The Heart","ascension_level":4}}