{"host":"vd5put2n5b3t1prw","time":1608968358,"event":{"mods":["2.2 Compatiblity","AchievementEnabler","Alarm Clock","BaseMod","Better Altar","Better Match","Better Note","Better Sensory Stone","Better Silent Start","Better Skull","Better Third Choice","Better Vampires","Better-Laid Plans","BetterRewards","Block Reminder","Card Forge","Colored Map","Curses Come First","Custom Start","Downfall","Emptier Cage","Marked Mod","Minty Spire (QoL Compilation)","Quick Restart","Random Character Button","Relic Filter","Relic Stats","Reorder Act Four","Spicy Shops","StSLib","Transform Curses","Waifu the Spire"],"gold_per_floor":[116,16,16,27,38,71,91,91,91,53,53,73,88,116,116,214,214,227,227,227,227,238,238,256,285,310,36,36,69,69,85,85,187,237,247,260,270,280,294,328,43,76,76,76,91,111,111,111,111,111,111,2,2,28,28],"floor_reached":56,"playtime":7467,"items_purged":["Strike_R","Strike_R","Strike_R","Strike_R+1"],"score":2036,"play_id":"956f838b-2327-44f3-90c1-c5b3ed12bc42","local_time":"20201226013918","is_ascension_mode":true,"campfire_choices":[{"data":"Rupture","floor":8,"key":"SMITH"},{"data":"Rupture","floor":11,"key":"SMITH"},{"data":"True Grit","floor":15,"key":"SMITH"},{"data":"Seeing Red","floor":23,"key":"SMITH"},{"data":"Double Tap","floor":28,"key":"SMITH"},{"floor":32,"key":"RECALL"},{"data":"Limit Break","floor":44,"key":"SMITH"},{"data":"Limit Break","floor":47,"key":"SMITH"},{"data":"Rupture","floor":49,"key":"SMITH"},{"data":"Demon Form","floor":53,"key":"SMITH"}],"circlet_count":0,"master_deck":["Defend_R+1","Defend_R+1","Defend_R+1","Defend_R+1","Bash+1","Seeing Red+1","Offering+1","Rupture+1","Battle Trance+1","expansioncontent:YouAreMine+1","Headbutt+1","Blood for Blood","Bloodletting+1","Hemokinesis+1","Headbutt+1","True Grit+1","Sword Boomerang","LessonLearned+1","Reaper+1","Rupture+1","Blood for Blood+1","Shrug It Off+1","True Grit+1","Thunderclap+1","Feed+1","Demon Form+1","Shrug It Off+1","Pommel Strike+1","Metallicize","Double Tap+1","Bloodletting+1","Rupture+1","Limit Break+1","Dual Wield+1","Fire Breathing+1","True Grit+1","Sword Boomerang+1","Sword Boomerang+1","expansioncontent:LastStand+1","Limit Break+1","Bloodletting","Bloodletting","Inflame+1"],"relics":["Burning Blood","Hammer of Thor","Seething Fire","Anvil of the Gods","Membership Card","Orrery","Bag of Marbles","InkBottle","Torii","Bronze Scales","OrangePellets","Centennial Puzzle","Bottled Tornado","Vajra","Snecko Eye","Mummified Hand","Matryoshka","Turnip","Tiny House","Smiling Mask","PreservedInsect","War Paint","DollysMirror","Oddly Smooth Stone","Art of War","Pantograph","Guardian:BottledAnomaly","Akabeko"],"acts_visited":["Exordium","TheCity","TheBeyond","TheEnding"],"potions_floor_usage":[12,13,16,22,25,29,37,42,42,55,55],"damage_taken":[{"damage":1,"enemies":"Small Slimes","floor":1,"turns":2},{"damage":6,"enemies":"Cultist","floor":4,"turns":2},{"damage":9,"enemies":"Jaw Worm","floor":5,"turns":3},{"damage":11,"enemies":"Gremlin Nob","floor":6,"turns":2},{"damage":5,"enemies":"2 Fungi Beasts","floor":7,"turns":1},{"damage":10,"enemies":"3 Louse","floor":12,"turns":2},{"damage":9,"enemies":"Large Slime","floor":13,"turns":2},{"damage":23,"enemies":"Lagavulin","floor":14,"turns":5},{"damage":18,"enemies":"The Guardian","floor":16,"turns":6},{"damage":8,"enemies":"Spheric Guardian","floor":18,"turns":2},{"damage":6,"enemies":"Chosen","floor":22,"turns":2},{"damage":28,"enemies":"Snake Plant","floor":24,"turns":3},{"damage":21,"enemies":"Gremlin Leader","floor":25,"turns":3},{"damage":11,"enemies":"Book of Stabbing","floor":29,"turns":3},{"damage":11,"enemies":"3 Cultists","floor":31,"turns":3},{"damage":14,"enemies":"Automaton","floor":33,"turns":4},{"damage":29,"enemies":"3 Shapes","floor":35,"turns":2},{"damage":12,"enemies":"Orb Walker","floor":36,"turns":2},{"damage":20,"enemies":"Jaw Worm Horde","floor":37,"turns":2},{"damage":25,"enemies":"4 Shapes","floor":38,"turns":5},{"damage":14,"enemies":"3 Darklings","floor":39,"turns":6},{"damage":12,"enemies":"Giant Head","floor":40,"turns":2},{"damage":16,"enemies":"Nemesis","floor":42,"turns":3},{"damage":7,"enemies":"Maw","floor":45,"turns":4},{"damage":6,"enemies":"Writhing Mass","floor":46,"turns":2},{"damage":9,"enemies":"Donu and Deca","floor":50,"turns":2},{"damage":36,"enemies":"Shield and Spear","floor":54,"turns":2},{"damage":91,"enemies":"The Heart","floor":55,"turns":4}],"seed_played":"2297942882414823498","potions_obtained":[{"floor":4,"key":"EntropicBrew"},{"floor":13,"key":"champ:CounterPotion"},{"floor":14,"key":"Strength Potion"},{"floor":22,"key":"Swift Potion"},{"floor":25,"key":"Regen Potion"},{"floor":33,"key":"Ancient Potion"},{"floor":34,"key":"SpeedPotion"},{"floor":37,"key":"Fruit Juice"},{"floor":39,"key":"Dexterity Potion"},{"floor":40,"key":"PowerPotion"},{"floor":42,"key":"Fire Potion"},{"floor":46,"key":"PowerPotion"}],"is_trial":false,"path_per_floor":["M","$","?","M","M","E","M","R","T","$","R","M","M","E","R","B",null,"M","?","?","?","M","R","M","E","T","$","R","E","?","M","R","B",null,"M","M","M","M","M","E","$","E","T","R","M","M","R","?","R","B",null,"$","R","E","B",null],"character_chosen":"IRONCLAD","items_purchased":["Membership Card","Seeing Red","Orrery","expansioncontent:YouAreMine","Bag of Marbles","InkBottle","Headbutt","Torii","Bronze Scales","Headbutt","OrangePellets","True Grit","Blood for Blood","Double Tap","Matryoshka","PreservedInsect","War Paint","expansioncontent:LastStand","DollysMirror","Guardian:BottledAnomaly","Bloodletting"],"campfire_rested":0,"item_purchase_floors":[0,0,0,0,0,0,0,0,0,2,2,2,10,27,27,41,41,41,41,52,52],"current_hp_per_floor":[80,80,80,80,77,72,73,73,73,73,73,69,77,60,60,48,72,70,74,74,74,74,74,58,62,62,62,62,75,75,74,74,66,88,65,59,75,64,56,50,50,40,40,40,106,106,106,106,106,106,106,106,106,80,30],"gold":28,"neow_bonus":"","is_daily":false,"chose_seed":false,"campfire_upgraded":9,"win_rate":0.0,"timestamp":1608968358,"path_taken":["M","$","?","M","M","E","?","R","T","$","R","M","M","E","R","BOSS","M","?","?","?","M","R","M","E","T","$","R","E","?","M","R","BOSS","M","M","M","M","M","E","$","E","T","R","M","M","R","?","R","BOSS","$","R","E","BOSS"],"items_purchased_type":["Relic","Card","Relic","Card","Relic","Relic","Card","Relic","Relic","Card","Relic","Card","Card","Card","Relic","Relic","Relic","Card","Relic","Relic","Card"],"build_version":"2020-12-22","purchased_purges":4,"victory":true,"max_hp_per_floor":[80,80,80,80,80,80,80,80,80,80,80,80,80,80,80,80,80,80,80,80,80,80,80,80,84,84,84,84,84,84,88,88,88,93,93,93,98,106,106,106,106,106,106,106,106,106,106,106,106,106,106,106,106,110,110],"relic_stats":{"Torii":44,"counters":[166,569],"PreservedInsect":505,"War Paint":["Shrug It Off","Dual Wield"],"Smiling Mask":440,"Burning Blood":934,"OrangePellets":[90],"Centennial Puzzle":[66],"Mummified Hand":[186],"Bronze Scales":[688],"Pantograph":25,"Snecko Eye":[55,59,48,61],"Turnip":[5],"Art of War":[0],"obtain_stats":[{"Ice Cream":12,"Tiny House":34,"Gremlin Horn":23,"CeramicFish":36,"Vajra":43,"Hammer of Thor":0,"Ginger":20,"Bottled Tornado":9,"Sling":42,"Boot":34,"Sozu":34,"Blood Vial":25,"Centennial Puzzle":54,"HornCleat":45,"DollysMirror":48,"Strawberry":45,"Toxic Egg 2":8,"Girya":42,"Pear":43,"Oddly Smooth Stone":0,"Eternal Feather":8,"Pen Nib":54,"Guardian:PocketSentry":0,"War Paint":41,"Question Card":9,"Akabeko":54,"Du-Vu Doll":5,"SlaversCollar":34,"OrangePellets":0,"Bottled Flame":54,"Anvil of the Gods":0,"Shuriken":26,"Bronze Scales":54,"Snecko Eye":17,"Molten Egg 2":0,"Black Star":34,"Nloth\u0027s Gift":21,"Unceasing Top":30,"NlothsMask":22,"Darkstone Periapt":44,"Lantern":23,"Torii":38,"Black Blood":17,"Magic Flower":36,"StoneCalendar":44,"Mango":7,"Bag of Preparation":6,"Juzu Bracelet":31,"Incense Burner":29,"Empty Cage":17,"Ancient Tea Set":23,"Smiling Mask":8,"Burning Blood":0,"ClockworkSouvenir":30,"Nunchaku":54,"Matryoshka":9,"Mummified Hand":40,"Gambling Chip":34,"Pantograph":54,"Chemical X":0,"Guardian:BottledAnomaly":52,"Cracked Core":0,"Red Skull":13,"InkBottle":0,"Potion Belt":6,"Golden Idol":4,"Thread and Needle":38,"betterThird:NestCultRelic":25,"PreservedInsect":43,"The Courier":14,"Seething Fire":0,"Odd Mushroom":8,"Orichalcum":20,"Frozen Egg 2":20,"Medical Kit":20,"Mercury Hourglass":54,"Calling Bell":34,"Anchor":47,"Ornamental Fan":26,"Orrery":28,"Turnip":29,"Art of War":40,"Bag of Marbles":28,"Membership Card":4,"Bottled Lightning":37,"Toy Ornithopter":30,"FossilizedHelix":48,"TungstenRod":28},{"Ice Cream":7,"Tiny House":128,"Gremlin Horn":13,"CeramicFish":129,"Vajra":21,"Hammer of Thor":0,"Ginger":69,"Bottled Tornado":143,"Sling":77,"Boot":100,"Sozu":45,"Blood Vial":96,"Centennial Puzzle":26,"HornCleat":22,"DollysMirror":53,"Strawberry":22,"Toxic Egg 2":62,"Girya":77,"Pear":49,"Oddly Smooth Stone":27,"Eternal Feather":117,"Pen Nib":137,"Guardian:PocketSentry":109,"War Paint":160,"Question Card":62,"Akabeko":165,"Du-Vu Doll":60,"SlaversCollar":74,"OrangePellets":109,"Bottled Flame":80,"Anvil of the Gods":0,"Shuriken":13,"Bronze Scales":55,"Snecko Eye":67,"Molten Egg 2":27,"Black Star":17,"Nloth\u0027s Gift":38,"Unceasing Top":99,"NlothsMask":94,"Darkstone Periapt":77,"Lantern":125,"Torii":77,"Black Blood":36,"Magic Flower":47,"StoneCalendar":21,"Mango":31,"Bag of Preparation":4,"Juzu Bracelet":99,"Incense Burner":127,"Empty Cage":8,"Ancient Tea Set":40,"Smiling Mask":86,"Burning Blood":0,"ClockworkSouvenir":15,"Nunchaku":26,"Matryoshka":5,"Mummified Hand":21,"Gambling Chip":100,"Pantograph":108,"Chemical X":81,"Guardian:BottledAnomaly":164,"Cracked Core":0,"Red Skull":34,"InkBottle":138,"Potion Belt":61,"Golden Idol":2,"Thread and Needle":20,"betterThird:NestCultRelic":13,"PreservedInsect":21,"The Courier":66,"Seething Fire":0,"Odd Mushroom":5,"Orichalcum":69,"Frozen Egg 2":69,"Medical Kit":69,"Mercury Hourglass":108,"Calling Bell":100,"Anchor":53,"Ornamental Fan":42,"Orrery":42,"Turnip":152,"Art of War":21,"Bag of Marbles":126,"Membership Card":30,"Bottled Lightning":47,"Toy Ornithopter":15,"FossilizedHelix":24,"TungstenRod":42},{"Ice Cream":17,"Tiny House":446,"Gremlin Horn":34,"CeramicFish":451,"Vajra":53,"Hammer of Thor":0,"Ginger":254,"Bottled Tornado":498,"Sling":285,"Boot":346,"Sozu":141,"Blood Vial":334,"Centennial Puzzle":61,"HornCleat":54,"DollysMirror":183,"Strawberry":54,"Toxic Egg 2":225,"Girya":285,"Pear":169,"Oddly Smooth Stone":65,"Eternal Feather":400,"Pen Nib":480,"Guardian:PocketSentry":376,"War Paint":552,"Question Card":225,"Akabeko":565,"Du-Vu Doll":214,"SlaversCollar":274,"OrangePellets":376,"Bottled Flame":293,"Anvil of the Gods":0,"Shuriken":34,"Bronze Scales":196,"Snecko Eye":246,"Molten Egg 2":65,"Black Star":45,"Nloth\u0027s Gift":105,"Unceasing Top":340,"NlothsMask":331,"Darkstone Periapt":285,"Lantern":431,"Torii":285,"Black Blood":98,"Magic Flower":151,"StoneCalendar":53,"Mango":81,"Bag of Preparation":13,"Juzu Bracelet":340,"Incense Burner":439,"Empty Cage":22,"Ancient Tea Set":114,"Smiling Mask":312,"Burning Blood":0,"ClockworkSouvenir":40,"Nunchaku":61,"Matryoshka":15,"Mummified Hand":53,"Gambling Chip":346,"Pantograph":371,"Chemical X":300,"Guardian:BottledAnomaly":563,"Cracked Core":0,"Red Skull":88,"InkBottle":488,"Potion Belt":220,"Golden Idol":5,"Thread and Needle":52,"betterThird:NestCultRelic":34,"PreservedInsect":53,"The Courier":238,"Seething Fire":0,"Odd Mushroom":15,"Orichalcum":254,"Frozen Egg 2":254,"Medical Kit":254,"Mercury Hourglass":371,"Calling Bell":346,"Anchor":183,"Ornamental Fan":124,"Orrery":124,"Turnip":526,"Art of War":53,"Bag of Marbles":436,"Membership Card":73,"Bottled Lightning":151,"Toy Ornithopter":40,"FossilizedHelix":57,"TungstenRod":124}],"InkBottle":[37]},"card_choices":[{"not_picked":["Heavy Blade","Ghostly Armor"],"picked":"Offering","floor":0},{"not_picked":["True Grit","Rage"],"picked":"Rupture","floor":0},{"not_picked":["Ghostly Armor","Iron Wave"],"picked":"Battle Trance","floor":0},{"not_picked":["Fire Breathing","Rampage"],"picked":"Blood for Blood","floor":0},{"not_picked":["Anger","Clothesline"],"picked":"Bloodletting","floor":0},{"not_picked":["Uppercut","Clash"],"picked":"Hemokinesis","floor":1},{"not_picked":["Twin Strike","True Grit"],"picked":"Sword Boomerang","floor":4},{"not_picked":["Perfected Strike","Flex"],"picked":"Reaper","floor":5},{"not_picked":["Twin Strike","Clothesline","Perfected Strike"],"picked":"SKIP","floor":6},{"not_picked":["Sever Soul","Dual Wield"],"picked":"Rupture","floor":7},{"not_picked":["Feel No Pain","Twin Strike","Heavy Blade"],"picked":"SKIP","floor":12},{"not_picked":["Wild Strike","Intimidate"],"picked":"Shrug It Off","floor":13},{"not_picked":["Searing Blow","Twin Strike"],"picked":"True Grit","floor":14},{"not_picked":["Offering","Double Tap"],"picked":"Demon Form","floor":16},{"not_picked":["Pummel","Cleave"],"picked":"Thunderclap+1","floor":18},{"not_picked":["Twin Strike","Cleave"],"picked":"Shrug It Off","floor":22},{"not_picked":["Anger","Metallicize"],"picked":"Pommel Strike","floor":24},{"not_picked":["Rage","Armaments+1"],"picked":"Metallicize","floor":25},{"not_picked":["Wild Strike","Ghostly Armor"],"picked":"Bloodletting","floor":29},{"not_picked":["Rage","Shrug It Off","Impervious"],"picked":"SKIP","floor":31},{"not_picked":["Immolate","Feed"],"picked":"Limit Break","floor":33},{"not_picked":["Cleave","Rupture"],"picked":"Dual Wield","floor":34},{"not_picked":["Cleave+1","Shrug It Off+1"],"picked":"Fire Breathing+1","floor":35},{"not_picked":["Wild Strike","Cleave","Thunderclap+1"],"picked":"SKIP","floor":36},{"not_picked":["Twin Strike","Power Through"],"picked":"True Grit+1","floor":37},{"not_picked":["Immolate","True Grit","Perfected Strike"],"picked":"SKIP","floor":38},{"not_picked":["Clash+1","Rampage"],"picked":"Sword Boomerang+1","floor":39},{"not_picked":["Pommel Strike","Heavy Blade"],"picked":"Sword Boomerang+1","floor":40},{"not_picked":["Headbutt","Battle Trance","Infernal Blade"],"picked":"SKIP","floor":42},{"not_picked":["Shrug It Off","Bludgeon","Pommel Strike"],"picked":"SKIP","floor":45},{"not_picked":["Anger+1","Carnage+1"],"picked":"Bloodletting","floor":46},{"not_picked":["Havoc+1","Clothesline+1"],"picked":"Inflame+1","floor":54}],"player_experience":332876,"relics_obtained":[{"floor":6,"key":"Centennial Puzzle"},{"floor":9,"key":"Bottled Tornado"},{"floor":14,"key":"Vajra"},{"floor":25,"key":"Mummified Hand"},{"floor":29,"key":"Turnip"},{"floor":40,"key":"Smiling Mask"},{"floor":42,"key":"Oddly Smooth Stone"},{"floor":43,"key":"Art of War"},{"floor":43,"key":"Pantograph"},{"floor":54,"key":"Akabeko"}],"event_choices":[{"damage_healed":0,"gold_gain":0,"player_choice":"Full Heal","damage_taken":0,"max_hp_gain":0,"max_hp_loss":0,"event_name":"Wheel of Change","floor":3,"gold_loss":0},{"damage_healed":4,"gold_gain":0,"player_choice":"LEAVE ","damage_taken":0,"relics_obtained":[],"max_hp_gain":0,"max_hp_loss":0,"event_name":"betterSkull:BetterSkull","floor":19,"gold_loss":0,"cards_upgraded":[]},{"cards_removed":["Demon Form"],"damage_healed":0,"gold_gain":0,"player_choice":"Take \u0026 Give","damage_taken":0,"max_hp_gain":0,"max_hp_loss":0,"event_name":"betterNote:BetterNote","floor":20,"gold_loss":0,"cards_obtained":["Feed"]},{"damage_healed":0,"gold_gain":0,"player_choice":"Simplicity","damage_taken":0,"max_hp_gain":0,"max_hp_loss":5,"event_name":"betterThird:BetterWriting","floor":21,"gold_loss":0},{"damage_healed":0,"gold_gain":0,"player_choice":"Read","damage_taken":0,"max_hp_gain":0,"max_hp_loss":0,"event_name":"The Library","floor":30,"gold_loss":0,"cards_obtained":["Rupture"]},{"cards_removed":["Strike_R"],"damage_healed":0,"gold_gain":0,"player_choice":"Removed Attack","damage_taken":0,"max_hp_gain":0,"max_hp_loss":0,"event_name":"Falling","floor":48,"gold_loss":0}],"is_beta":false,"boss_relics":[{"not_picked":["Velvet Choker","Philosopher\u0027s Stone"],"picked":"Snecko Eye"},{"not_picked":["Coffee Dripper","Sozu"],"picked":"Tiny House"}],"items_purged_floors":[0,0,2,27],"is_endless":false,"potions_floor_spawned":[4,13,14,22,25,33,37,39,40,42,46],"ascension_level":5}}