{"host":"qjr2x8lg4bxz99yh","time":1608952336,"event":{"mods":["Act Like it!","BaseMod","Colored Powertips","Downfall","Friendly Minions","Hallownest","Hermit","Minty Spire (QoL Compilation)","Replay The Spire","StSLib","The Bug Knight","The Cursed","The Disciple","The Hierophant","The Jungle","The Necromancer","The Runesmith","everything is the same but u backflip on backflip"],"gold_per_floor":[115,115,63,63,73,107,118,118,143,114,94,129,4,15,15,15,15],"floor_reached":16,"playtime":1112,"items_purged":[],"score":108,"play_id":"9024a6d6-9a2e-496e-9498-4f874b55d74d","local_time":"20201225211216","is_ascension_mode":false,"campfire_choices":[{"floor":8,"key":"REST"},{"data":"hermit:Maintenance","floor":15,"key":"SMITH"}],"circlet_count":0,"master_deck":["hermit:Strike_Hermit","hermit:Strike_Hermit","hermit:Strike_Hermit","hermit:Strike_Hermit","hermit:Defend_Hermit","hermit:Defend_Hermit","hermit:Defend_Hermit","hermit:Defend_Hermit","hermit:Snapshot","hermit:Covet","Vigilance","TheCursedMod:Defend_TheCursed","hermit:Roughhouse","hermit:Grudge","hermit:Quickdraw","hermit:GhostlyPresence","hermit:Deadeye","hermit:Headshot","hermit:Feint+1","hermit:TakeCover","Good Instincts","Good Instincts","hermit:Maintenance+1","hermit:Shortfuse+1","hermit:Dive"],"relics":["hermit:Momento","NlothsMask","Replay:Mystery Machine","Blue Doll","Lantern"],"acts_visited":["Exordium"],"potions_floor_usage":[16,16],"damage_taken":[{"damage":3,"enemies":"2 Louse","floor":1,"turns":4},{"damage":0,"enemies":"Cultist","floor":5,"turns":2},{"damage":22,"enemies":"3 Sentries","floor":6,"turns":10},{"damage":8,"enemies":"Jaw Worm","floor":7,"turns":3},{"damage":6,"enemies":"Lagavulin","floor":12,"turns":6},{"damage":3,"enemies":"2 Fungi Beasts","floor":14,"turns":3},{"damage":58,"enemies":"Hexaghost","floor":16,"turns":16}],"seed_played":"-6528990038845775715","potions_obtained":[{"floor":1,"key":"Weak Potion"},{"floor":11,"key":"Ancient Potion"},{"floor":12,"key":"BlessingOfTheForge"},{"floor":14,"key":"Block Potion"}],"is_trial":false,"path_per_floor":["M","?","$","T","M","E","M","R","T","$","?","E","$","M","R","B"],"character_chosen":"HERMIT","items_purchased":["hermit:Quickdraw","hermit:Feint+1","Good Instincts","hermit:Maintenance","hermit:Shortfuse+1"],"campfire_rested":1,"item_purchase_floors":[3,10,13,13,13],"current_hp_per_floor":[72,72,72,72,72,50,42,64,64,64,64,58,58,55,55,0,0],"gold":15,"neow_bonus":"THREE_RARE_CARDS","is_daily":false,"chose_seed":false,"campfire_upgraded":1,"win_rate":0.0,"timestamp":1608952336,"path_taken":["M","?","$","?","M","E","M","R","T","?","?","E","$","?","R","BOSS"],"items_purchased_type":["Card","Card","Card","Card","Card"],"build_version":"2020-12-22","purchased_purges":0,"victory":false,"max_hp_per_floor":[75,75,75,75,75,75,75,75,75,75,75,75,75,75,75,75,75],"card_choices":[{"not_picked":["hermit:EternalForm","hermit:BlackWind"],"picked":"hermit:Roughhouse","floor":0},{"not_picked":["hermit:ShadowCloak","hermit:CalledShot"],"picked":"hermit:Grudge","floor":1},{"not_picked":["hermit:TrackingShot","hermit:Shortfuse"],"picked":"hermit:GhostlyPresence","floor":5},{"not_picked":["hermit:Feint","hermit:Manifest"],"picked":"hermit:Deadeye","floor":6},{"not_picked":["hermit:Horror","hermit:LuckOfTheDraw"],"picked":"hermit:Headshot","floor":7},{"not_picked":["hermit:ItchyTrigger","hermit:Cheat"],"picked":"hermit:TakeCover","floor":12},{"not_picked":["hermit:WideOpen","hermit:Spite"],"picked":"hermit:Dive","floor":14}],"player_experience":53903,"relics_obtained":[{"floor":6,"key":"Replay:Mystery Machine"},{"floor":9,"key":"Blue Doll"},{"floor":12,"key":"Lantern"}],"event_choices":[{"damage_healed":0,"gold_gain":0,"player_choice":"Trade","damage_taken":0,"relics_obtained":["NlothsMask"],"max_hp_gain":0,"max_hp_loss":0,"event_name":"FaceTrader","floor":2,"gold_loss":0},{"damage_healed":0,"gold_gain":0,"player_choice":"Bought 1 Potion","damage_taken":0,"max_hp_gain":0,"max_hp_loss":0,"event_name":"The Woman in Blue","floor":11,"gold_loss":0}],"is_beta":false,"boss_relics":[],"items_purged_floors":[],"is_endless":false,"potions_floor_spawned":[1,12,14],"killed_by":"Hexaghost","ascension_level":0}}