{"host":"36ls4ricihodphgx","time":1608977749,"event":{"mods":["AchievementEnabler","BaseMod","Colored Map","Downfall","Hermit","HololiveMod","Marisa????????","Minty Spire (QoL Compilation)","Replay The Spire","StSLib","The Animator","The Cursed","The Servant 0.9.4"],"gold_per_floor":[15,15,15,27,27,44,44,73,151,171,136,311,311,324,324,422,422,432,131,131,131,71,71,97,113,137,149,149,176,189,207,207,312,312,328,341,406,422,422,422],"floor_reached":39,"playtime":1621,"items_purged":[],"score":426,"play_id":"5ab67ede-5a5d-4d25-9e75-df3e985e2d55","local_time":"20201226031549","is_ascension_mode":false,"campfire_choices":[{"data":"Heavy Blade","floor":7.0,"key":"SMITH"},{"data":"Rupture","floor":15.0,"key":"SMITH"},{"floor":23.0,"key":"REST"},{"floor":28.0,"key":"REST"},{"floor":32.0,"key":"REST"}],"circlet_count":0,"master_deck":["Defend_R+1","Defend_R+1","Defend_R+1","Bash+1","Twin Strike","Sword Boomerang+1","Heavy Blade+1","Twin Strike","Doubt","Rupture+1","Limit Break","ReplayReversal+1","Life Link+1","Replay:Undeath\u0027s Touch+1","Rampage+1","Blood for Blood+1","Combust+1","Combust","Armaments","Slimebound:Tackle+1","Slimebound:Tackle+1","Slimebound:Tackle+1","Double Tap","Pummel","Bludgeon","Heavy Blade+1","animator:Curse_Greed","Rupture","Flex+1"],"relics":["Burning Blood","Durian","Blood Vial","Meat on the Bone","White Beast Statue","Astrolabe","King of Hearts","Orrery","Ancient Tea Set","Replay:Mystery Machine","Whetstone","Cursed Key"],"acts_visited":["Exordium","TheCity","TheBeyond"],"potions_floor_usage":[35,39],"damage_taken":[{"damage":1.0,"enemies":"Cultist","floor":1.0,"turns":4.0},{"damage":8.0,"enemies":"Small Slimes","floor":4.0,"turns":3.0},{"damage":0.0,"enemies":"2 Louse","floor":6.0,"turns":2.0},{"damage":48.0,"enemies":"3 Sentries","floor":8.0,"turns":10.0},{"damage":15.0,"enemies":"2 Fungi Beasts","floor":10.0,"turns":4.0},{"damage":0.0,"enemies":"Large Slime","floor":14.0,"turns":2.0},{"damage":77.0,"enemies":"The Guardian","floor":16.0,"turns":14.0},{"damage":32.0,"enemies":"3 Byrds","floor":18.0,"turns":9.0},{"damage":26.0,"enemies":"Gremlin Leader","floor":24.0,"turns":5.0},{"damage":20.0,"enemies":"Shell Parasite","floor":25.0,"turns":5.0},{"damage":37.0,"enemies":"3 Cultists","floor":27.0,"turns":5.0},{"damage":34.0,"enemies":"Sentry and Sphere","floor":30.0,"turns":5.0},{"damage":53.0,"enemies":"Shelled Parasite and Fungi","floor":31.0,"turns":6.0},{"damage":38.0,"enemies":"Automaton","floor":33.0,"turns":6.0},{"damage":11,"enemies":"Orb Walker","floor":35,"turns":4},{"damage":28,"enemies":"3 Darklings","floor":36,"turns":5},{"damage":59,"enemies":"Maw","floor":38,"turns":7},{"damage":30,"enemies":"Sphere and 2 Shapes","floor":39,"turns":4}],"seed_played":"3976961891903986554","potions_obtained":[{"floor":4.0,"key":"Explosive Potion"},{"floor":6.0,"key":"AttackPotion"},{"floor":10.0,"key":"PowerPotion"},{"floor":14.0,"key":"Guardian:BlockOnCardUsePotion"},{"floor":16.0,"key":"Weak Potion"},{"floor":18.0,"key":"sneckomod:MuddlingPotion"},{"floor":24.0,"key":"Energy Potion"},{"floor":25.0,"key":"ColorlessPotion"},{"floor":27.0,"key":"Fire Potion"},{"floor":31.0,"key":"PowerPotion"},{"floor":33.0,"key":"ColorlessPotion"},{"floor":35,"key":"ElixirPotion"}],"is_trial":false,"path_per_floor":["M","?","?","M","$","M","R","E","T","M","?","?","T","M","R","B",null,"M","$","?","?","?","R","E","M","T","M","R","T","M","M","R","B",null,"M","M","?","M","M"],"character_chosen":"IRONCLAD","items_purchased":["King of Hearts","Orrery"],"campfire_rested":3,"item_purchase_floors":[19,19],"current_hp_per_floor":[85,90,90,88,88,90,90,48,48,53,75,75,75,83,83,26,90,64,64,64,64,64,90,70,58,58,41,68,68,54,21,48,30,90,85,65,65,26,0,0],"gold":422,"neow_bonus":"ONE_RARE_RELIC","is_daily":false,"chose_seed":false,"campfire_upgraded":2,"win_rate":0.0,"timestamp":1608977749,"path_taken":["M","?","?","M","$","M","R","E","T","M","?","?","?","?","R","BOSS","M","$","?","?","?","R","E","M","T","M","R","?","M","M","R","BOSS","M","M","?","M","M"],"items_purchased_type":["Relic","Relic"],"build_version":"2020-12-22","purchased_purges":0,"victory":false,"max_hp_per_floor":[85,90,90,90,90,90,90,90,90,90,90,90,90,90,90,90,90,90,90,90,90,90,90,90,90,90,90,90,90,90,90,90,90,90,90,90,90,90,90,90],"card_choices":[{"not_picked":["Run Through","Pommel Strike"],"picked":"Twin Strike","floor":1.0},{"not_picked":["Thunderclap","Headbutt"],"picked":"Sword Boomerang","floor":4.0},{"not_picked":["Cleave","Clothesline"],"picked":"Heavy Blade","floor":6.0},{"not_picked":["Blood for Blood","Body Slam"],"picked":"Twin Strike","floor":8.0},{"not_picked":["Iron Wave","Barricade","ReplayTheSpireMod:LeadingStrike"],"picked":"SKIP","floor":10.0},{"not_picked":["Body Slam","Rage"],"picked":"Rupture","floor":14.0},{"not_picked":["Corruption","Brutality"],"picked":"Limit Break","floor":16.0},{"not_picked":["Clash+1","Intimidate+1"],"picked":"Rampage+1","floor":18.0},{"not_picked":["Dark Embrace+1","Headbutt"],"picked":"Blood for Blood","floor":19.0},{"not_picked":["Replay:Undeath\u0027s Touch","Shrug It Off+1"],"picked":"Combust+1","floor":19.0},{"not_picked":["Iron Wave","Flex"],"picked":"Combust","floor":19.0},{"not_picked":["Pommel Strike","Replay:Undeath\u0027s Touch+1"],"picked":"Armaments","floor":19.0},{"not_picked":["Power Through+1","Twin Strike"],"picked":"Double Tap","floor":24.0},{"not_picked":["Pommel Strike","Infernal Blade","Perfected Strike"],"picked":"SKIP","floor":25.0},{"not_picked":["ReplayTheSpireMod:Stacked","ReplayTheSpireMod:Strike From Hell+1","Body Slam+1"],"picked":"SKIP","floor":27.0},{"not_picked":["Perfected Strike","Twin Strike"],"picked":"Pummel","floor":30.0},{"not_picked":["Warcry","True Grit","ReplayTheSpireMod:Limb From Limb+1"],"picked":"SKIP","floor":31.0},{"not_picked":["Replay:Many Hands","Eclipse"],"picked":"Bludgeon","floor":33.0},{"not_picked":["Headbutt","Pommel Strike"],"picked":"Heavy Blade+1","floor":35},{"not_picked":["Twin Strike","Dropkick+1","Body Slam+1"],"picked":"SKIP","floor":36},{"not_picked":["Clothesline+1","Clash+1"],"picked":"Rupture","floor":37},{"not_picked":["ReplayTheSpireMod:Corrosion Curse","Clash"],"picked":"Flex+1","floor":38}],"player_experience":20914,"relics_obtained":[{"floor":8.0,"key":"Blood Vial"},{"floor":9.0,"key":"Meat on the Bone"},{"floor":13.0,"key":"White Beast Statue"},{"floor":24.0,"key":"Ancient Tea Set"},{"floor":26.0,"key":"Replay:Mystery Machine"},{"floor":29.0,"key":"Whetstone"}],"event_choices":[{"damage_healed":0.0,"max_hp_gain":5.0,"max_hp_loss":0.0,"gold_gain":0.0,"event_name":"Big Fish","player_choice":"Donut","floor":2.0,"gold_loss":0.0,"damage_taken":0.0},{"damage_healed":0.0,"max_hp_gain":0.0,"max_hp_loss":0.0,"gold_gain":0.0,"event_name":"Living Wall","player_choice":"Grow","floor":3.0,"gold_loss":0.0,"damage_taken":0.0,"cards_upgraded":["Bash"]},{"damage_healed":22.0,"max_hp_gain":0.0,"max_hp_loss":0.0,"gold_gain":0.0,"event_name":"The Cleric","player_choice":"Healed","floor":11.0,"gold_loss":35.0,"damage_taken":0.0},{"damage_healed":0.0,"max_hp_gain":0.0,"max_hp_loss":0.0,"gold_gain":175.0,"event_name":"Liars Game","player_choice":"AGREE","floor":12.0,"gold_loss":0.0,"damage_taken":0.0,"cards_obtained":["Doubt"]},{"damage_healed":0.0,"max_hp_gain":0.0,"max_hp_loss":0.0,"gold_gain":0.0,"event_name":"Back to Basics","player_choice":"Simplicity","floor":20.0,"gold_loss":0.0,"damage_taken":0.0,"cards_upgraded":["Strike_R","Strike_R","Strike_R","Defend_R","Defend_R","Defend_R"]}],"is_beta":false,"boss_relics":[{"not_picked":["Ooze Armor","ChewingGum"],"picked":"Astrolabe"},{"not_picked":["SlaversCollar","Hololive_ChaosS"],"picked":"Cursed Key"}],"items_purged_floors":[],"is_endless":false,"potions_floor_spawned":[4,6,10,14,16,18,24,25,27,30,31,33,35,36,38],"killed_by":"Sphere and 2 Shapes","ascension_level":0}}