{"host":"bg8va46pgqgvtzim","time":1608993161,"event":{"mods":["BaseMod","Minty Spire (QoL Compilation)","Quick Restart","StSLib","SuperFastMode"],"gold_per_floor":[119,119,131,149,4,4,39,39,63,13,13,40,40,73,73,178,178,189,203,213,213,228,228,228,258,285,385,400,430,444,457,457,556,556,568,191,203,220,238,263,291,291,291,320,320,99,124,140,140,140,140,140,3,34,34],"floor_reached":56,"playtime":2182,"items_purged":["Masterful Stab","Dash"],"score":1744,"play_id":"99a0baff-7f95-4673-a398-9765d01c96fc","local_time":"20201226223241","is_ascension_mode":true,"campfire_choices":[{"data":"Crippling Poison","floor":6.0,"key":"SMITH"},{"data":"Malaise","floor":11.0,"key":"SMITH"},{"data":"Blade Dance","floor":13.0,"key":"SMITH"},{"data":"Tactician","floor":15.0,"key":"SMITH"},{"data":"Accuracy","floor":23.0,"key":"SMITH"},{"data":"Terror","floor":32.0,"key":"SMITH"},{"data":"Setup","floor":42.0,"key":"SMITH"},{"floor":49.0,"key":"RECALL"},{"data":"Calculated Gamble","floor":52.0,"key":"SMITH"}],"circlet_count":0,"master_deck":["Survivor","Neutralize","Crippling Poison+1","After Image","Tactician+1","Dagger Throw","Blade Dance+1","Malaise+1","Footwork","Accuracy+1","After Image","Reflex+1","Blade Dance+1","Terror+1","Adrenaline","Well Laid Plans+1","Phantasmal Killer","Tools of the Trade","Night Terror","Well Laid Plans","Corpse Explosion","Backflip","Calculated Gamble+1","Setup+1","Concentrate+1","Acrobatics","Apotheosis","Escape Plan","Eviscerate","Prepared+1"],"relics":["Ring of the Snake","Medical Kit","Orichalcum","Ancient Tea Set","Regal Pillow","MealTicket","Philosopher\u0027s Stone","Lantern","WingedGreaves","Paper Crane","Pen Nib","Pandora\u0027s Box","Gambling Chip","Potion Belt","Incense Burner","Letter Opener","Shovel","Snake Skull"],"acts_visited":["Exordium","TheCity","TheBeyond","TheBeyond","TheEnding"],"potions_floor_usage":[55,55,55,55],"damage_taken":[{"damage":0.0,"enemies":"Small Slimes","floor":1.0,"turns":4.0},{"damage":0.0,"enemies":"2 Louse","floor":3.0,"turns":3.0},{"damage":3.0,"enemies":"Jaw Worm","floor":4.0,"turns":4.0},{"damage":16.0,"enemies":"Gremlin Nob","floor":7.0,"turns":5.0},{"damage":5.0,"enemies":"3 Sentries","floor":12.0,"turns":9.0},{"damage":3.0,"enemies":"Gremlin Nob","floor":14.0,"turns":5.0},{"damage":0.0,"enemies":"Hexaghost","floor":16.0,"turns":16.0},{"damage":0.0,"enemies":"Chosen","floor":18.0,"turns":7.0},{"damage":0.0,"enemies":"Shell Parasite","floor":19.0,"turns":7.0},{"damage":1.0,"enemies":"3 Cultists","floor":20.0,"turns":4.0},{"damage":0.0,"enemies":"Centurion and Healer","floor":22.0,"turns":6.0},{"damage":0.0,"enemies":"Gremlin Leader","floor":25.0,"turns":7.0},{"damage":8.0,"enemies":"Colosseum Slavers","floor":27.0,"turns":2.0},{"damage":0.0,"enemies":"Colosseum Nobs","floor":27.0,"turns":5.0},{"damage":1.0,"enemies":"Shelled Parasite and Fungi","floor":28.0,"turns":4.0},{"damage":2.0,"enemies":"Slavers","floor":29.0,"turns":7.0},{"damage":9.0,"enemies":"Snake Plant","floor":30.0,"turns":3.0},{"damage":6.0,"enemies":"Centurion and Healer","floor":31.0,"turns":4.0},{"damage":0.0,"enemies":"Champ","floor":33.0,"turns":8.0},{"damage":0.0,"enemies":"3 Darklings","floor":35.0,"turns":4.0},{"damage":5.0,"enemies":"Orb Walker","floor":37.0,"turns":3.0},{"damage":0.0,"enemies":"Sphere and 2 Shapes","floor":38.0,"turns":4.0},{"damage":0.0,"enemies":"Spire Growth","floor":39.0,"turns":3.0},{"damage":0.0,"enemies":"Giant Head","floor":40.0,"turns":5.0},{"damage":0.0,"enemies":"Nemesis","floor":41.0,"turns":5.0},{"damage":0.0,"enemies":"Reptomancer","floor":44.0,"turns":4.0},{"damage":0.0,"enemies":"Giant Head","floor":47.0,"turns":5.0},{"damage":0.0,"enemies":"Maw","floor":48.0,"turns":4.0},{"damage":0.0,"enemies":"Awakened One","floor":50.0,"turns":5.0},{"damage":21.0,"enemies":"Shield and Spear","floor":54.0,"turns":5.0},{"damage":0,"enemies":"The Heart","floor":55,"turns":5}],"seed_played":"2103769372110356199","potions_obtained":[{"floor":1.0,"key":"SteroidPotion"},{"floor":4.0,"key":"Strength Potion"},{"floor":7.0,"key":"CultistPotion"},{"floor":28.0,"key":"BlessingOfTheForge"},{"floor":33.0,"key":"Strength Potion"},{"floor":47.0,"key":"ColorlessPotion"},{"floor":54.0,"key":"PowerPotion"}],"is_trial":false,"path_per_floor":["M","?","M","M","$","R","E","?","T","?","R","E","R","E","R","B",null,"M","M","M","?","M","R","?","E","T","?","M","E","M","M","R","B",null,"M","$","M","M","M","E","E","R","T","E","?","$","E","M","R","B",null,"R","$","E","B",null],"character_chosen":"THE_SILENT","items_purchased":["Medical Kit","Gambling Chip","Acrobatics","Apotheosis","Eviscerate"],"campfire_rested":0,"item_purchase_floors":[5,36,46,46,53],"current_hp_per_floor":[63,56,56,53,53,53,37,37,37,37,37,32,32,29,29,29,63,63,63,62,62,62,62,62,62,62,54,53,51,42,36,36,36,63,63,63,58,58,58,58,58,58,58,58,58,63,63,63,63,63,63,63,63,42,42],"gold":34,"neow_bonus":"TRANSFORM_TWO_CARDS","is_daily":false,"chose_seed":false,"campfire_upgraded":8,"win_rate":0.0,"timestamp":1608993161,"path_taken":["M","?","M","M","$","R","E","?","T","?","R","E","R","E","R","BOSS","M","M","M","?","M","R","?","E","T","?","M","E","?","M","R","BOSS","M","$","M","M","M","E","E","R","T","E","?","$","E","M","R","BOSS","R","$","E","BOSS"],"items_purchased_type":["Relic","Relic","Card","Card","Card"],"build_version":"2020-12-22","purchased_purges":2,"victory":true,"max_hp_per_floor":[63,63,63,63,63,63,63,63,63,63,63,63,63,63,63,63,63,63,63,63,63,63,63,63,63,63,63,63,63,63,63,63,63,63,63,63,63,63,63,63,63,63,63,63,63,63,63,63,63,63,63,63,63,63,63],"card_choices":[{"not_picked":["Catalyst","Predator"],"picked":"Tactician","floor":1.0},{"not_picked":["Expertise","PiercingWail"],"picked":"Dagger Throw","floor":3.0},{"not_picked":["Slice","Dodge and Roll"],"picked":"Blade Dance","floor":4.0},{"not_picked":["Caltrops","Deflect"],"picked":"Malaise","floor":7.0},{"not_picked":["Skewer","Terror"],"picked":"Footwork","floor":12.0},{"not_picked":["Blade Dance","Distraction"],"picked":"Accuracy","floor":14.0},{"not_picked":["Wraith Form v2","Adrenaline"],"picked":"After Image","floor":16.0},{"not_picked":["Skewer","Underhanded Strike"],"picked":"Reflex+1","floor":18.0},{"not_picked":["Deflect","Flechettes"],"picked":"Blade Dance+1","floor":19.0},{"not_picked":["Quick Slash+1","Blade Dance","Riddle With Holes"],"picked":"SKIP","floor":20.0},{"not_picked":["Footwork","Outmaneuver"],"picked":"Terror","floor":22.0},{"not_picked":["Distraction","Deflect+1","Finisher"],"picked":"SKIP","floor":25.0},{"not_picked":["Sucker Punch","Dagger Spray+1","Dodge and Roll+1"],"picked":"SKIP","floor":28.0},{"not_picked":["Predator","Reflex+1"],"picked":"Adrenaline","floor":29.0},{"not_picked":["Finisher","PiercingWail","Slice"],"picked":"SKIP","floor":30.0},{"not_picked":["Backflip","Flying Knee"],"picked":"Well Laid Plans+1","floor":31.0},{"not_picked":["Burst","Unload"],"picked":"Phantasmal Killer","floor":33.0},{"not_picked":["Dagger Spray","Predator","Deadly Poison"],"picked":"SKIP","floor":35.0},{"not_picked":["Dagger Throw","Blade Dance"],"picked":"Backflip","floor":37.0},{"not_picked":["Distraction+1","Poisoned Stab+1","Terror+1"],"picked":"SKIP","floor":38.0},{"not_picked":["Flying Knee","Quick Slash"],"picked":"Calculated Gamble","floor":39.0},{"not_picked":["Underhanded Strike+1","Dagger Throw+1","Corpse Explosion"],"picked":"SKIP","floor":40.0},{"not_picked":["Underhanded Strike+1","Crippling Poison"],"picked":"Setup","floor":41.0},{"not_picked":["Deflect+1","Phantasmal Killer"],"picked":"Concentrate+1","floor":44.0},{"not_picked":["Finisher+1","Dodge and Roll"],"picked":"Escape Plan","floor":47.0},{"not_picked":["Bane","Eviscerate+1","Caltrops"],"picked":"SKIP","floor":48.0},{"not_picked":["Slice+1","Terror+1"],"picked":"Prepared+1","floor":54.0}],"player_experience":2162194,"relics_obtained":[{"floor":7.0,"key":"Orichalcum"},{"floor":9.0,"key":"Ancient Tea Set"},{"floor":12.0,"key":"Regal Pillow"},{"floor":14.0,"key":"MealTicket"},{"floor":26.0,"key":"Lantern"},{"floor":27.0,"key":"WingedGreaves"},{"floor":27.0,"key":"Paper Crane"},{"floor":29.0,"key":"Pen Nib"},{"floor":40.0,"key":"Potion Belt"},{"floor":41.0,"key":"Incense Burner"},{"floor":44.0,"key":"Letter Opener"},{"floor":47.0,"key":"Shovel"},{"floor":54.0,"key":"Snake Skull"}],"event_choices":[{"cards_removed":["Strike_G"],"damage_healed":0.0,"max_hp_gain":0.0,"max_hp_loss":0.0,"gold_gain":0.0,"event_name":"Golden Wing","player_choice":"Card Removal","floor":2.0,"gold_loss":0.0,"damage_taken":7.0},{"damage_healed":0.0,"max_hp_gain":0.0,"max_hp_loss":0.0,"gold_gain":0.0,"event_name":"Liars Game","player_choice":"Ignored","floor":8.0,"gold_loss":0.0,"damage_taken":0.0},{"cards_removed":["Strike_G"],"damage_healed":0.0,"max_hp_gain":0.0,"max_hp_loss":0.0,"gold_gain":0.0,"event_name":"The Cleric","player_choice":"Card Removal","floor":10.0,"gold_loss":50.0,"damage_taken":0.0},{"damage_healed":0.0,"max_hp_gain":0.0,"max_hp_loss":0.0,"gold_gain":0.0,"event_name":"Ghosts","player_choice":"Ignored","floor":21.0,"gold_loss":0.0,"damage_taken":0.0},{"damage_healed":0.0,"max_hp_gain":0.0,"max_hp_loss":0.0,"gold_gain":0.0,"event_name":"Colosseum","player_choice":"Fight","floor":27.0,"gold_loss":0.0,"damage_taken":0.0},{"damage_healed":0.0,"max_hp_gain":0.0,"max_hp_loss":0.0,"gold_gain":0.0,"event_name":"Colosseum","player_choice":"Fought Nobs","floor":27.0,"gold_loss":0.0,"damage_taken":0.0},{"damage_healed":0.0,"max_hp_gain":0.0,"max_hp_loss":0.0,"gold_gain":0.0,"event_name":"Tomb of Lord Red Mask","player_choice":"Ignored","floor":45.0,"gold_loss":0.0,"damage_taken":0.0}],"is_beta":false,"boss_relics":[{"not_picked":["Cursed Key","Tiny House"],"picked":"Philosopher\u0027s Stone"},{"not_picked":["Fusion Hammer","SlaversCollar"],"picked":"Pandora\u0027s Box"}],"items_purged_floors":[36,53],"is_endless":false,"potions_floor_spawned":[1,4,7,14,20,22,25,27,28,33,38,39,47,54],"ascension_level":1}}