{"host":"ec09novo68szpe7d","time":1609017832,"event":{"mods":["AchievementEnabler","BaseMod","Bestiary","Minty Spire (QoL Compilation)","StSLib"],"gold_per_floor":[360,379,157,171,246,246,274,274,274,306,481,515,515,531,531,531,531],"floor_reached":16,"playtime":802,"items_purged":["Parasite"],"score":130,"play_id":"95290923-c910-4d06-8a9d-651042cac495","local_time":"20201226222352","is_ascension_mode":true,"campfire_choices":[{"data":"Zap","floor":6.0,"key":"SMITH"},{"floor":8.0,"key":"REST"},{"floor":13.0,"key":"REST"},{"floor":15.0,"key":"DIG"}],"circlet_count":0,"master_deck":["Strike_B","Strike_B","Strike_B","Strike_B","Defend_B","Defend_B","Defend_B","Defend_B","Zap+1","Dualcast","Go for the Eyes","Leap","Coolheaded","All For One+1","Doubt","Streamline+1","Conserve Battery"],"relics":["Cracked Core","Tiny Chest","Shovel","Molten Egg 2","Toy Ornithopter","Bottled Lightning","Toxic Egg 2"],"acts_visited":["Exordium"],"potions_floor_usage":[16],"damage_taken":[{"damage":2.0,"enemies":"Jaw Worm","floor":1.0,"turns":3.0},{"damage":9.0,"enemies":"Small Slimes","floor":2.0,"turns":5.0},{"damage":3.0,"enemies":"2 Louse","floor":4.0,"turns":3.0},{"damage":20.0,"enemies":"Lagavulin","floor":7.0,"turns":10.0},{"damage":36.0,"enemies":"3 Sentries","floor":10.0,"turns":8.0},{"damage":25.0,"enemies":"Gremlin Nob","floor":12.0,"turns":4.0},{"damage":5.0,"enemies":"Exordium Thugs","floor":14.0,"turns":3.0},{"damage":32,"enemies":"The Guardian","floor":16,"turns":2}],"seed_played":"-7511449113268601486","potions_obtained":[{"floor":7.0,"key":"LiquidBronze"},{"floor":10.0,"key":"EntropicBrew"},{"floor":14.0,"key":"Block Potion"}],"is_trial":false,"path_per_floor":["M","M","$","M","?","R","E","R","T","E","?","E","R","M","R","B"],"character_chosen":"DEFECT","items_purchased":["Tiny Chest"],"campfire_rested":2,"item_purchase_floors":[3],"current_hp_per_floor":[73,64,64,61,50,50,30,51,51,20,20,5,26,21,21,0,0],"gold":531,"neow_bonus":"TWO_FIFTY_GOLD","is_daily":false,"chose_seed":false,"campfire_upgraded":1,"win_rate":0.0,"timestamp":1609017832,"path_taken":["M","M","$","M","?","R","E","R","T","E","?","E","R","M","R","BOSS"],"items_purchased_type":["Relic"],"build_version":"2020-12-22","purchased_purges":1,"victory":false,"max_hp_per_floor":[75,75,72,72,72,72,72,72,72,72,72,72,72,72,72,72,72],"card_choices":[{"not_picked":["Compile Driver","Redo"],"picked":"Go for the Eyes","floor":1.0},{"not_picked":["Sweeping Beam","Redo"],"picked":"Leap","floor":2.0},{"not_picked":["Turbo","Go for the Eyes","Steam"],"picked":"SKIP","floor":4.0},{"not_picked":["Sweeping Beam","Reinforced Body"],"picked":"Coolheaded","floor":7.0},{"not_picked":["Turbo","Heatsinks"],"picked":"All For One+1","floor":10.0},{"not_picked":["Turbo","Sweeping Beam+1"],"picked":"Streamline+1","floor":12.0},{"not_picked":["Sweeping Beam+1","Doom and Gloom+1"],"picked":"Conserve Battery","floor":14.0}],"player_experience":211462,"relics_obtained":[{"floor":7.0,"key":"Shovel"},{"floor":9.0,"key":"Molten Egg 2"},{"floor":10.0,"key":"Toy Ornithopter"},{"floor":12.0,"key":"Bottled Lightning"},{"floor":15.0,"key":"Toxic Egg 2"}],"event_choices":[{"damage_healed":0.0,"max_hp_gain":0.0,"max_hp_loss":0.0,"gold_gain":75.0,"event_name":"World of Goop","player_choice":"Gather Gold","floor":5.0,"gold_loss":0.0,"damage_taken":11.0},{"damage_healed":0.0,"max_hp_gain":0.0,"max_hp_loss":0.0,"gold_gain":175.0,"event_name":"Liars Game","player_choice":"AGREE","floor":11.0,"gold_loss":0.0,"damage_taken":0.0,"cards_obtained":["Doubt"]}],"is_beta":false,"boss_relics":[],"items_purged_floors":[3],"is_endless":false,"potions_floor_spawned":[7,10,14],"killed_by":"The Guardian","ascension_level":2}}