{"host":"x5anfo2w8aotfuta","time":1609014776,"event":{"mods":["AchievementEnabler","BaseMod","Bestiary","Block Reminder","Colored Map","Colored Powertips","DeckTracker","Highlight Path","Minty Spire (QoL Compilation)","Quick Restart","Rare Cards Sparkle","Relic Stats","StSLib"],"gold_per_floor":[118,118,137,154,173,173,199,199,199,199,213,244,255,265,265,360,360,379,393,3,23,23,23,23,50,125,138,138,138,170,188,188,291,291,311,81,81,94,114,114,114,114,114,126,126,126,141,160,160,160,160],"floor_reached":50,"playtime":3462,"items_purged":["Bite"],"score":670,"play_id":"e5ba362b-4341-4663-992f-06fea6847ea9","local_time":"20201226123256","is_ascension_mode":true,"campfire_choices":[{"data":"Defragment","floor":6.0,"key":"SMITH"},{"floor":8.0,"key":"REST"},{"data":"Zap","floor":10.0,"key":"SMITH"},{"data":"Electrodynamics","floor":15.0,"key":"SMITH"},{"data":"Electrodynamics","floor":23.0,"key":"SMITH"},{"data":"Defragment","floor":29.0,"key":"SMITH"},{"floor":32.0,"key":"REST"},{"data":"Reinforced Body","floor":40.0,"key":"SMITH"},{"floor":46,"key":"REST"},{"floor":49,"key":"RECALL"}],"circlet_count":0,"master_deck":["Defend_B","Defend_B","Defend_B","Defend_B","Zap+1","Dualcast","Electrodynamics+1","Steam","Melter","Defragment+1","Auto Shields","Reinforced Body+1","Steam","Electrodynamics+1","Conserve Battery","Core Surge","Go for the Eyes","Leap","Bite","Bite","Bite","Bite","Lockon","Defragment+1","Tempest","Tempest","Reinforced Body","Machine Learning","Conserve Battery+1","Defragment+1","Ball Lightning+1","Turbo+1","Secret Technique","Parasite","Storm+1","Coolheaded+1"],"relics":["Cracked Core","TungstenRod","Pear","Inserter","OrangePellets","Letter Opener","DataDisk","Bottled Lightning","Gremlin Horn","Runic Pyramid","DollysMirror","The Courier"],"acts_visited":["Exordium","TheCity","TheBeyond"],"potions_floor_usage":[47,48,48,48,48,48,48],"damage_taken":[{"damage":0.0,"enemies":"Jaw Worm","floor":1.0,"turns":3.0},{"damage":0.0,"enemies":"2 Louse","floor":3.0,"turns":2.0},{"damage":0.0,"enemies":"Small Slimes","floor":4.0,"turns":2.0},{"damage":0.0,"enemies":"3 Louse","floor":5.0,"turns":1.0},{"damage":33.0,"enemies":"Gremlin Nob","floor":7.0,"turns":4.0},{"damage":0.0,"enemies":"Lots of Slimes","floor":11.0,"turns":3.0},{"damage":8.0,"enemies":"3 Sentries","floor":12.0,"turns":4.0},{"damage":0.0,"enemies":"Large Slime","floor":13.0,"turns":3.0},{"damage":0.0,"enemies":"3 Louse","floor":14.0,"turns":1.0},{"damage":6.0,"enemies":"The Guardian","floor":16.0,"turns":12.0},{"damage":0.0,"enemies":"Chosen","floor":18.0,"turns":4.0},{"damage":8.0,"enemies":"Shell Parasite","floor":19.0,"turns":6.0},{"damage":3.0,"enemies":"Chosen and Byrds","floor":21.0,"turns":4.0},{"damage":24.0,"enemies":"Slavers","floor":25.0,"turns":3.0},{"damage":0.0,"enemies":"Snake Plant","floor":27.0,"turns":4.0},{"damage":28.0,"enemies":"Book of Stabbing","floor":30.0,"turns":5.0},{"damage":9.0,"enemies":"Snecko","floor":31.0,"turns":5.0},{"damage":29.0,"enemies":"Champ","floor":33.0,"turns":8.0},{"damage":0.0,"enemies":"3 Shapes","floor":35.0,"turns":1.0},{"damage":19.0,"enemies":"3 Darklings","floor":38.0,"turns":4.0},{"damage":14.0,"enemies":"Maw","floor":39.0,"turns":7.0},{"damage":1,"enemies":"Writhing Mass","floor":44,"turns":6},{"damage":1,"enemies":"4 Shapes","floor":47,"turns":2},{"damage":46,"enemies":"Jaw Worm Horde","floor":48,"turns":4},{"damage":17,"enemies":"Donu and Deca","floor":50,"turns":1}],"seed_played":"2635571709969927956","potions_obtained":[{"floor":5.0,"key":"GamblersBrew"},{"floor":7.0,"key":"SkillPotion"},{"floor":12.0,"key":"BlessingOfTheForge"},{"floor":13.0,"key":"PowerPotion"},{"floor":25.0,"key":"SpeedPotion"},{"floor":30.0,"key":"PowerPotion"},{"floor":31.0,"key":"DuplicationPotion"},{"floor":37.0,"key":"EntropicBrew"},{"floor":37.0,"key":"CultistPotion"},{"floor":37.0,"key":"EssenceOfSteel"},{"floor":38.0,"key":"PotionOfCapacity"},{"floor":44,"key":"LiquidMemories"},{"floor":48,"key":"Fruit Juice"}],"is_trial":false,"path_per_floor":["M","?","M","M","M","R","E","R","T","R","M","E","M","M","R","B",null,"M","M","$","M","?","R","?","E","T","M","?","R","E","M","R","B",null,"M","$","?","M","M","R","?","?","T","M","?","R","M","M","R","B"],"character_chosen":"DEFECT","items_purchased":["OrangePellets","Letter Opener","DollysMirror"],"campfire_rested":3,"item_purchase_floors":[20,20,36],"current_hp_per_floor":[54,54,54,54,54,54,21,43,43,43,43,45,45,45,45,39,74,74,66,66,63,63,63,59,37,37,43,43,43,19,14,31,12,47,47,47,47,30,24,24,24,24,24,31,31,47,48,13,13,0,0],"gold":160,"neow_bonus":"THREE_RARE_CARDS","is_daily":false,"chose_seed":false,"campfire_upgraded":6,"win_rate":0.0,"timestamp":1609014776,"path_taken":["M","?","M","M","M","R","E","R","T","R","M","E","M","M","R","BOSS","M","M","$","M","?","R","?","E","T","M","?","R","E","M","R","BOSS","M","$","?","M","?","R","?","?","T","M","?","R","?","M","R","BOSS"],"items_purchased_type":["Relic","Relic","Relic"],"build_version":"2020-12-22","purchased_purges":1,"victory":false,"max_hp_per_floor":[75,75,75,75,75,75,75,75,75,75,75,85,85,85,85,85,85,85,85,85,85,85,85,59,59,59,59,59,59,59,59,59,59,59,59,59,59,59,59,59,59,59,59,59,56,56,56,61,61,61,61],"relic_stats":{"OrangePellets":[6],"Inserter":[32],"Gremlin Horn":[1,1],"counters":[25,99],"Letter Opener":[125],"obtain_stats":[{"OrangePellets":20,"DataDisk":25,"Pear":12,"Inserter":17,"Gremlin Horn":30,"DollysMirror":36,"The Courier":43,"Letter Opener":20,"Bottled Lightning":26,"Cracked Core":0,"TungstenRod":7,"Runic Pyramid":34},{"OrangePellets":12,"DataDisk":14,"Pear":7,"Inserter":10,"Gremlin Horn":16,"DollysMirror":19,"The Courier":21,"Letter Opener":12,"Bottled Lightning":14,"Cracked Core":0,"TungstenRod":5,"Runic Pyramid":18},{"OrangePellets":45,"DataDisk":52,"Pear":19,"Inserter":35,"Gremlin Horn":61,"DollysMirror":75,"The Courier":86,"Letter Opener":45,"Bottled Lightning":52,"Cracked Core":0,"TungstenRod":12,"Runic Pyramid":74}],"TungstenRod":39},"card_choices":[{"not_picked":["Buffer","Echo Form"],"picked":"Electrodynamics","floor":0.0},{"not_picked":["Compile Driver","Sweeping Beam","Gash"],"picked":"SKIP","floor":1.0},{"not_picked":["Barrage","Streamline"],"picked":"Steam","floor":3.0},{"not_picked":["Turbo","Conserve Battery"],"picked":"Melter","floor":4.0},{"not_picked":["Gash","Capacitor"],"picked":"Defragment","floor":5.0},{"not_picked":["Sweeping Beam","Redo"],"picked":"Auto Shields","floor":7.0},{"not_picked":["Sunder","Sweeping Beam"],"picked":"Reinforced Body","floor":11.0},{"not_picked":["Go for the Eyes","Stack"],"picked":"Steam","floor":12.0},{"not_picked":["Steam","Turbo"],"picked":"Electrodynamics","floor":13.0},{"not_picked":["Stack","Compile Driver"],"picked":"Conserve Battery","floor":14.0},{"not_picked":["Reboot","All For One"],"picked":"Core Surge","floor":16.0},{"not_picked":["Steam Power","Steam","Stack"],"picked":"SKIP","floor":18.0},{"not_picked":["Beam Cell","Streamline"],"picked":"Go for the Eyes","floor":19.0},{"not_picked":["Barrage","Redo"],"picked":"Leap","floor":21.0},{"not_picked":["Force Field","Chill"],"picked":"Lockon","floor":25.0},{"not_picked":["Reinforced Body","Turbo"],"picked":"Defragment","floor":27.0},{"not_picked":["Chaos","Reprogram"],"picked":"Tempest","floor":30.0},{"not_picked":["Streamline+1","Scrape"],"picked":"Reinforced Body","floor":31.0},{"not_picked":["All For One","Meteor Strike"],"picked":"Machine Learning","floor":33.0},{"not_picked":["Steam","Stack+1"],"picked":"Conserve Battery+1","floor":35.0},{"not_picked":["Reprogram+1","Self Repair"],"picked":"Ball Lightning+1","floor":38.0},{"not_picked":["Redo+1","Cold Snap"],"picked":"Turbo+1","floor":39.0},{"not_picked":["Apotheosis","Enlightenment"],"picked":"Secret Technique","floor":42.0},{"not_picked":["Steam","Hologram+1","Blizzard+1"],"picked":"SKIP","floor":44},{"not_picked":["Ball Lightning","Compile Driver+1"],"picked":"Storm+1","floor":47},{"not_picked":["Heatsinks+1","Ball Lightning+1"],"picked":"Coolheaded+1","floor":48}],"player_experience":388888,"relics_obtained":[{"floor":7.0,"key":"TungstenRod"},{"floor":12.0,"key":"Pear"},{"floor":25.0,"key":"DataDisk"},{"floor":26.0,"key":"Bottled Lightning"},{"floor":30.0,"key":"Gremlin Horn"},{"floor":43.0,"key":"The Courier"}],"event_choices":[{"damage_healed":0.0,"max_hp_gain":0.0,"max_hp_loss":0.0,"gold_gain":0.0,"event_name":"Liars Game","player_choice":"Ignored","floor":2.0,"gold_loss":0.0,"damage_taken":0.0},{"damage_healed":0.0,"max_hp_gain":0.0,"max_hp_loss":0.0,"gold_gain":0.0,"event_name":"The Mausoleum","player_choice":"Ignored","floor":22.0,"gold_loss":0.0,"damage_taken":0.0},{"damage_healed":0.0,"max_hp_gain":0.0,"max_hp_loss":26.0,"gold_gain":0.0,"event_name":"Vampires","player_choice":"Became a vampire","floor":24.0,"gold_loss":0.0,"damage_taken":0.0,"cards_obtained":["Bite","Bite","Bite","Bite","Bite"]},{"damage_healed":0.0,"max_hp_gain":0.0,"max_hp_loss":0.0,"gold_gain":0.0,"event_name":"The Library","player_choice":"Read","floor":28.0,"gold_loss":0.0,"damage_taken":0.0,"cards_obtained":["Tempest"]},{"damage_healed":0.0,"max_hp_gain":0.0,"max_hp_loss":0.0,"gold_gain":0.0,"event_name":"Lab","player_choice":"Got Potions","floor":37.0,"gold_loss":0.0,"damage_taken":0.0},{"damage_healed":0.0,"max_hp_gain":0.0,"max_hp_loss":0.0,"gold_gain":0.0,"event_name":"Mysterious Sphere","player_choice":"Ignored","floor":41.0,"gold_loss":0.0,"damage_taken":0.0},{"damage_healed":0.0,"max_hp_gain":0.0,"max_hp_loss":0.0,"gold_gain":0.0,"event_name":"SensoryStone","player_choice":"Memory 1","floor":42.0,"gold_loss":0.0,"damage_taken":0.0},{"damage_healed":0,"gold_gain":0,"player_choice":"Max HP","damage_taken":0,"max_hp_gain":0,"max_hp_loss":3,"event_name":"Winding Halls","floor":45,"gold_loss":0}],"is_beta":false,"boss_relics":[{"not_picked":["Cursed Key","Pandora\u0027s Box"],"picked":"Inserter"},{"not_picked":["Philosopher\u0027s Stone","Nuclear Battery"],"picked":"Runic Pyramid"}],"items_purged_floors":[36],"is_endless":false,"potions_floor_spawned":[5,7,12,13,25,30,31,38,44,48],"killed_by":"Donu and Deca","ascension_level":5}}