{"host":"7mrmd33mpx7q5wx9","time":1609025392,"event":{"mods":["AchievementEnabler","BaseMod","Colored Map","Defuse TimeMaze Blight","Minty Spire (QoL Compilation)","Permanent Neow","Quick Restart","StSLib","SuperFastMode"],"gold_per_floor":[109,284,34,96,115,148,148,158,231,231,250,266,292,306,306,411,411,421,521,541,557,2,2,22,22,22,33,63,83,111,130,130,226,226,237,237,237,254,254,254,286,286,286,636,166,179,195,208,208,208,208],"floor_reached":50,"playtime":1881,"items_purged":["Doubt","Defend_B"],"score":659,"play_id":"133e9bcb-94ec-4f9f-9a26-b44e200e06ae","local_time":"20201226172952","is_ascension_mode":true,"campfire_choices":[{"data":"Defragment","floor":7,"key":"SMITH"},{"data":"BootSequence","floor":15,"key":"SMITH"},{"data":"Electrodynamics","floor":23,"key":"SMITH"},{"data":"Zap","floor":25,"key":"SMITH"},{"floor":32,"key":"RECALL"},{"data":"Rainbow","floor":40,"key":"SMITH"},{"floor":49,"key":"REST"}],"circlet_count":0,"master_deck":["Strike_B","Strike_B","Strike_B","Strike_B","Defend_B","Defend_B","Defend_B","Zap+1","Dualcast","Conserve Battery","Sunder+1","Master of Strategy","Go for the Eyes","Defragment+1","BootSequence+1","Reinforced Body","Electrodynamics+1","Barrage+1","Beam Cell+1","Cold Snap+1","Rainbow+1","Self Repair","Capacitor","Genetic Algorithm+1","Storm","Loop","Core Surge+1","Parasite"],"relics":["Cracked Core","Orichalcum","Meat on the Bone","Happy Flower","Inserter","Molten Egg 2","Incense Burner","Turnip","Blood Vial","Bottled Flame","Runic Pyramid","Cables","HornCleat","Old Coin","Bronze Scales","Pen Nib"],"acts_visited":["Exordium","TheCity","TheBeyond"],"potions_floor_usage":[8,13,13,30,38,47,48,50],"damage_taken":[{"damage":4,"enemies":"2 Louse","floor":1,"turns":3},{"damage":7,"enemies":"Jaw Worm","floor":5,"turns":3},{"damage":42,"enemies":"Lagavulin","floor":6,"turns":9},{"damage":9,"enemies":"Small Slimes","floor":8,"turns":2},{"damage":6,"enemies":"Exordium Thugs","floor":11,"turns":4},{"damage":0,"enemies":"Gremlin Gang","floor":12,"turns":4},{"damage":0,"enemies":"3 Sentries","floor":13,"turns":4},{"damage":0,"enemies":"Red Slaver","floor":14,"turns":4},{"damage":24,"enemies":"Hexaghost","floor":16,"turns":11},{"damage":22,"enemies":"3 Byrds","floor":18,"turns":4},{"damage":6,"enemies":"2 Thieves","floor":20,"turns":4},{"damage":12,"enemies":"Snecko","floor":21,"turns":4},{"damage":22,"enemies":"Snake Plant","floor":24,"turns":5},{"damage":8,"enemies":"Centurion and Healer","floor":27,"turns":3},{"damage":0,"enemies":"Gremlin Leader","floor":28,"turns":5},{"damage":1,"enemies":"Sentry and Sphere","floor":29,"turns":3},{"damage":12,"enemies":"Slavers","floor":30,"turns":5},{"damage":0,"enemies":"Snecko","floor":31,"turns":4},{"damage":46,"enemies":"Automaton","floor":33,"turns":9},{"damage":2,"enemies":"3 Shapes","floor":35,"turns":3},{"damage":12,"enemies":"3 Darklings","floor":38,"turns":4},{"damage":44,"enemies":"Nemesis","floor":41,"turns":7},{"damage":0,"enemies":"Mind Bloom Boss Battle","floor":44,"turns":5},{"damage":0,"enemies":"Sphere and 2 Shapes","floor":46,"turns":3},{"damage":29,"enemies":"Jaw Worm Horde","floor":47,"turns":5},{"damage":26,"enemies":"Writhing Mass","floor":48,"turns":5},{"damage":61,"enemies":"Donu and Deca","floor":50,"turns":8}],"seed_played":"7086872072570350303","potions_obtained":[{"floor":1,"key":"EssenceOfSteel"},{"floor":8,"key":"Fire Potion"},{"floor":12,"key":"DistilledChaos"},{"floor":14,"key":"PowerPotion"},{"floor":18,"key":"AttackPotion"},{"floor":24,"key":"FearPotion"},{"floor":31,"key":"SteroidPotion"},{"floor":33,"key":"Explosive Potion"},{"floor":35,"key":"PowerPotion"},{"floor":44,"key":"CultistPotion"}],"is_trial":false,"path_per_floor":["M","?","$","?","M","E","R","M","T","?","M","M","E","M","R","B",null,"M","?","M","M","$","R","M","R","T","M","E","M","E","M","R","B",null,"M","?","?","M","?","R","E","?","T","?","$","M","M","M","R","B"],"character_chosen":"DEFECT","items_purchased":["Master of Strategy","Molten Egg 2","Incense Burner","Bronze Scales","Loop","Pen Nib"],"campfire_rested":1,"item_purchase_floors":[3,22,22,45,45,45],"current_hp_per_floor":[71,71,71,71,64,22,22,13,13,13,19,31,43,43,43,31,75,53,53,47,47,47,47,37,37,37,41,41,42,44,46,46,14,75,73,73,71,59,59,59,36,36,36,38,38,40,25,20,41,0,0],"gold":208,"neow_bonus":"THREE_CARDS","is_daily":false,"chose_seed":false,"campfire_upgraded":5,"win_rate":0.0,"timestamp":1609025392,"path_taken":["M","?","$","?","M","E","R","M","T","?","M","M","E","M","R","BOSS","M","?","M","M","$","R","M","R","T","M","E","?","E","M","R","BOSS","M","?","?","M","?","R","E","?","T","?","$","M","M","M","R","BOSS"],"items_purchased_type":["Card","Relic","Relic","Relic","Card","Relic"],"build_version":"2020-12-22","purchased_purges":2,"victory":false,"max_hp_per_floor":[75,75,75,75,75,75,75,75,75,75,75,75,75,75,75,75,75,75,75,75,75,75,75,75,75,75,75,75,75,75,75,75,75,75,75,75,71,71,71,71,71,71,71,71,71,71,71,71,71,71,71],"card_choices":[{"not_picked":["White Noise","Stack"],"picked":"Conserve Battery","floor":0},{"not_picked":["Conserve Battery","Turbo"],"picked":"Sunder","floor":1},{"not_picked":["Heatsinks","Double Energy"],"picked":"Go for the Eyes","floor":5},{"not_picked":["Conserve Battery","Recycle"],"picked":"Defragment","floor":6},{"not_picked":["Blizzard","Darkness","Leap"],"picked":"SKIP","floor":8},{"not_picked":["Turbo","Force Field"],"picked":"BootSequence","floor":11},{"not_picked":["Lockon","Aggregate","Streamline"],"picked":"SKIP","floor":12},{"not_picked":["Hello World","BootSequence"],"picked":"Reinforced Body","floor":13},{"not_picked":["Barrage","Lockon","Compile Driver"],"picked":"SKIP","floor":14},{"not_picked":["Fission","Buffer"],"picked":"Electrodynamics","floor":16},{"not_picked":["Stack","Doom and Gloom","Consume"],"picked":"SKIP","floor":18},{"not_picked":["Compile Driver+1","Darkness+1"],"picked":"Barrage+1","floor":20},{"not_picked":["Heatsinks","Reprogram"],"picked":"Cold Snap+1","floor":21},{"not_picked":["Cold Snap+1","Redo","Streamline+1"],"picked":"SKIP","floor":24},{"not_picked":["Steam","Leap","Compile Driver+1"],"picked":"SKIP","floor":27},{"not_picked":["Hello World","Scrape+1"],"picked":"Beam Cell+1","floor":28},{"not_picked":["Genetic Algorithm","Meteor Strike+1"],"picked":"Cold Snap+1","floor":29},{"not_picked":["Beam Cell+1","Steam Power","Self Repair+1"],"picked":"SKIP","floor":30},{"not_picked":["Redo","Streamline+1","Blizzard+1"],"picked":"SKIP","floor":31},{"not_picked":["Thunder Strike+1","Electrodynamics"],"picked":"Rainbow","floor":33},{"not_picked":["Gash+1","Cold Snap+1"],"picked":"Self Repair","floor":35},{"not_picked":["Lockon+1","Barrage+1"],"picked":"Capacitor","floor":38},{"not_picked":["Stack","Steam+1"],"picked":"Genetic Algorithm+1","floor":41},{"not_picked":["Cold Snap+1","Rebound+1"],"picked":"Storm","floor":44},{"not_picked":["Capacitor","Redo","Aggregate+1"],"picked":"SKIP","floor":46},{"not_picked":["Rebound+1","Go for the Eyes+1"],"picked":"Core Surge+1","floor":47},{"not_picked":["Sweeping Beam+1","Barrage+1","Beam Cell+1"],"picked":"SKIP","floor":48}],"player_experience":345258,"relics_obtained":[{"floor":6,"key":"Orichalcum"},{"floor":9,"key":"Meat on the Bone"},{"floor":13,"key":"Happy Flower"},{"floor":26,"key":"Turnip"},{"floor":28,"key":"Blood Vial"},{"floor":30,"key":"Bottled Flame"},{"floor":41,"key":"Cables"},{"floor":43,"key":"HornCleat"},{"floor":44,"key":"Old Coin"}],"event_choices":[{"damage_healed":0,"gold_gain":175,"player_choice":"AGREE","damage_taken":0,"max_hp_gain":0,"max_hp_loss":0,"event_name":"Liars Game","floor":2,"gold_loss":0,"cards_obtained":["Doubt"]},{"damage_healed":0,"gold_gain":62,"player_choice":"Gained Gold","damage_taken":0,"max_hp_gain":0,"max_hp_loss":0,"event_name":"Golden Wing","floor":4,"gold_loss":0},{"damage_healed":0,"gold_gain":0,"player_choice":"Grow","damage_taken":0,"max_hp_gain":0,"max_hp_loss":0,"event_name":"Living Wall","floor":10,"gold_loss":0,"cards_upgraded":["Sunder"]},{"damage_healed":0,"gold_gain":100,"player_choice":"Pray","damage_taken":0,"max_hp_gain":0,"max_hp_loss":0,"event_name":"Golden Shrine","floor":19,"gold_loss":0},{"damage_healed":0,"gold_gain":0,"player_choice":"Ignored","damage_taken":0,"max_hp_gain":0,"max_hp_loss":0,"event_name":"Tomb of Lord Red Mask","floor":36,"gold_loss":0},{"damage_healed":0,"gold_gain":0,"player_choice":"Max HP","damage_taken":0,"max_hp_gain":0,"max_hp_loss":4,"event_name":"Winding Halls","floor":37,"gold_loss":0},{"damage_healed":0,"gold_gain":0,"player_choice":"Memory 1","damage_taken":0,"max_hp_gain":0,"max_hp_loss":0,"event_name":"SensoryStone","floor":39,"gold_loss":0},{"cards_removed":["Cold Snap"],"damage_healed":0,"gold_gain":0,"player_choice":"Removed Attack","damage_taken":0,"max_hp_gain":0,"max_hp_loss":0,"event_name":"Falling","floor":42,"gold_loss":0},{"damage_healed":0,"gold_gain":0,"player_choice":"Fight","damage_taken":0,"max_hp_gain":0,"max_hp_loss":0,"event_name":"MindBloom","floor":44,"gold_loss":0}],"is_beta":false,"boss_relics":[{"not_picked":["Tiny House","Coffee Dripper"],"picked":"Inserter"},{"not_picked":["Cursed Key","SacredBark"],"picked":"Runic Pyramid"}],"items_purged_floors":[3,45],"is_endless":false,"potions_floor_spawned":[1,8,12,14,18,24,28,31,33,35,44],"killed_by":"Donu and Deca","ascension_level":2}}