{"host":"dhyczjm99amxd3qx","time":1609010963,"event":{"mods":["BaseMod","Colored Map","Googly Eyes","Highlight Path","Minty Spire (QoL Compilation)","Quick Restart","StSLib"],"gold_per_floor":[109,284,296,309,309,335,335,345,399,399,416,416,427,455,455,560,560,574,153,68,83,99,131,131,131,131],"floor_reached":25,"playtime":2307,"items_purged":["Defend_P"],"score":233,"play_id":"a2f3d673-32b6-4152-9659-2d2d2c99d034","local_time":"20201226142923","is_ascension_mode":false,"campfire_choices":[{"data":"JustLucky","floor":7.0,"key":"SMITH"},{"data":"Crescendo","floor":10.0,"key":"SMITH"},{"floor":15,"key":"REST"},{"floor":24,"key":"REST"}],"circlet_count":0,"master_deck":["Strike_P","Strike_P","Strike_P","Strike_P","Defend_P","Defend_P","Eruption","Vigilance","Protect","Crescendo+1","FlurryOfBlows","JustLucky+1","EmptyFist","FlurryOfBlows","Protect","ClearTheMind","Judgement","FollowUp","JustLucky","JustLucky","EmptyFist+1","Study+1"],"relics":["PureWater","Darkstone Periapt","Happy Flower","Damaru","Runic Pyramid","ClockworkSouvenir","Pen Nib","Ice Cream","Blood Vial"],"acts_visited":["Exordium","TheCity"],"potions_floor_usage":[16,16,23],"damage_taken":[{"damage":7.0,"enemies":"2 Louse","floor":1.0,"turns":3.0},{"damage":0.0,"enemies":"Small Slimes","floor":3.0,"turns":3.0},{"damage":0.0,"enemies":"Jaw Worm","floor":4.0,"turns":3.0},{"damage":18.0,"enemies":"3 Sentries","floor":6.0,"turns":8.0},{"damage":6.0,"enemies":"3 Louse","floor":8.0,"turns":3.0},{"damage":10.0,"enemies":"Lots of Slimes","floor":11.0,"turns":5.0},{"damage":0.0,"enemies":"Looter","floor":13.0,"turns":2.0},{"damage":4,"enemies":"Lagavulin","floor":14,"turns":7},{"damage":21,"enemies":"Slime Boss","floor":16,"turns":13},{"damage":20,"enemies":"Chosen","floor":18,"turns":3},{"damage":10,"enemies":"Shell Parasite","floor":21,"turns":4},{"damage":30,"enemies":"Snake Plant","floor":22,"turns":4},{"damage":16,"enemies":"Book of Stabbing","floor":23,"turns":4},{"damage":35,"enemies":"Gremlin Leader","floor":25,"turns":2}],"seed_played":"1985322342740513683","potions_obtained":[{"floor":3.0,"key":"EssenceOfSteel"},{"floor":8.0,"key":"StancePotion"},{"floor":11.0,"key":"Fruit Juice"},{"floor":13,"key":"SneckoOil"},{"floor":22,"key":"SteroidPotion"},{"floor":23,"key":"ColorlessPotion"}],"is_trial":false,"path_per_floor":["M","?","M","M","?","E","R","M","T","R","M","?","M","E","R","B",null,"M","$","?","M","M","E","R","E"],"character_chosen":"WATCHER","items_purchased":["JustLucky","ClockworkSouvenir","Pen Nib"],"campfire_rested":2,"item_purchase_floors":[19,19,19],"current_hp_per_floor":[72,72,72,72,65,47,47,41,41,41,36,36,36,32,57,36,84,64,64,64,54,24,8,33,0,0],"gold":131,"neow_bonus":"TEN_PERCENT_HP_BONUS","is_daily":false,"chose_seed":false,"campfire_upgraded":2,"win_rate":0.0,"timestamp":1609010963,"path_taken":["M","?","M","M","?","E","R","M","T","R","M","?","M","E","R","BOSS","M","$","?","M","M","E","R","E"],"items_purchased_type":["Card","Relic","Relic"],"build_version":"2020-12-22","purchased_purges":1,"victory":false,"max_hp_per_floor":[79,79,79,79,79,79,79,79,79,79,84,84,84,84,84,84,84,84,84,84,84,84,84,84,84,84],"card_choices":[{"not_picked":["JustLucky","SashWhip"],"picked":"Protect","floor":1.0},{"not_picked":["FlurryOfBlows","Consecrate"],"picked":"Crescendo","floor":3.0},{"not_picked":["LikeWater","BowlingBash"],"picked":"FlurryOfBlows","floor":4.0},{"not_picked":["CrushJoints","MasterReality"],"picked":"JustLucky","floor":6.0},{"not_picked":["FearNoEvil","LikeWater"],"picked":"EmptyFist","floor":8.0},{"not_picked":["ThirdEye","CarveReality"],"picked":"FlurryOfBlows","floor":11.0},{"not_picked":["ReachHeaven","Worship"],"picked":"Protect","floor":13},{"not_picked":["Fasting2","BowlingBash"],"picked":"ClearTheMind","floor":14},{"not_picked":["ConjureBlade","Omniscience"],"picked":"Judgement","floor":16},{"not_picked":["Evaluate","ThirdEye"],"picked":"FollowUp","floor":18},{"not_picked":["PathToVictory","Fasting2"],"picked":"JustLucky","floor":21},{"not_picked":["ClearTheMind+1","PathToVictory"],"picked":"EmptyFist+1","floor":22},{"not_picked":["Halt","CrushJoints"],"picked":"Study+1","floor":23}],"player_experience":54558,"relics_obtained":[{"floor":6.0,"key":"Darkstone Periapt"},{"floor":9.0,"key":"Happy Flower"},{"floor":14,"key":"Damaru"},{"floor":23,"key":"Blood Vial"}],"event_choices":[{"damage_healed":0.0,"max_hp_gain":0.0,"max_hp_loss":0.0,"gold_gain":175.0,"event_name":"Liars Game","player_choice":"AGREE","floor":2.0,"gold_loss":0.0,"damage_taken":0.0,"cards_obtained":["Doubt"]},{"cards_removed":["Doubt"],"damage_healed":0.0,"max_hp_gain":0.0,"max_hp_loss":0.0,"gold_gain":0.0,"event_name":"Golden Wing","player_choice":"Card Removal","floor":5.0,"gold_loss":0.0,"damage_taken":7.0},{"cards_removed":["Defend_P"],"damage_healed":0.0,"max_hp_gain":0.0,"max_hp_loss":0.0,"gold_gain":0.0,"event_name":"Living Wall","player_choice":"Forget","floor":12.0,"gold_loss":0.0,"damage_taken":0.0},{"damage_healed":0,"gold_gain":0,"player_choice":"Obtained Relic","damage_taken":0,"relics_obtained":["Ice Cream"],"max_hp_gain":0,"max_hp_loss":0,"event_name":"Addict","floor":20,"gold_loss":85}],"is_beta":false,"boss_relics":[{"not_picked":["SacredBark","Black Star"],"picked":"Runic Pyramid"}],"items_purged_floors":[19],"is_endless":false,"potions_floor_spawned":[3,8,11,13,14,22,23],"killed_by":"Gremlin Leader","ascension_level":0}}