{"host":"9v3x998ddbx8o276","time":1609023137,"event":{"mods":["AchievementEnabler","BaseMod","Colored Map","Highlight Path","Minty Spire (QoL Compilation)","Quick Restart","Rare Cards Sparkle"],"gold_per_floor":[117,117,117,117,137,137,168,168,168,187,206,8,8,25,25,99,99,115,115,8,31,45,45,4,4,4,4,15,26,51,51,51],"floor_reached":31,"playtime":1224,"items_purged":["Strike_B"],"score":556,"play_id":"3fc435af-940b-4af9-85ea-7e722c55e22a","local_time":"20201227092217","is_ascension_mode":true,"campfire_choices":[{"data":"Sunder","floor":6,"key":"SMITH"},{"data":"Static Discharge","floor":8,"key":"SMITH"},{"data":"Genetic Algorithm","floor":13,"key":"SMITH"},{"floor":15,"key":"REST"},{"floor":23,"key":"REST"},{"data":"Creative AI","floor":25,"key":"SMITH"},{"floor":27,"key":"REST"}],"circlet_count":0,"master_deck":["AscendersBane","Defend_B","Defend_B","Defend_B","Zap","Dualcast","Sunder+1","Gash","Static Discharge+1","Genetic Algorithm+1","Steam","Compile Driver","Creative AI+1","Barrage+1","Steam Power+1","Chill+1","Ball Lightning+1","Zap","Go for the Eyes","Thunder Strike","Turbo","Sweeping Beam","Self Repair","Gash","Echo Form","Self Repair"],"relics":["Cracked Core","NeowsBlessing","Ornamental Fan","Symbiotic Virus","Membership Card","Astrolabe","Dream Catcher","Darkstone Periapt","Eternal Feather"],"acts_visited":["Exordium","TheCity"],"potions_floor_usage":[16],"damage_taken":[{"damage":0,"enemies":"Cultist","floor":1,"turns":1},{"damage":0,"enemies":"2 Louse","floor":5,"turns":1},{"damage":0,"enemies":"Gremlin Nob","floor":7,"turns":1},{"damage":8,"enemies":"Small Slimes","floor":10,"turns":2},{"damage":3,"enemies":"Exordium Wildlife","floor":11,"turns":1},{"damage":24,"enemies":"Exordium Thugs","floor":14,"turns":3},{"damage":24,"enemies":"Hexaghost","floor":16,"turns":6},{"damage":27,"enemies":"Shell Parasite","floor":18,"turns":4},{"damage":5,"enemies":"3 Byrds","floor":22,"turns":4},{"damage":26,"enemies":"Centurion and Healer","floor":28,"turns":7},{"damage":24,"enemies":"Snecko","floor":29,"turns":4},{"damage":29,"enemies":"Book of Stabbing","floor":30,"turns":4},{"damage":21,"enemies":"Chosen and Byrds","floor":31,"turns":6}],"seed_played":"2022205014056636165","potions_obtained":[{"floor":5,"key":"Swift Potion"},{"floor":16,"key":"Energy Potion"}],"is_trial":false,"path_per_floor":["M","?","?","?","M","R","E","R","T","M","M","$","R","M","R","B",null,"M","?","$","T","M","R","$","R","T","R","M","M","E","M"],"character_chosen":"DEFECT","items_purchased":["Membership Card","FocusPotion","Fire Potion","DistilledChaos","Self Repair"],"campfire_rested":3,"item_purchase_floors":[12,12,20,20,24],"current_hp_per_floor":[64,69,69,62,62,62,62,62,62,54,51,51,51,27,49,25,63,36,36,36,36,31,53,53,53,53,75,56,39,17,0,0],"gold":51,"neow_bonus":"THREE_ENEMY_KILL","is_daily":false,"chose_seed":false,"campfire_upgraded":4,"win_rate":0.0,"timestamp":1609023137,"path_taken":["M","?","?","?","M","R","E","R","T","M","?","$","R","M","R","BOSS","M","?","$","?","M","R","$","R","T","R","?","M","E","M"],"items_purchased_type":["Relic","Potion","Potion","Potion","Card"],"build_version":"2020-12-22","purchased_purges":1,"victory":false,"max_hp_per_floor":[71,76,76,76,76,76,76,76,76,76,76,76,76,76,76,76,76,76,76,76,76,76,76,76,76,76,76,76,76,76,76,76],"card_choices":[{"not_picked":["Turbo","Go for the Eyes"],"picked":"Sunder","floor":1},{"not_picked":["Hologram","Rebound"],"picked":"Gash","floor":5},{"not_picked":["Conserve Battery","Loop"],"picked":"Static Discharge","floor":7},{"not_picked":["Lockon","Chill"],"picked":"Genetic Algorithm","floor":10},{"not_picked":["Hello World","Blizzard"],"picked":"Steam","floor":11},{"not_picked":["FTL","Gash"],"picked":"Compile Driver","floor":14},{"not_picked":["Fission","Thunder Strike"],"picked":"Creative AI","floor":16},{"not_picked":["Compile Driver","Hologram"],"picked":"Ball Lightning+1","floor":18},{"not_picked":["Compile Driver","Double Energy"],"picked":"Turbo","floor":22},{"not_picked":["Beam Cell","Rebound"],"picked":"Sweeping Beam","floor":23},{"not_picked":["Hologram+1","Coolheaded"],"picked":"Gash","floor":27},{"not_picked":["Rebound","Tempest","Hologram"],"picked":"SKIP","floor":28},{"not_picked":["Redo","Stack"],"picked":"Echo Form","floor":29},{"not_picked":["Steam Power","Hologram+1"],"picked":"Self Repair","floor":30}],"player_experience":2070558,"relics_obtained":[{"floor":7,"key":"Ornamental Fan"},{"floor":9,"key":"Symbiotic Virus"},{"floor":21,"key":"Dream Catcher"},{"floor":26,"key":"Darkstone Periapt"},{"floor":30,"key":"Eternal Feather"}],"event_choices":[{"damage_healed":0,"gold_gain":0,"player_choice":"Donut","damage_taken":0,"max_hp_gain":5,"max_hp_loss":0,"event_name":"Big Fish","floor":2,"gold_loss":0},{"damage_healed":0,"gold_gain":0,"player_choice":"Leave","damage_taken":0,"max_hp_gain":0,"max_hp_loss":0,"event_name":"The Cleric","floor":3,"gold_loss":0},{"cards_removed":["Strike_B"],"damage_healed":0,"gold_gain":0,"player_choice":"Card Removal","damage_taken":7,"max_hp_gain":0,"max_hp_loss":0,"event_name":"Golden Wing","floor":4,"gold_loss":0},{"damage_healed":0,"gold_gain":0,"player_choice":"3 cards matched","damage_taken":0,"max_hp_gain":0,"max_hp_loss":0,"event_name":"Match and Keep!","floor":19,"gold_loss":0,"cards_obtained":["Zap","Go for the Eyes","Thunder Strike"]}],"is_beta":false,"boss_relics":[{"not_picked":["Empty Cage","Calling Bell"],"picked":"Astrolabe"}],"items_purged_floors":[20],"is_endless":false,"potions_floor_spawned":[5,14,16,30],"killed_by":"Chosen and Byrds","ascension_level":20}}