{"host":"phniwng9zo19jwdb","time":1609002493,"event":{"mods":["AchievementEnabler","BaseMod","Colored Powertips","Faster Ascension Climbing","GifTheSpireLib","Minty Spire (QoL Compilation)","Permanent Neow","Quick Restart","Rare Cards Sparkle","Somnambulant","StSLib"],"gold_per_floor":[365,365,9,9,27,54,33,68,68,102,120,132,132,132,132,230,280,280,280],"floor_reached":18,"playtime":1172,"items_purged":["Doubt"],"score":267,"play_id":"9515cdc0-9252-4f95-ada4-099bdc99ebb3","local_time":"20201226180813","is_ascension_mode":true,"campfire_choices":[{"floor":15,"key":"REST"}],"circlet_count":0,"master_deck":["AscendersBane","somnambulantmod: SomnambulantStrike","somnambulantmod: SomnambulantStrike","somnambulantmod: SomnambulantStrike","somnambulantmod: SomnambulantStrike","somnambulantmod: Defend_Somnambulant","somnambulantmod: Defend_Somnambulant","somnambulantmod: Defend_Somnambulant","somnambulantmod: Defend_Somnambulant","somnambulantmod: Defend_Somnambulant","somnambulantmod: QuickNap","somnambulantmod: PrimingPunch","somnambulantmod: Remember+1","somnambulantmod: Narcolepsy","Apotheosis+1","somnambulantmod: SnuggleUp","somnambulantmod: DeeperSleep+1","somnambulantmod: ImpenetrableMind+1","somnambulantmod: TimeCompression","somnambulantmod: RuthlessStudy+1","somnambulantmod: HappyThoughts","somnambulantmod: Damping","somnambulantmod: InLimbo+1"],"relics":["somnambulantmod: DreamJournal","Membership Card","Toy Ornithopter","Frozen Egg 2","Oddly Smooth Stone","Ancient Tea Set","Bag of Preparation","Tiny House"],"acts_visited":["Exordium","TheCity"],"potions_floor_usage":[8],"damage_taken":[{"damage":8.0,"enemies":"Jaw Worm","floor":1.0,"turns":6.0},{"damage":0,"enemies":"Cultist","floor":5,"turns":4},{"damage":6,"enemies":"Lagavulin","floor":6,"turns":8},{"damage":28,"enemies":"Gremlin Nob","floor":8,"turns":7},{"damage":16,"enemies":"Lagavulin","floor":10,"turns":9},{"damage":0,"enemies":"Small Slimes","floor":11,"turns":7},{"damage":7,"enemies":"Looter","floor":12,"turns":6},{"damage":22,"enemies":"Hexaghost","floor":16,"turns":12},{"damage":30,"enemies":"Spheric Guardian","floor":18,"turns":7}],"seed_played":"-93827084720033804","potions_obtained":[{"floor":1.0,"key":"DistilledChaos"},{"floor":11,"key":"Ancient Potion"},{"floor":16,"key":"Weak Potion"},{"floor":17,"key":"SkillPotion"}],"is_trial":false,"path_per_floor":["M","?","$","?","M","E","$","E","T","E","M","M","?","?","R","B",null,"M"],"character_chosen":"THE_SOMNAMBULANT","items_purchased":["Membership Card","Apotheosis","Toy Ornithopter","somnambulantmod: ImpenetrableMind+1"],"campfire_rested":1,"item_purchase_floors":[3,3,3,7],"current_hp_per_floor":[55,55,55,55,55,49,49,26,26,10,10,3,20,13,35,13,60,30,30],"gold":280,"neow_bonus":"TWO_FIFTY_GOLD","is_daily":false,"chose_seed":false,"campfire_upgraded":0,"win_rate":0.0,"timestamp":1609002493,"path_taken":["M","?","?","?","?","E","?","E","T","E","M","M","?","?","R","BOSS","M"],"items_purchased_type":["Relic","Card","Relic","Card"],"build_version":"2020-12-22","purchased_purges":1,"victory":false,"max_hp_per_floor":[70,70,70,70,70,70,70,70,70,70,70,70,70,67,69,69,74,74,74],"card_choices":[{"not_picked":["somnambulantmod: MindWave","somnambulantmod: UnthoughtKnown"],"picked":"somnambulantmod: Remember","floor":1.0},{"not_picked":["somnambulantmod: Unknow","somnambulantmod: Bruise"],"picked":"somnambulantmod: SnuggleUp","floor":5},{"not_picked":["somnambulantmod: ShimmeringVeil+1","somnambulantmod: Unmake"],"picked":"somnambulantmod: DeeperSleep+1","floor":6},{"not_picked":["somnambulantmod: Overshare","somnambulantmod: Bruise"],"picked":"somnambulantmod: TimeCompression","floor":8},{"not_picked":["somnambulantmod: Unmake","somnambulantmod: Reinterpret"],"picked":"somnambulantmod: RuthlessStudy","floor":10},{"not_picked":["somnambulantmod: Cower","somnambulantmod: Pinch"],"picked":"somnambulantmod: HappyThoughts","floor":11},{"not_picked":["somnambulantmod: Bruise","somnambulantmod: Unmake","somnambulantmod: LeechFears"],"picked":"SKIP","floor":12},{"not_picked":["somnambulantmod: LoseForm+1","somnambulantmod: Withdraw"],"picked":"somnambulantmod: Damping","floor":16},{"not_picked":["somnambulantmod: TrepanningBlow","somnambulantmod: Trauma"],"picked":"somnambulantmod: InLimbo+1","floor":17}],"player_experience":19464,"relics_obtained":[{"floor":6,"key":"Frozen Egg 2"},{"floor":8,"key":"Oddly Smooth Stone"},{"floor":9,"key":"Ancient Tea Set"},{"floor":10,"key":"Bag of Preparation"}],"event_choices":[{"damage_healed":0.0,"max_hp_gain":0.0,"max_hp_loss":0.0,"gold_gain":0.0,"cards_transformed":["somnambulantmod: SomnambulantStrike"],"event_name":"Transmorgrifier","player_choice":"Transformed","floor":2.0,"gold_loss":0.0,"damage_taken":0.0,"cards_obtained":["somnambulantmod: Narcolepsy"]},{"damage_healed":0,"gold_gain":0,"player_choice":"Upgraded","damage_taken":0,"max_hp_gain":0,"max_hp_loss":0,"event_name":"Upgrade Shrine","floor":4,"gold_loss":0,"cards_upgraded":["Apotheosis"]},{"damage_healed":17,"gold_gain":0,"player_choice":"Healed and dodged fight","damage_taken":0,"max_hp_gain":0,"max_hp_loss":0,"event_name":"Mushrooms","floor":13,"gold_loss":0,"cards_obtained":["Parasite"]},{"cards_removed":["Parasite"],"damage_healed":0,"gold_gain":0,"player_choice":"Card Removal","damage_taken":7,"max_hp_gain":0,"max_hp_loss":0,"event_name":"Golden Wing","floor":14,"gold_loss":0}],"is_beta":false,"boss_relics":[{"not_picked":["Sozu","Pandora\u0027s Box"],"picked":"Tiny House"}],"items_purged_floors":[3],"is_endless":false,"potions_floor_spawned":[1,11,16],"killed_by":"Spheric Guardian","ascension_level":10}}