{"host":"8lvnnmfamkc2d31d","time":1609026437,"event":{"mods":["2.2 Compatiblity","Act Like it!","BaseMod","Colored Map","Minty Spire (QoL Compilation)","Relic Stats","StSLib","The Dragon Tamer"],"gold_per_floor":[110,121,121,221,235,271,311,346,346,385,429,453,488,524,524,655,655,668,686,686,686,729,767,810,843,870,318,359,359,392,439,439,574,574,590,590,599,642,683,732,773,794,794,825,868,911,952,4,4,4],"floor_reached":51,"playtime":3395,"items_purged":["Writhe","DTMod:Dissolve"],"score":2036,"play_id":"208de8b5-a4cb-4f33-9eab-fb08b83cb3b7","local_time":"20201226174717","daily_mods":["SealedDeck","Vintage","Heirloom","Time Dilation","Flight","DeadlyEvents"],"is_ascension_mode":true,"metric_token":531,"campfire_choices":[{"data":"DTMod:BurningForce","floor":15,"key":"SMITH"},{"floor":29,"key":"REST"},{"data":"DTMod:BurningEnergy","floor":32,"key":"SMITH"},{"data":"DTMod:DarkBreath","floor":49,"key":"SMITH"}],"dtmod_dragon_data":[50,50,2,1,4,10],"circlet_count":0,"master_deck":["DTMod:MagicField","DTMod:BurningEnergy+1","DTMod:BurningForce+1","DTMod:Cover","DTMod:Threaten","DTMod:FlameSlash+1","DTMod:ForkedFire+1","DTMod:Observe","DTMod:Training+1","DTMod:HeatWave","DTMod:BizarreTactic+1","DTMod:DragonDance+1","DTMod:InvisibleFlame+1","DTMod:Adaptation+1","DTMod:ResonanceForm+1","DTMod:Cover+1","DTMod:Training+1","DTMod:DarkBreath+1","DTMod:MagicField+1","DTMod:RunningTactic+1","DTMod:CalculatedDefense+1","DTMod:Conduct+1","DTMod:Conduct+1","DTMod:Threaten+1","DTMod:Prediction+1","DTMod:Prediction+1","DTMod:BurningForce+1","DTMod:DragonDance+1","DTMod:Safeguard+1","DTMod:ShadowImage+1","DTMod:InvisibleFlame+1","DTMod:BurningEnergy+1","Deep Breath+1","Finesse+1","Panacea+1","Blind+1","DTMod:InvisibleFlame+1"],"relics":["DTMod:PactStone","TungstenRod","Toxic Egg 2","Question Card","Golden Idol","Nunchaku","Unceasing Top","Bag of Marbles","Dream Catcher","Frozen Egg 2","Lizard Tail","Ancient Tea Set","Oddly Smooth Stone","Sundial","Lantern","Philosopher\u0027s Stone","The Courier","Pantograph","MutagenicStrength","Omamori","Toy Ornithopter","Art of War","Kunai","Ice Cream","Happy Flower","MealTicket","Bottled Lightning","Bag of Preparation","Centennial Puzzle","Akabeko","CeramicFish","Coffee Dripper","Incense Burner","PreservedInsect","Blood Vial","Molten Egg 2","Eternal Feather","Regal Pillow","Whetstone","White Beast Statue","Bronze Scales","Peace Pipe","Strawberry","Vajra","DTMod:SwitchButton"],"acts_visited":["Exordium","TheCity","TheBeyond"],"potions_floor_usage":[10,12,13,16,16,19,22,24,33,33,33,33,33,50,50,50,50],"damage_taken":[{"damage":0,"enemies":"Cultist","floor":1,"turns":4},{"damage":0,"enemies":"2 Louse","floor":2,"turns":3},{"damage":0,"enemies":"Small Slimes","floor":5,"turns":2},{"damage":0,"enemies":"Gremlin Nob","floor":6,"turns":3},{"damage":0,"enemies":"3 Sentries","floor":7,"turns":3},{"damage":0,"enemies":"Gremlin Nob","floor":8,"turns":3},{"damage":0,"enemies":"3 Sentries","floor":10,"turns":2},{"damage":0,"enemies":"Lagavulin","floor":11,"turns":7},{"damage":0,"enemies":"Exordium Thugs","floor":12,"turns":2},{"damage":0,"enemies":"Gremlin Nob","floor":13,"turns":3},{"damage":1,"enemies":"Lagavulin","floor":14,"turns":6},{"damage":0,"enemies":"Hexaghost","floor":16,"turns":6},{"damage":0,"enemies":"2 Thieves","floor":18,"turns":3},{"damage":0,"enemies":"Spheric Guardian","floor":19,"turns":4},{"damage":0,"enemies":"Slavers","floor":22,"turns":5},{"damage":0,"enemies":"Book of Stabbing","floor":23,"turns":6},{"damage":0,"enemies":"Gremlin Leader","floor":24,"turns":4},{"damage":0,"enemies":"Book of Stabbing","floor":25,"turns":4},{"damage":0,"enemies":"Gremlin Leader","floor":28,"turns":2},{"damage":0,"enemies":"Book of Stabbing","floor":30,"turns":1},{"damage":0,"enemies":"Gremlin Leader","floor":31,"turns":3},{"damage":0,"enemies":"Automaton","floor":33,"turns":3},{"damage":0,"enemies":"3 Darklings","floor":35,"turns":1},{"damage":0,"enemies":"Reptomancer","floor":38,"turns":2},{"damage":0,"enemies":"Giant Head","floor":39,"turns":2},{"damage":0,"enemies":"Reptomancer","floor":40,"turns":1},{"damage":0,"enemies":"Giant Head","floor":41,"turns":2},{"damage":0,"enemies":"3 Shapes","floor":42,"turns":1},{"damage":0,"enemies":"Reptomancer","floor":44,"turns":1},{"damage":0,"enemies":"Nemesis","floor":45,"turns":1},{"damage":0,"enemies":"Reptomancer","floor":46,"turns":2},{"damage":0,"enemies":"Giant Head","floor":47,"turns":2},{"damage":0,"enemies":"Time Eater","floor":50,"turns":2}],"seed_played":"-1467271104485076956","potions_obtained":[{"floor":7,"key":"Strength Potion"},{"floor":8,"key":"Fire Potion"},{"floor":10,"key":"PowerPotion"},{"floor":11,"key":"SkillPotion"},{"floor":12,"key":"SteroidPotion"},{"floor":16,"key":"Block Potion"},{"floor":19,"key":"Swift Potion"},{"floor":23,"key":"EssenceOfSteel"},{"floor":30,"key":"SpeedPotion"},{"floor":31,"key":"EntropicBrew"},{"floor":33,"key":"FearPotion"},{"floor":35,"key":"EntropicBrew"},{"floor":39,"key":"Strength Potion"},{"floor":42,"key":"SteroidPotion"},{"floor":46,"key":"PowerPotion"}],"is_trial":true,"path_per_floor":["M","M","?","?","M","E","E","E","T","E","E","M","E","E","R","B",null,"M","M","?","?","E","E","E","E","T","$","E","R","E","E","R","B",null,"M","?","?","E","E","E","E","M","T","E","E","E","E","$","R","B",null],"character_chosen":"THE_DT","items_purchased":["MealTicket","DTMod:RunningTactic+1","Bottled Lightning","Bag of Preparation","Vajra","DTMod:Safeguard+1","DTMod:ShadowImage+1","DTMod:InvisibleFlame+1","DTMod:BurningEnergy+1","Deep Breath+1","Finesse+1","Panacea+1","Blind+1","DTMod:InvisibleFlame+1","DTMod:SwitchButton"],"campfire_rested":1,"item_purchase_floors":[27,27,27,27,48,48,48,48,48,48,48,48,48,48,48],"current_hp_per_floor":[45,45,35,35,35,35,35,35,35,35,35,35,35,34,34,34,45,45,45,45,45,45,45,45,45,45,45,45,45,45,45,45,45,45,45,45,45,45,45,45,45,45,45,45,45,45,52,52,52,52],"gold":4,"neow_bonus":"","is_daily":false,"chose_seed":false,"campfire_upgraded":3,"win_rate":0.0,"timestamp":1609026437,"path_taken":["M","?","?","?","?","E","?","E","T","E","E","?","E","?","R","BOSS","M","M","?","?","?","E","?","E","T","$","E","R","E","E","R","BOSS","M","?","?","?","?","E","?","?","T","?","E","?","E","$","R","BOSS"],"items_purchased_type":["Relic","Card","Relic","Relic","Relic","Card","Card","Card","Card","Card","Card","Card","Card","Card","Relic"],"build_version":"2020-12-22","purchased_purges":2,"victory":true,"max_hp_per_floor":[45,45,45,45,45,45,45,45,45,45,45,45,45,45,45,45,45,45,45,45,45,45,45,45,45,45,45,45,45,45,45,45,45,45,45,45,45,45,45,45,45,45,45,45,45,45,52,52,52,52],"relic_stats":{"Regal Pillow":0,"CeramicFish":126,"Bag of Preparation":[30],"Whetstone":["DTMod:ForkedFire","DTMod:FlameSlash"],"Blood Vial":0,"Nunchaku":[12],"Dream Catcher":1,"Lizard Tail":0,"Centennial Puzzle":[0],"Sundial":[8],"Pantograph":0,"MealTicket":0,"Kunai":[10],"Happy Flower":[8],"counters":[33,96],"Golden Idol":269,"Eternal Feather":0,"PreservedInsect":597,"Question Card":25,"Peace Pipe":0,"Bronze Scales":[0],"Art of War":[3],"obtain_stats":[{"Ice Cream":25,"Lantern":14,"Regal Pillow":42,"CeramicFish":31,"Vajra":48,"Bag of Preparation":27,"Incense Burner":35,"Whetstone":43,"Ancient Tea Set":11,"Blood Vial":39,"Nunchaku":5,"Dream Catcher":8,"Lizard Tail":10,"Centennial Puzzle":28,"Sundial":13,"Pantograph":19,"Strawberry":47,"Philosopher\u0027s Stone":17,"MealTicket":27,"Kunai":24,"Toxic Egg 2":1,"Happy Flower":26,"Golden Idol":3,"Oddly Smooth Stone":12,"Eternal Feather":41,"The Courier":18,"PreservedInsect":38,"Omamori":21,"Frozen Egg 2":9,"Question Card":2,"Akabeko":30,"White Beast Statue":44,"Peace Pipe":46,"DTMod:SwitchButton":48,"DTMod:PactStone":0,"MutagenicStrength":20,"Bronze Scales":45,"Molten Egg 2":40,"Bag of Marbles":7,"Art of War":23,"Coffee Dripper":34,"Bottled Lightning":27,"TungstenRod":0,"Unceasing Top":6,"Toy Ornithopter":22},{"Ice Cream":18,"Lantern":11,"Regal Pillow":28,"CeramicFish":21,"Vajra":32,"Bag of Preparation":18,"Incense Burner":23,"Whetstone":28,"Ancient Tea Set":8,"Blood Vial":25,"Nunchaku":3,"Dream Catcher":6,"Lizard Tail":7,"Centennial Puzzle":19,"Sundial":10,"Pantograph":14,"Strawberry":32,"Philosopher\u0027s Stone":12,"MealTicket":18,"Kunai":17,"Toxic Egg 2":1,"Happy Flower":18,"Golden Idol":2,"Oddly Smooth Stone":9,"Eternal Feather":27,"The Courier":13,"PreservedInsect":24,"Omamori":14,"Frozen Egg 2":6,"Question Card":2,"Akabeko":20,"White Beast Statue":29,"Peace Pipe":31,"DTMod:SwitchButton":32,"DTMod:PactStone":0,"MutagenicStrength":14,"Bronze Scales":30,"Molten Egg 2":26,"Bag of Marbles":5,"Art of War":16,"Coffee Dripper":22,"Bottled Lightning":18,"TungstenRod":0,"Unceasing Top":4,"Toy Ornithopter":15},{"Ice Cream":70,"Lantern":38,"Regal Pillow":88,"CeramicFish":76,"Vajra":94,"Bag of Preparation":70,"Incense Burner":80,"Whetstone":88,"Ancient Tea Set":27,"Blood Vial":84,"Nunchaku":9,"Dream Catcher":18,"Lizard Tail":20,"Centennial Puzzle":72,"Sundial":32,"Pantograph":51,"Strawberry":94,"Philosopher\u0027s Stone":44,"MealTicket":70,"Kunai":66,"Toxic Egg 2":4,"Happy Flower":70,"Golden Idol":7,"Oddly Smooth Stone":29,"Eternal Feather":87,"The Courier":47,"PreservedInsect":82,"Omamori":51,"Frozen Egg 2":18,"Question Card":7,"Akabeko":73,"White Beast Statue":89,"Peace Pipe":92,"DTMod:SwitchButton":94,"DTMod:PactStone":0,"MutagenicStrength":51,"Bronze Scales":90,"Molten Egg 2":85,"Bag of Marbles":15,"Art of War":62,"Coffee Dripper":79,"Bottled Lightning":70,"TungstenRod":0,"Unceasing Top":12,"Toy Ornithopter":56}],"TungstenRod":3,"Unceasing Top":[62],"Toy Ornithopter":0},"card_choices":[{"not_picked":["DTMod:BlueScale+1","DTMod:QuickFly","DTMod:Cover+1"],"picked":"DTMod:Training+1","floor":6},{"not_picked":["DTMod:Hide+1","DTMod:RepeatStrike","DTMod:FlameSlash"],"picked":"DTMod:HeatWave","floor":7},{"not_picked":["DTMod:TagTeam+1","DTMod:RecklessFlurry","DTMod:Cover+1","DTMod:BreakAttack"],"picked":"SKIP","floor":8},{"not_picked":["DTMod:FlameSlash","DTMod:Overwhelm+1","DTMod:ComboAttack"],"picked":"DTMod:BizarreTactic+1","floor":10},{"not_picked":["DTMod:RecklessFlurry","DTMod:PurifyingFlame","DTMod:SealedStrike"],"picked":"DTMod:DragonDance+1","floor":11},{"not_picked":["DTMod:PurifyingFlame","DTMod:Dissolve+1","DTMod:BuildUp"],"picked":"DTMod:InvisibleFlame+1","floor":13},{"not_picked":["DTMod:StunTrap+1","DTMod:MasterPlan+1","DTMod:Observe+1"],"picked":"DTMod:Adaptation+1","floor":14},{"not_picked":["DTMod:Inferno","DTMod:EchoTactic+1","DTMod:GearUp+1"],"picked":"DTMod:ResonanceForm+1","floor":16},{"not_picked":["DTMod:Conduct+1","DTMod:Observe+1","DTMod:Feint"],"picked":"DTMod:Cover+1","floor":22},{"not_picked":["DTMod:HeatWave+1","DTMod:BuildUp","DTMod:FlameSlash"],"picked":"DTMod:Training+1","floor":23},{"not_picked":["DTMod:Adaptation+1","DTMod:StunTrap+1","DTMod:Shift+1"],"picked":"DTMod:DarkBreath","floor":24},{"not_picked":["DTMod:LastStand+1","DTMod:Training+1","DTMod:CleansingStrike"],"picked":"DTMod:MagicField+1","floor":25},{"not_picked":["DTMod:Harmonize+1","DTMod:Training+1","DTMod:TauntingStrike"],"picked":"DTMod:CalculatedDefense+1","floor":28},{"not_picked":["DTMod:WarmUp+1","DTMod:Weaken+1","DTMod:Punisher+1"],"picked":"DTMod:Conduct+1","floor":29},{"not_picked":["DTMod:BlueScale+1","DTMod:BreakAttack","DTMod:RecklessFlurry+1"],"picked":"DTMod:Conduct+1","floor":30},{"not_picked":["DTMod:TagTeam+1","DTMod:Inferno","DTMod:BurningForce+1"],"picked":"DTMod:Threaten+1","floor":31},{"not_picked":["DTMod:ExcessFootwork+1","DTMod:SealedStrike","DTMod:OpeningTactic"],"picked":"DTMod:Prediction+1","floor":33},{"not_picked":["DTMod:CrossStep+1","DTMod:Adaptation+1","DTMod:CleansingStrike+1"],"picked":"DTMod:BurningForce+1","floor":38},{"not_picked":["DTMod:LowKick","DTMod:HeatWave","DTMod:Hide+1","DTMod:MasterPlan+1"],"picked":"SKIP","floor":39},{"not_picked":["DTMod:Prediction+1","DTMod:BlazingStrike+1","DTMod:LowKick+1"],"picked":"DTMod:DragonDance+1","floor":40},{"not_picked":["DTMod:BreakAttack+1","DTMod:Feint+1","DTMod:Conduct+1","DTMod:BizarreTactic+1"],"picked":"SKIP","floor":41},{"not_picked":["DTMod:SneakAttack+1","DTMod:LowKick+1","DTMod:Shift+1","DTMod:Haste+1"],"picked":"SKIP","floor":44},{"not_picked":["DTMod:BlazingStrike+1","DTMod:BuildUp+1","DTMod:Hide+1","DTMod:BalancedStrike+1"],"picked":"SKIP","floor":45},{"not_picked":["DTMod:MagicField+1","DTMod:Threaten+1","DTMod:Adaptation+1","DTMod:StarRain+1"],"picked":"SKIP","floor":46},{"not_picked":["DTMod:MasterPlan+1","DTMod:Punisher+1","DTMod:Cover+1","DTMod:CrossStep+1"],"picked":"SKIP","floor":47}],"player_experience":436291,"relics_obtained":[{"floor":1,"key":"Toxic Egg 2"},{"floor":2,"key":"Question Card"},{"floor":5,"key":"Nunchaku"},{"floor":6,"key":"Unceasing Top"},{"floor":7,"key":"Bag of Marbles"},{"floor":8,"key":"Dream Catcher"},{"floor":9,"key":"Frozen Egg 2"},{"floor":10,"key":"Lizard Tail"},{"floor":11,"key":"Ancient Tea Set"},{"floor":12,"key":"Oddly Smooth Stone"},{"floor":13,"key":"Sundial"},{"floor":14,"key":"Lantern"},{"floor":18,"key":"The Courier"},{"floor":19,"key":"Pantograph"},{"floor":22,"key":"Toy Ornithopter"},{"floor":23,"key":"Art of War"},{"floor":24,"key":"Kunai"},{"floor":25,"key":"Ice Cream"},{"floor":26,"key":"Happy Flower"},{"floor":28,"key":"Centennial Puzzle"},{"floor":30,"key":"Akabeko"},{"floor":31,"key":"CeramicFish"},{"floor":35,"key":"Incense Burner"},{"floor":38,"key":"PreservedInsect"},{"floor":39,"key":"Blood Vial"},{"floor":40,"key":"Molten Egg 2"},{"floor":41,"key":"Eternal Feather"},{"floor":42,"key":"Regal Pillow"},{"floor":43,"key":"Whetstone"},{"floor":44,"key":"White Beast Statue"},{"floor":45,"key":"Bronze Scales"},{"floor":46,"key":"Peace Pipe"},{"floor":47,"key":"Strawberry"}],"event_choices":[{"damage_healed":0,"gold_gain":0,"player_choice":"Take Damage","damage_taken":11,"relics_obtained":["Golden Idol"],"max_hp_gain":0,"max_hp_loss":0,"event_name":"Golden Idol","floor":3,"gold_loss":0},{"damage_healed":0,"gold_gain":100,"player_choice":"Pray","damage_taken":0,"max_hp_gain":0,"max_hp_loss":0,"event_name":"Golden Shrine","floor":4,"gold_loss":0},{"damage_healed":0,"gold_gain":0,"player_choice":"Inject Mutagens","damage_taken":0,"relics_obtained":["MutagenicStrength"],"max_hp_gain":0,"max_hp_loss":0,"event_name":"Drug Dealer","floor":20,"gold_loss":0},{"damage_healed":0,"gold_gain":0,"player_choice":"Opened","damage_taken":0,"relics_obtained":["Omamori"],"max_hp_gain":0,"max_hp_loss":0,"event_name":"The Mausoleum","floor":21,"gold_loss":0,"cards_obtained":["Writhe"]},{"cards_removed":["DTMod:MagicField"],"damage_healed":0,"gold_gain":0,"player_choice":"Removed Skill","damage_taken":0,"max_hp_gain":0,"max_hp_loss":0,"event_name":"Falling","floor":36,"gold_loss":0},{"damage_healed":0,"gold_gain":0,"player_choice":"Copied","damage_taken":0,"max_hp_gain":0,"max_hp_loss":0,"event_name":"Duplicator","floor":37,"gold_loss":0,"cards_obtained":["DTMod:Prediction"]}],"is_beta":false,"boss_relics":[{"not_picked":["Runic Pyramid","Cursed Key"],"picked":"Philosopher\u0027s Stone"},{"not_picked":["Astrolabe","Empty Cage"],"picked":"Coffee Dripper"}],"items_purged_floors":[27,48],"is_endless":false,"potions_floor_spawned":[7,8,10,11,12,16,19,23,30,31,33,35,39,42,45,46,47],"ascension_level":1}}