{"host":"sa7ebub27cgn5wai","time":1609002558,"event":{"mods":["BaseMod","Colored Map","Minty Spire (QoL Compilation)","SuperFastMode"],"gold_per_floor":[118,118,118,132,155,155,168,168,168,186,261,261,261,276,276,397,397,416,416,190,90,90,90,90,90,90,108,108,122,137,156,156,286,286,311,326,326,342,405,405,186,186,186,255,278,278,278,309,309,309],"floor_reached":51,"playtime":1232,"items_purged":["Strike_R","Strike_R","Strike_R"],"score":715,"play_id":"ccacaaae-b972-471b-9379-504785398a27","local_time":"20201227020918","is_ascension_mode":false,"campfire_choices":[{"data":"Body Slam","floor":6,"key":"SMITH"},{"data":"Whirlwind","floor":8,"key":"SMITH"},{"data":"Shrug It Off","floor":13,"key":"SMITH"},{"data":"Battle Trance","floor":15,"key":"SMITH"},{"data":"Armaments","floor":23,"key":"SMITH"},{"data":"Defend_R","floor":32,"key":"SMITH"},{"data":"Brutality","floor":40,"key":"SMITH"},{"data":"Panacea","floor":42,"key":"SMITH"},{"data":"Battle Trance","floor":47,"key":"SMITH"},{"data":"Defend_R","floor":49,"key":"SMITH"}],"circlet_count":0,"master_deck":["Strike_R","Defend_R+1","Defend_R+1","Defend_R","Defend_R","Bash","Body Slam+1","Body Slam+1","Battle Trance+1","Pommel Strike","Whirlwind+1","Shrug It Off+1","Armaments+1","Flame Barrier+1","Shrug It Off+1","Brutality+1","Battle Trance+1","Panacea+1","Iron Wave+1","Body Slam+1"],"relics":["Black Blood","Golden Idol","Letter Opener","Chemical X","Matryoshka","SlaversCollar","Dead Branch","Anchor","Pear","TungstenRod","Pen Nib"],"acts_visited":["Exordium","TheCity","TheBeyond"],"potions_floor_usage":[33,33,50,50],"damage_taken":[{"damage":2,"enemies":"2 Louse","floor":1,"turns":2},{"damage":0,"enemies":"Small Slimes","floor":4,"turns":3},{"damage":1,"enemies":"Cultist","floor":5,"turns":3},{"damage":15,"enemies":"3 Louse","floor":7,"turns":3},{"damage":4,"enemies":"Blue Slaver","floor":10,"turns":3},{"damage":5,"enemies":"Large Slime","floor":14,"turns":6},{"damage":28,"enemies":"Hexaghost","floor":16,"turns":11},{"damage":15,"enemies":"Shell Parasite","floor":18,"turns":7},{"damage":0,"enemies":"Chosen","floor":27,"turns":3},{"damage":0,"enemies":"Snake Plant","floor":29,"turns":2},{"damage":0,"enemies":"3 Cultists","floor":30,"turns":3},{"damage":5,"enemies":"Chosen and Byrds","floor":31,"turns":3},{"damage":13,"enemies":"Collector","floor":33,"turns":8},{"damage":12,"enemies":"3 Darklings","floor":35,"turns":5},{"damage":0,"enemies":"3 Shapes","floor":36,"turns":1},{"damage":28,"enemies":"Transient","floor":38,"turns":5},{"damage":10,"enemies":"Mind Bloom Boss Battle","floor":39,"turns":4},{"damage":18,"enemies":"2 Orb Walkers","floor":44,"turns":6},{"damage":0,"enemies":"Sphere and 2 Shapes","floor":45,"turns":6},{"damage":0,"enemies":"Reptomancer","floor":48,"turns":6},{"damage":22,"enemies":"Awakened One","floor":50,"turns":8}],"seed_played":"7159562381578549095","potions_obtained":[{"floor":1,"key":"Strength Potion"},{"floor":10,"key":"Energy Potion"},{"floor":14,"key":"EssenceOfSteel"},{"floor":33,"key":"SkillPotion"},{"floor":36,"key":"Fire Potion"}],"is_trial":false,"path_per_floor":["M","?","?","M","M","R","M","R","T","M","?","?","R","M","R","B",null,"M","?","$","$","?","R","$","?","T","M","$","M","M","M","R","B",null,"M","M","?","M","?","R","$","R","T","?","M","?","R","E","R","B",null],"character_chosen":"IRONCLAD","items_purchased":["Chemical X","Panacea"],"campfire_rested":0,"item_purchase_floors":[20,41],"current_hp_per_floor":[80,60,60,66,71,71,62,62,62,64,53,58,58,59,59,37,85,82,82,82,82,82,82,82,82,82,85,85,85,85,85,85,84,85,85,85,85,69,71,71,71,71,81,75,87,87,87,95,95,85],"gold":309,"neow_bonus":"THREE_CARDS","is_daily":false,"chose_seed":false,"campfire_upgraded":10,"win_rate":0.0,"timestamp":1609002558,"path_taken":["M","?","?","M","?","R","M","R","T","M","?","?","R","M","R","BOSS","M","?","?","$","?","R","$","?","T","M","$","M","M","M","R","BOSS","M","?","?","M","?","R","$","R","T","?","M","?","R","E","R","BOSS"],"items_purchased_type":["Relic","Card"],"build_version":"2020-12-22","purchased_purges":3,"victory":true,"max_hp_per_floor":[80,80,80,80,80,80,80,80,80,80,80,85,85,85,85,85,85,85,85,85,85,85,85,85,85,85,85,85,85,85,85,85,85,85,85,85,85,85,85,85,85,85,95,95,95,95,95,95,95,95],"card_choices":[{"not_picked":["Clash","Sever Soul"],"picked":"Body Slam","floor":0},{"not_picked":["Clothesline","Havoc"],"picked":"Body Slam","floor":1},{"not_picked":["Thunderclap","Power Through"],"picked":"Battle Trance","floor":4},{"not_picked":["Double Tap","Combust"],"picked":"Pommel Strike","floor":5},{"not_picked":["Shockwave","Anger"],"picked":"Whirlwind","floor":7},{"not_picked":["Spot Weakness","Infernal Blade"],"picked":"Shrug It Off","floor":10},{"not_picked":["Clothesline","Headbutt","Dark Embrace"],"picked":"SKIP","floor":14},{"not_picked":["Clash+1","Reckless Charge+1"],"picked":"Armaments","floor":18},{"not_picked":["Cleave","Inflame","Headbutt+1"],"picked":"SKIP","floor":27},{"not_picked":["Dropkick","Clothesline+1","Iron Wave"],"picked":"SKIP","floor":29},{"not_picked":["Clothesline","Wild Strike"],"picked":"Shrug It Off+1","floor":30},{"not_picked":["Immolate","Havoc","Flex"],"picked":"SKIP","floor":31},{"not_picked":["Fiend Fire","Demon Form"],"picked":"Brutality","floor":33},{"not_picked":["Wild Strike+1","Fire Breathing","Hemokinesis"],"picked":"SKIP","floor":35},{"not_picked":["Havoc","Twin Strike","Wild Strike+1"],"picked":"SKIP","floor":36},{"not_picked":["Anger","Searing Blow+1"],"picked":"Battle Trance","floor":38},{"not_picked":["Clash+1","Heavy Blade"],"picked":"Iron Wave+1","floor":45},{"not_picked":["Havoc+1","Shockwave","Thunderclap"],"picked":"SKIP","floor":48}],"player_experience":291326,"relics_obtained":[{"floor":9,"key":"Letter Opener"},{"floor":26,"key":"Matryoshka"},{"floor":39,"key":"Dead Branch"},{"floor":43,"key":"Anchor"},{"floor":43,"key":"Pear"},{"floor":44,"key":"TungstenRod"},{"floor":48,"key":"Pen Nib"}],"event_choices":[{"damage_healed":0,"gold_gain":0,"player_choice":"Take Damage","damage_taken":20,"relics_obtained":["Golden Idol"],"max_hp_gain":0,"max_hp_loss":0,"event_name":"Golden Idol","floor":2,"gold_loss":0},{"damage_healed":0,"gold_gain":0,"player_choice":"Upgraded","damage_taken":0,"max_hp_gain":0,"max_hp_loss":0,"event_name":"Upgrade Shrine","floor":3,"gold_loss":0,"cards_upgraded":["Body Slam"]},{"damage_healed":0,"gold_gain":75,"player_choice":"Gather Gold","damage_taken":11,"max_hp_gain":0,"max_hp_loss":0,"event_name":"World of Goop","floor":11,"gold_loss":0},{"damage_healed":0,"gold_gain":0,"player_choice":"Donut","damage_taken":0,"max_hp_gain":5,"max_hp_loss":0,"event_name":"Big Fish","floor":12,"gold_loss":0},{"cards_removed":["Strike_R"],"damage_healed":0,"gold_gain":0,"player_choice":"Purged","damage_taken":0,"max_hp_gain":0,"max_hp_loss":0,"event_name":"Purifier","floor":19,"gold_loss":0},{"damage_healed":0,"gold_gain":0,"player_choice":"Read","damage_taken":0,"max_hp_gain":0,"max_hp_loss":0,"event_name":"The Library","floor":22,"gold_loss":0,"cards_obtained":["Flame Barrier"]},{"damage_healed":0,"gold_gain":0,"player_choice":"Forge","damage_taken":0,"max_hp_gain":0,"max_hp_loss":0,"event_name":"Accursed Blacksmith","floor":25,"gold_loss":0,"cards_upgraded":["Flame Barrier"]},{"damage_healed":0,"gold_gain":0,"player_choice":"Ignored","damage_taken":0,"max_hp_gain":0,"max_hp_loss":0,"event_name":"Tomb of Lord Red Mask","floor":37,"gold_loss":0},{"damage_healed":0,"gold_gain":0,"player_choice":"Fight","damage_taken":0,"max_hp_gain":0,"max_hp_loss":0,"event_name":"MindBloom","floor":39,"gold_loss":0},{"damage_healed":0,"gold_gain":0,"player_choice":"Fight","damage_taken":0,"max_hp_gain":0,"max_hp_loss":0,"event_name":"Mysterious Sphere","floor":44,"gold_loss":0},{"damage_healed":0,"gold_gain":0,"player_choice":"Copied","damage_taken":0,"max_hp_gain":0,"max_hp_loss":0,"event_name":"Duplicator","floor":46,"gold_loss":0,"cards_obtained":["Body Slam"]}],"is_beta":false,"boss_relics":[{"not_picked":["Runic Pyramid","Pandora\u0027s Box"],"picked":"Black Blood"},{"not_picked":["Black Star","SacredBark"],"picked":"SlaversCollar"}],"items_purged_floors":[20,21,41],"is_endless":false,"potions_floor_spawned":[1,10,14,16,27,29,33,36,39,48],"ascension_level":0}}