{"host":"0azimyi6n3ugndj4","time":1609007188,"event":{"mods":["2.2 Compatiblity","BaseMod","Bestiary","Conspire","Curses Come First","Defuse TimeMaze Blight","Hyrulean Relics","Infinite Spire","Minty Spire (QoL Compilation)","Relic Stats","Replay The Spire","StSLib","SuperFastMode","Uncapped","¡¼?Úª?ø«¡½REMEMod"],"gold_per_floor":[159,159,159,213,53,155,203,233,256,156,156,156,156,81,81,339,339,375,411,561,606,606,606,702,807,830,830,780,780,740,940,940,1168,1168,1216,1557,1557,1557,1557,1557],"floor_reached":39,"playtime":735,"items_purged":["Blasphemy","Shame"],"score":1172,"play_id":"d44ba01f-33b0-432e-8cde-380a7e16aff8","local_time":"20201227032628","daily_mods":["Shiny","Vintage","ControlledChaos","Diverse","Colorless Cards","Heirloom","Time Dilation","Flight","Binary","Elite Swarm","Lethality","Midas","Night Terrors","Binary"],"is_ascension_mode":true,"campfire_choices":[{"floor":32,"key":"REST"}],"circlet_count":0,"master_deck":["AscendersBane","Brilliance","Devotion","LessonLearned","Vault","Alpha","Establishment","REME_WorshipGod","Replay:LoomingThreat","DeusExMachina","Judgement","REME_EmptyShield","MasterReality","Ragnarok","REME_CRH","Scrawl+1","Wish","Omniscience","SpiritShield","DevaForm","Hyperbeam","REME_ForAll","Machine Learning+1","Buffer","Mirror Shield","Seek","Echo Form","All For One","Reboot","Fission","Core Surge","Thunder Strike","Biased Cognition","REME_Shoggoth","Electrodynamics","ReplayRNGCard","ReplayTheSpireMod:Omega Cannon","Rainbow","Meteor Strike","ReplayTheSpireMod:Fabricate Wheel","Amplify","Creative AI","REME_ShadowForm","ReplayTheSpireMod:Necrosis","Corpse Explosion","Die Die Die","Atom Bomb","ReplayTheSpireMod:From All Sides","Adrenaline","Envenom","Burst","Wraith Form v2","REME_SpectralBlade","Tools of the Trade","REME_CopyPotion","After Image","Poison Darts","Venomology","Phantasmal Killer","Night Terror","infinitespire:Neurotoxin","Unload","Bullet Time","Storm of Steel","Glass Knife","Double Tap","Demon Form","REME_ACTH","Fiend Fire","Eclipse","conspire:Purge","Berserk","Impervious","Juggernaut","Brutality","Demonic Infusion","conspire:HitWhereItHurts","Exhume","Offering","REME_Fury","Bludgeon","Feed","Replay:Many Hands","Limit Break","Corruption","Barricade","Hemogenesis","REME_TheLastStrike","Reaper","Immolate","Thinking Ahead","Metamorphosis","Master of Strategy","Magnetism","REME_HeartOfCthun","Chrysalis","Mayhem","REME_PuzzleBox","Secret Weapon+1","Midas Touch","ReplayTheSpireMod:Brewmster","REME_AllRoundStrike","Poisoned Strike","REME_MawOfCthun","REME_EyeOfCthun","REME_WheelOfFate","Sadistic Nature","Replay:Dark Deal","REME_Flogging","ReplayUltimateDefense","Transmutation","REME_BattleFury","HandOfGreed","ReplayTheSpireMod:Necrogeddon","Apotheosis","Panache","Violence","Secret Technique","REME_BodyOfCthun","The Bomb","Crow Ritual","REME_BuildACard","REME_ProfessionalPlagiarism","SandsOfTime","Ghostly","Deep Breath","REME_PuzzleBox","ReplayTheSpireMod:Splinters","ReplayTheSpireMod:Faulty Equipment","Twin Strike","conspire:SpireCoStock+1","Replay:Hysterical Blindness","Injury","infinitespire:Gouge","infinitespire:Pacifist"],"relics":["PureWater","Frozen Eye","Busted Crown","REME_ComplimentaryCards","Unceasing Top","conspire:Dentures","Blue Doll","zeldaRelics:CourageTriforce","Vajra","Lee\u0027s Waffle","Durian","Regal Pillow","Ring of Fury","ReplayTheSpireMod:Ring of Collecting","Kintsugi","infinitespire:EmpoweringShard","Juzu Bracelet","REME_ChargedStone","ReplayTheSpireMod:CursedCoin","HornCleat","zeldaRelics:WisdomTriforce","zeldaRelics:PowerTriforce","War Paint","REME_DemonsWealth","Snack Pack","infinitespire:Golems Mask"],"acts_visited":["Exordium","TheCity","TheBeyond"],"potions_floor_usage":[16,16,16],"damage_taken":[{"damage":8,"enemies":"Cultist","floor":1,"turns":3},{"damage":0,"enemies":"Jaw Worm","floor":4,"turns":1},{"damage":5,"enemies":"Gremlin Nob","floor":6,"turns":2},{"damage":6,"enemies":"Small Slimes","floor":7,"turns":1},{"damage":0,"enemies":"3 Louse","floor":8,"turns":1},{"damage":43,"enemies":"Hexaghost","floor":16,"turns":4},{"damage":17,"enemies":"Shell Parasite","floor":18,"turns":2},{"damage":12,"enemies":"Chosen","floor":19,"turns":3},{"damage":16,"enemies":"Centurion and Healer","floor":21,"turns":2},{"damage":3,"enemies":"Book of Stabbing","floor":24,"turns":3},{"damage":8,"enemies":"Nightmare","floor":25,"turns":3},{"damage":7,"enemies":"Collector","floor":33,"turns":3},{"damage":0,"enemies":"Orb Walker","floor":35,"turns":1},{"damage":0,"enemies":"2 Orb Walkers","floor":36,"turns":1},{"damage":0,"enemies":"infinitespire:Three Voidlings","floor":39,"turns":1},{"damage":238,"enemies":"Nightmare_Alpha","floor":39,"turns":4}],"seed_played":"5062485714814438175","potions_obtained":[{"floor":1,"key":"Regen Potion"},{"floor":7,"key":"REME_GoldPotion"},{"floor":16,"key":"BottledMiracle"},{"floor":30,"key":"FairyPotion"}],"is_trial":true,"path_per_floor":["M","?","T","M","$","E","M","M","T","?","?","?","?","$","R","B",null,"M","M","AVR","M","T","?","E","NM","T","?","?","?","?","?","R","B",null,"M","?","?","?","?"],"character_chosen":"WATCHER","items_purchased":["Lee\u0027s Waffle"],"campfire_rested":1,"item_purchase_floors":[5],"current_hp_per_floor":[53,35,35,35,75,70,69,69,69,69,69,45,45,45,45,11,63,46,34,34,18,18,18,15,7,7,7,7,7,7,7,75,68,73,73,75,75,75,0,0],"gold":1557,"neow_bonus":"","is_daily":false,"chose_seed":false,"campfire_upgraded":0,"win_rate":0.0,"timestamp":1609007188,"path_taken":["M","?","?","?","$","E","M","M","T","?","?","?","?","?","R","BOSS","M","?","AVR","M","?","?","E","NM","T","?","?","?","?","?","R","BOSS","M","?","?","?","?"],"items_purchased_type":["Relic"],"build_version":"2020-12-22","purchased_purges":2,"victory":false,"max_hp_per_floor":[68,68,68,68,75,75,80,80,80,80,80,80,80,80,80,80,80,80,80,80,80,80,80,80,80,80,80,80,80,80,80,75,75,75,75,75,75,75,75,75],"relic_stats":{"Lee\u0027s Waffle":40,"Regal Pillow":0,"Busted Crown":26,"counters":[16,35],"Juzu Bracelet":4,"War Paint":["Secret Weapon","conspire:SpireCoStock"],"obtain_stats":[{"Regal Pillow":8,"Vajra":4,"REME_ChargedStone":20,"Blue Doll":2,"Juzu Bracelet":19,"zeldaRelics:WisdomTriforce":24,"Frozen Eye":0,"REME_DemonsWealth":34,"HornCleat":21,"infinitespire:Golems Mask":36,"zeldaRelics:CouragePiece":3,"zeldaRelics:PowerPiece":25,"conspire:Dentures":1,"Lee\u0027s Waffle":5,"zeldaRelics:WisdomPiece":22,"ReplayTheSpireMod:CursedCoin":20,"zeldaRelics:PowerTriforce":26,"War Paint":33,"zeldaRelics:CourageTriforce":9,"Busted Crown":0,"ReplayTheSpireMod:Ring of Collecting":11,"Ring of Fury":11,"Durian":7,"infinitespire:EmpoweringShard":18,"Snack Pack":35,"PureWater":0,"Kintsugi":17,"Unceasing Top":0,"REME_ComplimentaryCards":0},{"Regal Pillow":5,"Vajra":2,"REME_ChargedStone":8,"Blue Doll":1,"Juzu Bracelet":8,"zeldaRelics:WisdomTriforce":10,"Frozen Eye":0,"REME_DemonsWealth":12,"HornCleat":9,"infinitespire:Golems Mask":14,"zeldaRelics:CouragePiece":1,"zeldaRelics:PowerPiece":11,"conspire:Dentures":1,"Lee\u0027s Waffle":2,"zeldaRelics:WisdomPiece":9,"ReplayTheSpireMod:CursedCoin":8,"zeldaRelics:PowerTriforce":11,"War Paint":12,"zeldaRelics:CourageTriforce":5,"Busted Crown":0,"ReplayTheSpireMod:Ring of Collecting":5,"Ring of Fury":5,"Durian":4,"infinitespire:EmpoweringShard":7,"Snack Pack":13,"PureWater":0,"Kintsugi":6,"Unceasing Top":0,"REME_ComplimentaryCards":0},{"Regal Pillow":8,"Vajra":4,"REME_ChargedStone":17,"Blue Doll":3,"Juzu Bracelet":17,"zeldaRelics:WisdomTriforce":22,"Frozen Eye":0,"REME_DemonsWealth":28,"HornCleat":19,"infinitespire:Golems Mask":30,"zeldaRelics:CouragePiece":3,"zeldaRelics:PowerPiece":25,"conspire:Dentures":3,"Lee\u0027s Waffle":4,"zeldaRelics:WisdomPiece":19,"ReplayTheSpireMod:CursedCoin":17,"zeldaRelics:PowerTriforce":25,"War Paint":28,"zeldaRelics:CourageTriforce":8,"Busted Crown":0,"ReplayTheSpireMod:Ring of Collecting":8,"Ring of Fury":8,"Durian":7,"infinitespire:EmpoweringShard":14,"Snack Pack":29,"PureWater":0,"Kintsugi":12,"Unceasing Top":0,"REME_ComplimentaryCards":0}],"Unceasing Top":[0]},"card_choices":[{"not_picked":["infinitespire:TheBestDefense","infinitespire:Starlight"],"picked":"infinitespire:Gouge","floor":29},{"not_picked":[],"picked":"infinitespire:Pacifist","floor":36}],"player_experience":1440062,"relics_obtained":[{"floor":1,"key":"conspire:Dentures"},{"floor":3,"key":"zeldaRelics:CouragePiece"},{"floor":4,"key":"Vajra"},{"floor":6,"key":"zeldaRelics:CouragePiece"},{"floor":7,"key":"Durian"},{"floor":8,"key":"Regal Pillow"},{"floor":9,"key":"zeldaRelics:CouragePiece"},{"floor":11,"key":"Ring of Fury"},{"floor":11,"key":"ReplayTheSpireMod:Ring of Collecting"},{"floor":18,"key":"infinitespire:EmpoweringShard"},{"floor":19,"key":"Juzu Bracelet"},{"floor":21,"key":"HornCleat"},{"floor":22,"key":"zeldaRelics:WisdomPiece"},{"floor":22,"key":"zeldaRelics:WisdomPiece"},{"floor":24,"key":"zeldaRelics:WisdomPiece"},{"floor":25,"key":"zeldaRelics:PowerPiece"},{"floor":26,"key":"zeldaRelics:PowerPiece"},{"floor":26,"key":"zeldaRelics:PowerPiece"},{"floor":35,"key":"Snack Pack"},{"floor":36,"key":"infinitespire:Golems Mask"}],"event_choices":[{"damage_healed":0,"gold_gain":0,"player_choice":"Success","damage_taken":18,"relics_obtained":["Blue Doll"],"max_hp_gain":0,"max_hp_loss":0,"event_name":"Scrap Ooze","floor":2,"gold_loss":0},{"damage_healed":0,"gold_gain":0,"player_choice":"Argue","damage_taken":0,"max_hp_gain":0,"max_hp_loss":0,"event_name":"conspire:LoneGhost","floor":10,"gold_loss":0},{"damage_healed":0,"gold_gain":0,"player_choice":"Entered Light","damage_taken":24,"max_hp_gain":0,"max_hp_loss":0,"event_name":"Shining Light","floor":12,"gold_loss":0,"cards_upgraded":["Machine Learning","Scrawl"]},{"damage_healed":0,"gold_gain":0,"cards_transformed":["Replay:AllIn"],"player_choice":"Change","damage_taken":0,"max_hp_gain":0,"max_hp_loss":0,"event_name":"Living Wall","floor":13,"gold_loss":0,"cards_obtained":["Deep Breath"]},{"damage_healed":0,"gold_gain":0,"player_choice":"Ignored","damage_taken":0,"max_hp_gain":0,"max_hp_loss":0,"event_name":"Ghosts","floor":23,"gold_loss":0},{"damage_healed":0,"gold_gain":0,"player_choice":"Read","damage_taken":0,"max_hp_gain":0,"max_hp_loss":0,"event_name":"The Library","floor":27,"gold_loss":0,"cards_obtained":["Twin Strike"]},{"damage_healed":0,"gold_gain":0,"player_choice":"Invest 1","damage_taken":0,"max_hp_gain":0,"max_hp_loss":0,"event_name":"conspire:Investor","floor":28,"gold_loss":0},{"damage_healed":0,"gold_gain":0,"player_choice":"Bought 3 Potions","damage_taken":0,"max_hp_gain":0,"max_hp_loss":0,"event_name":"The Woman in Blue","floor":30,"gold_loss":0},{"damage_healed":0,"gold_gain":200,"player_choice":"Gold","damage_taken":0,"max_hp_gain":0,"max_hp_loss":0,"event_name":"Wheel of Change","floor":31,"gold_loss":0},{"damage_healed":0,"gold_gain":0,"player_choice":"Fight","damage_taken":0,"max_hp_gain":0,"max_hp_loss":0,"event_name":"Mysterious Sphere","floor":36,"gold_loss":0},{"damage_healed":0,"gold_gain":0,"player_choice":"Memory 1","damage_taken":0,"max_hp_gain":0,"max_hp_loss":0,"event_name":"SensoryStone","floor":37,"gold_loss":0},{"damage_healed":0,"gold_gain":0,"player_choice":"Full Heal","damage_taken":0,"max_hp_gain":0,"max_hp_loss":0,"event_name":"Wheel of Change","floor":38,"gold_loss":0}],"is_beta":false,"boss_relics":[{"not_picked":["Tiny House","Runic Pyramid"],"picked":"Kintsugi"},{"not_picked":["Astrolabe","REME_LowDesire"],"picked":"REME_DemonsWealth"}],"items_purged_floors":[14,20],"is_endless":true,"potions_floor_spawned":[1,7,8,16,24,33,35,39],"killed_by":"Nightmare_Alpha","ascension_level":20}}