{"host":"npubv26u89aif4fa","time":1609014501,"event":{"mods":["Astrologer","BaseMod","Better Vampires","Better-Laid Plans","Colored Powertips","GifTheSpireLib","GungeonMod","HornydragonMod","Hubris","Jedi Mod","Minty Spire (QoL Compilation)","Quick Restart","Remilia（蕾米莉亚）","Replay The Spire","StSLib","Td1madao Mod","The Administrix","The Alterego","The Bug Knight","The Cursed","The Runesmith","Yuri Mod","残留之物"],"gold_per_floor":[117,128,128,152,171,171,182,211,237,237,250,250,325,339,339,442,442,454,55,105,125,138,138,138],"floor_reached":23,"playtime":1610,"items_purged":["HollowMod:NailStrikeStart"],"score":193,"play_id":"2311ceff-4cb1-48cf-ad02-24a24724bf77","local_time":"20201227042821","is_ascension_mode":false,"campfire_choices":[{"data":"HollowMod:SoulEater","floor":6.0,"key":"SMITH"},{"floor":10.0,"key":"RECALL"},{"data":"HollowMod:InfectedAttack","floor":12.0,"key":"SMITH"},{"floor":15.0,"key":"DIG"}],"circlet_count":0,"master_deck":["HollowMod:NailStrikeStart","HollowMod:NailStrikeStart","HollowMod:NailStrikeStart","HollowMod:QuickDashStart","HollowMod:QuickDashStart","HollowMod:QuickDashStart","HollowMod:QuickDashStart","HollowMod:FocusHealStart","HollowMod:PogoStrike","HollowMod:ChannelNail","HollowMod:DungDefenderAura","HollowMod:SoulVessel","HollowMod:SoulEater+1","HollowMod:InfectedAttack+1","HollowMod:DreamGate","HollowMod:InfectedCysts","HollowMod:LifebloodCore","HollowMod:BaldurShell","HollowMod:MothsMistake","HollowMod:MothsMistake","HollowMod:QuirrelsAssistance"],"relics":["HollowMod:VesselMask","Replay:Baseball","Runesmith:Nanobots","jedi:shrinkray","Mummified Hand","jedi:crownofsimplicity","Replay:Bronze Core","HollowMod:MantisClawRelic"],"acts_visited":["Exordium","TheCity"],"potions_floor_usage":[23],"damage_taken":[{"damage":0.0,"enemies":"2 Louse","floor":1.0,"turns":3.0},{"damage":6.0,"enemies":"Jaw Worm","floor":2.0,"turns":3.0},{"damage":0.0,"enemies":"Cultist","floor":5.0,"turns":5.0},{"damage":4.0,"enemies":"Exordium Wildlife","floor":7.0,"turns":5.0},{"damage":29.0,"enemies":"Gremlin Nob","floor":8.0,"turns":5.0},{"damage":0.0,"enemies":"Looter","floor":11.0,"turns":4.0},{"damage":6.0,"enemies":"2 Fungi Beasts","floor":14.0,"turns":2.0},{"damage":41.0,"enemies":"The Guardian","floor":16.0,"turns":7.0},{"damage":27.0,"enemies":"Spheric Guardian","floor":18.0,"turns":7.0},{"damage":19,"enemies":"2 Thieves","floor":21,"turns":3},{"damage":31,"enemies":"Snake Plant","floor":22,"turns":4},{"damage":24,"enemies":"Slavers","floor":23,"turns":2}],"seed_played":"-5037584328362252457","potions_obtained":[{"floor":2.0,"key":"ColorlessPotion"},{"floor":4.0,"key":"Reflective Coating"},{"floor":4.0,"key":"Languid Potion"},{"floor":7.0,"key":"jedi:StrikingPotion"},{"floor":8.0,"key":"SpeedPotion"},{"floor":11.0,"key":"Strength Potion"},{"floor":22,"key":"FearPotion"}],"is_trial":false,"path_per_floor":["M","M","?","?","M","R","M","E","T","R","M","R","T","M","R","B",null,"M","$","?","M","M","E"],"character_chosen":"THE_BUGKNIGHT","items_purchased":["HollowMod:MothsMistake","HollowMod:MantisClawRelic"],"campfire_rested":0,"item_purchase_floors":[19,19],"current_hp_per_floor":[75,75,75,57,63,63,65,42,42,42,48,48,48,42,42,13,75,57,57,57,44,19,0,0],"gold":138,"neow_bonus":"RANDOM_COMMON_RELIC","is_daily":false,"chose_seed":false,"campfire_upgraded":2,"win_rate":0.0,"timestamp":1609014501,"path_taken":["M","M","?","?","M","R","M","E","T","R","M","R","?","M","R","BOSS","M","$","?","?","M","E"],"items_purchased_type":["Card","Relic"],"build_version":"2020-12-22","purchased_purges":1,"victory":false,"max_hp_per_floor":[75,75,75,75,75,75,75,75,75,75,75,75,75,75,75,75,75,75,75,75,75,75,75,75],"card_choices":[{"not_picked":["HollowMod:SoulSplash","HollowMod:NewLittleFool"],"picked":"HollowMod:ChannelNail","floor":1.0},{"not_picked":["HollowMod:HeavyBlow","HollowMod:WraithStrike"],"picked":"HollowMod:DungDefenderAura","floor":2.0},{"not_picked":["HollowMod:HowlingWraiths","HollowMod:VengefulVoid"],"picked":"HollowMod:SoulVessel","floor":4.0},{"not_picked":["HollowMod:GoodIntentions","HollowMod:CornifersMapStart"],"picked":"HollowMod:SoulEater","floor":5.0},{"not_picked":["HollowMod:CornifersMapStart","HollowMod:GrimmsGift"],"picked":"HollowMod:InfectedAttack","floor":7.0},{"not_picked":["HollowMod:QuirrelsAssistance","HollowMod:CoiledNail"],"picked":"HollowMod:DreamGate","floor":8.0},{"not_picked":["HollowMod:SharpenedNail","HollowMod:BaldurShell"],"picked":"HollowMod:InfectedCysts","floor":11.0},{"not_picked":["HollowMod:GreatSlash","HollowMod:SiblingsSouls","HollowMod:HeavyBlow"],"picked":"SKIP","floor":14.0},{"not_picked":["HollowMod:VoidDash","HollowMod:ElderbugsWisdom"],"picked":"HollowMod:LifebloodCore","floor":16.0},{"not_picked":["HollowMod:ChannelNail","HollowMod:InfectedAttack+1"],"picked":"HollowMod:BaldurShell","floor":18.0},{"not_picked":["HollowMod:InfectedCysts+1","HollowMod:SoulEater"],"picked":"HollowMod:MothsMistake","floor":21},{"not_picked":["HollowMod:BlackTendrils+1","HollowMod:SoulSplash"],"picked":"HollowMod:QuirrelsAssistance","floor":22}],"player_experience":195722,"relics_obtained":[{"floor":8.0,"key":"Runesmith:Nanobots"},{"floor":9.0,"key":"jedi:shrinkray"},{"floor":13.0,"key":"Mummified Hand"},{"floor":15.0,"key":"jedi:crownofsimplicity"}],"event_choices":[{"damage_healed":0,"gold_gain":100,"player_choice":"Bet on Murderer","damage_taken":0,"max_hp_gain":0,"max_hp_loss":0,"event_name":"The Joust","floor":20,"gold_loss":50}],"is_beta":false,"boss_relics":[{"not_picked":["Velvet Choker","ReplayTheSpireMod:DimensionalGlitch"],"picked":"Replay:Bronze Core"}],"items_purged_floors":[19],"is_endless":false,"potions_floor_spawned":[2,7,8,11,22],"killed_by":"Slavers","ascension_level":0}}