{"host":"zm2copjc1o2b6hjv","time":1609005476,"event":{"mods":["AchievementEnabler","BaseMod","BetterRewards","Conspire","Downfall","Friendly Minions","Infinite Spire","Minty Spire (QoL Compilation)","Replay The Spire","StSLib"],"gold_per_floor":[117,129,129,142,158,158,158,178,178,23,23,23,53,63,63,63,63],"floor_reached":16,"playtime":720,"items_purged":[],"score":117,"play_id":"9431d095-51e9-4922-8b41-31b63daecc42","local_time":"20201226125756","is_ascension_mode":true,"campfire_choices":[{"floor":6,"key":"REST"},{"floor":11,"key":"REST"},{"data":"ReplaySolidLightProjector","floor":15,"key":"SMITH"},{"data":"Crystallizer","floor":15,"key":"SMITH"}],"circlet_count":0,"master_deck":["Strike_B","Strike_B","Strike_B","Strike_B","Defend_B","Defend_B","Defend_B","Defend_B","Zap","Dualcast","Crystallizer+1","Genetic Algorithm","Capacitor","conspire:Rain","Self Repair","Self Repair","ReplaySolidLightProjector+1"],"relics":["Cracked Core","Cables","Replay:Arrowhead","Du-Vu Doll","infinitespire:WardingShard","DollysMirror","Smiling Mask"],"acts_visited":["Exordium"],"potions_floor_usage":[13,13],"damage_taken":[{"damage":1,"enemies":"Cultist","floor":1,"turns":3},{"damage":0,"enemies":"Small Slimes","floor":2,"turns":3},{"damage":4,"enemies":"2 Louse","floor":4,"turns":4},{"damage":5,"enemies":"Blue Slaver","floor":5,"turns":3},{"damage":3,"enemies":"Red Slaver","floor":8,"turns":5},{"damage":6,"enemies":"3 Sentries","floor":13,"turns":4},{"damage":18,"enemies":"Large Slime","floor":14,"turns":7},{"damage":69,"enemies":"Hexaghost","floor":16,"turns":12}],"seed_played":"7579522314156315648","potions_obtained":[{"floor":1,"key":"Venom Potion"},{"floor":2,"key":"infinitespire:BlackPotion"},{"floor":8,"key":"GamblersBrew"}],"is_trial":false,"path_per_floor":["M","M","$","M","M","R","?","M","T","$","R","$","E","M","R","B"],"character_chosen":"DEFECT","items_purchased":["Cables","Replay:Arrowhead","Du-Vu Doll","DollysMirror"],"campfire_rested":2,"item_purchase_floors":[0,0,0,10],"current_hp_per_floor":[39,39,39,35,30,52,52,49,49,49,71,71,72,68,68,0,0],"gold":63,"neow_bonus":"","is_daily":false,"chose_seed":false,"campfire_upgraded":2,"win_rate":0.0,"timestamp":1609005476,"path_taken":["M","M","$","M","?","R","?","?","T","$","R","?","E","M","R","BOSS"],"items_purchased_type":["Relic","Relic","Relic","Relic"],"build_version":"2020-12-22","purchased_purges":0,"victory":false,"max_hp_per_floor":[75,75,75,75,75,75,75,75,75,75,75,75,75,75,75,75,75],"card_choices":[{"not_picked":["Hologram","Leap"],"picked":"Crystallizer","floor":1},{"not_picked":["Aggregate","Gash"],"picked":"Genetic Algorithm","floor":2},{"not_picked":["Redo","ReplaySolidLightProjector"],"picked":"Capacitor","floor":4},{"not_picked":["Sunder","Gash"],"picked":"conspire:Rain","floor":5},{"not_picked":["Turbo","Compile Driver"],"picked":"Self Repair","floor":8},{"not_picked":["Doom and Gloom","FTL"],"picked":"ReplaySolidLightProjector","floor":13},{"not_picked":["Barrage","Turbo","Reprogram"],"picked":"SKIP","floor":14}],"player_experience":186571,"relics_obtained":[{"floor":13,"key":"Smiling Mask"}],"event_choices":[{"damage_healed":0,"gold_gain":0,"player_choice":"Gave Potion","damage_taken":0,"relics_obtained":["infinitespire:WardingShard"],"max_hp_gain":0,"max_hp_loss":0,"event_name":"WeMeetAgain","floor":7,"gold_loss":0}],"is_beta":false,"boss_relics":[],"items_purged_floors":[],"is_endless":false,"potions_floor_spawned":[1,2,8],"killed_by":"Hexaghost","ascension_level":3}}