{"host":"u2grshebrc5rdzdn","time":1609022323,"event":{"mods":["AchievementEnabler","BaseMod","Minty Spire (QoL Compilation)","StSLib"],"gold_per_floor":[10,10,22,40,55,55,84,84,163,197,207,207,235,235,235,354,354,370,389,389,404,418,450,450,484,511,36,66,0,0,16,16,119,119,129,1128,386,386,386,419,419,453,480,480,500,139,139,151,151,151],"floor_reached":51,"playtime":2793,"items_purged":["Strike_B","Normality","Defend_B"],"score":1120,"play_id":"72b15e24-b36f-4515-980e-555c5e60d2d8","local_time":"20201226233843","is_ascension_mode":true,"campfire_choices":[{"data":"Sunder","floor":6,"key":"SMITH"},{"data":"Zap","floor":8,"key":"SMITH"},{"data":"Go for the Eyes","floor":12,"key":"SMITH"},{"data":"Coolheaded","floor":15,"key":"SMITH"},{"data":"Biased Cognition","floor":24,"key":"SMITH"},{"floor":32,"key":"REST"},{"data":"Electrodynamics","floor":41,"key":"SMITH"},{"data":"Amplify","floor":44,"key":"SMITH"},{"data":"White Noise","floor":49,"key":"SMITH"}],"circlet_count":0,"master_deck":["Strike_B+1","Defend_B","Zap+1","Dualcast","Sunder+1","Ball Lightning","Undo","Go for the Eyes+1","Skim+1","Coolheaded+1","White Noise+1","Leap","Electrodynamics+1","Compile Driver+1","Compile Driver","Genetic Algorithm+1","Redo+1","Biased Cognition+1","Glacier+1","Conserve Battery+1","Buffer+1","Rip and Tear+1","Reboot+1","Machine Learning+1","White Noise+1","Normality","Mayhem+1","Storm+1","Purity","Turbo+1","Amplify+1","Force Field","White Noise"],"relics":["Cracked Core","Pocketwatch","HornCleat","Bronze Scales","Letter Opener","Philosopher\u0027s Stone","Nloth\u0027s Gift","Sundial","Eternal Feather","Potion Belt","DataDisk","Frozen Egg 2","Bag of Preparation","Astrolabe","War Paint","Bag of Marbles","Lantern","InkBottle","Ice Cream","Happy Flower","Lee\u0027s Waffle"],"acts_visited":["Exordium","TheCity","TheBeyond"],"potions_floor_usage":[11,19,25,25,47,50,50,50],"damage_taken":[{"damage":1,"enemies":"Jaw Worm","floor":1,"turns":4},{"damage":0,"enemies":"Small Slimes","floor":3,"turns":2},{"damage":0,"enemies":"2 Louse","floor":4,"turns":2},{"damage":1,"enemies":"Red Slaver","floor":5,"turns":4},{"damage":25,"enemies":"3 Sentries","floor":7,"turns":5},{"damage":0,"enemies":"Gremlin Nob","floor":10,"turns":3},{"damage":1,"enemies":"Large Slime","floor":11,"turns":4},{"damage":16,"enemies":"3 Sentries","floor":13,"turns":5},{"damage":16,"enemies":"Hexaghost","floor":16,"turns":8},{"damage":0,"enemies":"Chosen","floor":18,"turns":3},{"damage":2,"enemies":"2 Thieves","floor":19,"turns":3},{"damage":5,"enemies":"Snake Plant","floor":21,"turns":3},{"damage":2,"enemies":"Centurion and Healer","floor":22,"turns":4},{"damage":29,"enemies":"Gremlin Leader","floor":23,"turns":5},{"damage":4,"enemies":"Book of Stabbing","floor":25,"turns":4},{"damage":14,"enemies":"Gremlin Leader","floor":28,"turns":5},{"damage":0,"enemies":"Shelled Parasite and Fungi","floor":31,"turns":4},{"damage":22,"enemies":"Collector","floor":33,"turns":9},{"damage":12,"enemies":"3 Shapes","floor":35,"turns":2},{"damage":10,"enemies":"Giant Head","floor":40,"turns":8},{"damage":16,"enemies":"Nemesis","floor":42,"turns":5},{"damage":9,"enemies":"Orb Walker","floor":45,"turns":2},{"damage":0,"enemies":"Giant Head","floor":47,"turns":1},{"damage":20,"enemies":"Writhing Mass","floor":48,"turns":3},{"damage":0,"enemies":"Time Eater","floor":50,"turns":8}],"seed_played":"94951590449975144","potions_obtained":[{"floor":1,"key":"Strength Potion"},{"floor":3,"key":"Block Potion"},{"floor":11,"key":"Fire Potion"},{"floor":13,"key":"Explosive Potion"},{"floor":16,"key":"Ancient Potion"},{"floor":22,"key":"DuplicationPotion"},{"floor":25,"key":"FocusPotion"},{"floor":33,"key":"Strength Potion"},{"floor":35,"key":"Fire Potion"},{"floor":42,"key":"SteroidPotion"}],"is_trial":false,"path_per_floor":["M","?","M","M","M","R","E","R","T","E","M","R","E","?","R","B",null,"M","M","?","M","M","E","R","E","T","$","E","?","?","M","R","B",null,"M","?","$","?","?","E","R","E","T","R","M","$","E","M","R","B",null],"character_chosen":"DEFECT","items_purchased":["DataDisk","Frozen Egg 2","Mayhem+1","Storm+1","War Paint","SmokeBomb","Bag of Marbles","Lee\u0027s Waffle","FocusPotion","White Noise"],"campfire_rested":1,"item_purchase_floors":[27,27,37,37,37,37,37,46,46,46],"current_hp_per_floor":[88,88,88,88,87,87,62,62,62,62,61,61,45,23,23,7,69,69,67,67,62,60,31,31,27,27,27,13,13,13,13,51,29,74,62,62,62,62,62,52,70,54,54,72,63,96,96,76,94,94],"gold":151,"neow_bonus":"TWENTY_PERCENT_HP_BONUS","is_daily":false,"chose_seed":false,"campfire_upgraded":8,"win_rate":0.0,"timestamp":1609022323,"path_taken":["M","?","M","M","M","R","E","R","T","E","M","R","E","?","R","BOSS","M","M","?","M","?","E","R","E","T","$","E","?","?","?","R","BOSS","M","?","$","?","?","E","R","E","T","R","M","$","E","M","R","BOSS"],"items_purchased_type":["Relic","Relic","Card","Card","Relic","Potion","Relic","Relic","Potion","Card"],"build_version":"2020-12-22","purchased_purges":3,"victory":true,"max_hp_per_floor":[89,89,89,89,89,89,89,89,89,89,89,89,89,89,89,89,89,89,89,89,89,89,89,89,89,89,89,89,89,89,89,89,89,89,89,89,89,89,89,89,89,89,89,89,89,96,96,96,96,96],"card_choices":[{"not_picked":["Doom and Gloom","Hello World"],"picked":"Sunder","floor":1},{"not_picked":["Blizzard","Steam"],"picked":"Ball Lightning","floor":3},{"not_picked":["Gash","Capacitor"],"picked":"Undo","floor":4},{"not_picked":["Static Discharge","Stack"],"picked":"Go for the Eyes","floor":5},{"not_picked":["Darkness","Double Energy"],"picked":"Skim","floor":7},{"not_picked":["BootSequence","Leap"],"picked":"Coolheaded","floor":10},{"not_picked":["Barrage","Storm"],"picked":"White Noise","floor":11},{"not_picked":["Lockon","Rebound"],"picked":"Leap","floor":13},{"not_picked":["All For One","Rainbow"],"picked":"Electrodynamics","floor":16},{"not_picked":["Turbo","Ball Lightning"],"picked":"Compile Driver+1","floor":18},{"not_picked":["Beam Cell+1","Double Energy"],"picked":"Compile Driver","floor":19},{"not_picked":["Turbo","Glacier"],"picked":"Genetic Algorithm+1","floor":21},{"not_picked":["Compile Driver","Darkness"],"picked":"Redo+1","floor":22},{"not_picked":["Beam Cell","Seek"],"picked":"Biased Cognition","floor":23},{"not_picked":["Chaos","Hologram"],"picked":"Glacier","floor":25},{"not_picked":["Fission","Streamline"],"picked":"Conserve Battery+1","floor":28},{"not_picked":["Redo","Doom and Gloom","Genetic Algorithm"],"picked":"SKIP","floor":31},{"not_picked":["Thunder Strike","All For One"],"picked":"Buffer+1","floor":33},{"not_picked":["Streamline+1","Conserve Battery"],"picked":"White Noise+1","floor":35},{"not_picked":["Transmutation","PanicButton"],"picked":"Purity","floor":38},{"not_picked":["Redo+1","Compile Driver+1"],"picked":"Turbo+1","floor":40},{"not_picked":["Multi-Cast","Lockon+1"],"picked":"Amplify","floor":42},{"not_picked":["Electrodynamics+1","Coolheaded"],"picked":"Force Field","floor":45},{"not_picked":["Beam Cell","Stack+1","Hologram"],"picked":"SKIP","floor":48}],"player_experience":376635,"relics_obtained":[{"floor":7,"key":"Pocketwatch"},{"floor":9,"key":"HornCleat"},{"floor":10,"key":"Bronze Scales"},{"floor":13,"key":"Letter Opener"},{"floor":23,"key":"Sundial"},{"floor":25,"key":"Eternal Feather"},{"floor":26,"key":"Potion Belt"},{"floor":28,"key":"Bag of Preparation"},{"floor":40,"key":"InkBottle"},{"floor":42,"key":"Ice Cream"},{"floor":43,"key":"Happy Flower"}],"event_choices":[{"damage_healed":0,"gold_gain":0,"player_choice":"Grow","damage_taken":0,"max_hp_gain":0,"max_hp_loss":0,"event_name":"Living Wall","floor":2,"gold_loss":0,"cards_upgraded":["Strike_B"]},{"damage_healed":0,"gold_gain":0,"player_choice":"Take Damage","damage_taken":22,"relics_obtained":["Golden Idol"],"max_hp_gain":0,"max_hp_loss":0,"event_name":"Golden Idol","floor":14,"gold_loss":0},{"damage_healed":0,"gold_gain":0,"player_choice":"Traded Relic","damage_taken":0,"relics_obtained":["Nloth\u0027s Gift"],"max_hp_gain":0,"max_hp_loss":0,"event_name":"N\u0027loth","floor":20,"relics_lost":["Golden Idol"],"gold_loss":0},{"damage_healed":0,"gold_gain":0,"player_choice":"Paid Fearfully","damage_taken":0,"max_hp_gain":0,"max_hp_loss":0,"event_name":"Masked Bandits","floor":29,"gold_loss":66},{"cards_removed":["Strike_B"],"damage_healed":0,"gold_gain":0,"player_choice":"Offered Basic","damage_taken":0,"max_hp_gain":0,"max_hp_loss":0,"event_name":"Bonfire Elementals","floor":30,"gold_loss":0},{"damage_healed":0,"gold_gain":999,"player_choice":"Gold","damage_taken":0,"max_hp_gain":0,"max_hp_loss":0,"event_name":"MindBloom","floor":36,"gold_loss":0,"cards_obtained":["Normality","Normality"]},{"damage_healed":0,"gold_gain":0,"player_choice":"Memory 1","damage_taken":0,"max_hp_gain":0,"max_hp_loss":0,"event_name":"SensoryStone","floor":38,"gold_loss":0},{"damage_healed":0,"gold_gain":0,"player_choice":"Gave Potion","damage_taken":0,"relics_obtained":["Lantern"],"max_hp_gain":0,"max_hp_loss":0,"event_name":"WeMeetAgain","floor":39,"gold_loss":0}],"is_beta":false,"boss_relics":[{"not_picked":["Cursed Key","Runic Pyramid"],"picked":"Philosopher\u0027s Stone"},{"not_picked":["Velvet Choker","Black Star"],"picked":"Astrolabe"}],"items_purged_floors":[27,37,46],"is_endless":false,"potions_floor_spawned":[1,3,11,13,16,18,22,23,25,33,35,42],"ascension_level":5}}