{"host":"z9811rt50ti81n54","time":1609003982,"event":{"mods":["BaseMod","Minty Spire (QoL Compilation)"],"gold_per_floor":[112,13,28,28,42,68,78,78,104,104,117,117,142,156,156,257,257,269,17,17,17,34,68,68,87,87,120,120,29,29,44,44,149,149,164,5,0,0,16,16,35,52,52,52,85,85,11,11,11,11,11],"floor_reached":50,"playtime":1637,"items_purged":["Shame"],"score":673,"play_id":"b126d201-fbe1-492e-accf-fbc7714bd7ed","local_time":"20201227023302","is_ascension_mode":true,"campfire_choices":[{"data":"Terror","floor":8.0,"key":"SMITH"},{"data":"Neutralize","floor":10.0,"key":"SMITH"},{"data":"Calculated Gamble","floor":12.0,"key":"SMITH"},{"data":"Glass Knife","floor":15.0,"key":"SMITH"},{"data":"A Thousand Cuts","floor":24,"key":"SMITH"},{"data":"Envenom","floor":28,"key":"SMITH"},{"data":"Catalyst","floor":30,"key":"SMITH"},{"data":"Burst","floor":32,"key":"SMITH"},{"data":"Footwork","floor":40,"key":"SMITH"},{"floor":44,"key":"REST"},{"data":"Bullet Time","floor":46,"key":"SMITH"},{"floor":49,"key":"RECALL"}],"circlet_count":0,"master_deck":["Strike_G","Strike_G","Strike_G","Strike_G","Strike_G","Defend_G","Defend_G","Defend_G","Defend_G","Defend_G+1","Survivor+1","Neutralize+1","Die Die Die+1","Terror+1","Dash","Slice","Bullet Time+1","Calculated Gamble+1","All Out Attack","Infinite Blades","Dodge and Roll","Catalyst+1","Glass Knife+1","Adrenaline","Cloak And Dagger+1","Panacea","Poisoned Stab+1","Deadly Poison+1","A Thousand Cuts+1","Flying Knee","Bouncing Flask+1","Envenom+1","After Image","Burst+1","Caltrops","Bane","Die Die Die","Corpse Explosion","Footwork+1","Dodge and Roll+1","Leg Sweep+1","Backflip","Caltrops"],"relics":["Ring of the Snake","Akabeko","Oddly Smooth Stone","War Paint","Orrery","Regal Pillow","Nloth\u0027s Gift","Eternal Feather","Bronze Scales","SacredBark","Red Mask","Snake Skull","StoneCalendar","HornCleat","Singing Bowl"],"acts_visited":["Exordium","TheCity","TheBeyond"],"potions_floor_usage":[33,33,33,35,45],"damage_taken":[{"damage":0.0,"enemies":"2 Louse","floor":1.0,"turns":1.0},{"damage":0.0,"enemies":"Cultist","floor":3.0,"turns":2.0},{"damage":0.0,"enemies":"Small Slimes","floor":5.0,"turns":1.0},{"damage":27.0,"enemies":"3 Sentries","floor":6.0,"turns":11.0},{"damage":0.0,"enemies":"2 Fungi Beasts","floor":7.0,"turns":1.0},{"damage":0.0,"enemies":"Blue Slaver","floor":11.0,"turns":1.0},{"damage":14.0,"enemies":"Gremlin Nob","floor":13.0,"turns":4.0},{"damage":0.0,"enemies":"Looter","floor":14.0,"turns":2.0},{"damage":7.0,"enemies":"The Guardian","floor":16.0,"turns":10.0},{"damage":0.0,"enemies":"2 Thieves","floor":18.0,"turns":2.0},{"damage":6.0,"enemies":"3 Byrds","floor":22.0,"turns":4.0},{"damage":26,"enemies":"Gremlin Leader","floor":23,"turns":7},{"damage":0,"enemies":"Centurion and Healer","floor":25,"turns":2},{"damage":24,"enemies":"Slavers","floor":27,"turns":5},{"damage":3,"enemies":"Cultist and Chosen","floor":31,"turns":3},{"damage":57,"enemies":"Champ","floor":33,"turns":8},{"damage":4,"enemies":"3 Darklings","floor":35,"turns":4},{"damage":3,"enemies":"3 Shapes","floor":39,"turns":3},{"damage":40,"enemies":"Sphere and 2 Shapes","floor":41,"turns":6},{"damage":18,"enemies":"4 Shapes","floor":42,"turns":3},{"damage":18,"enemies":"Nemesis","floor":45,"turns":5},{"damage":67,"enemies":"Time Eater","floor":50,"turns":5}],"seed_played":"-6097115003278278922","potions_obtained":[{"floor":1.0,"key":"Dexterity Potion"},{"floor":3.0,"key":"Regen Potion"},{"floor":13.0,"key":"EssenceOfSteel"},{"floor":14.0,"key":"Energy Potion"},{"floor":23,"key":"SteroidPotion"},{"floor":27,"key":"PowerPotion"},{"floor":33,"key":"GhostInAJar"},{"floor":41,"key":"ColorlessPotion"},{"floor":45,"key":"GamblersBrew"}],"is_trial":false,"path_per_floor":["M","$","M","?","M","E","M","R","T","R","M","R","E","M","R","B",null,"M","$","?","?","M","E","R","M","T","E","R","$","R","M","R","B",null,"M","$","?","?","M","R","M","M","T","R","E","R","$","T","R","B"],"character_chosen":"THE_SILENT","items_purchased":["Dash","Slice","Panacea","Orrery","Caltrops","Bane","Footwork","ColorlessPotion","Caltrops"],"campfire_rested":1,"item_purchase_floors":[2,2,19,19,29,29,36,36,47],"current_hp_per_floor":[63,63,63,63,63,51,51,51,51,51,51,51,37,37,37,30,55,55,55,55,55,49,23,41,41,41,17,38,38,59,56,63,6,49,45,45,45,45,42,63,23,5,5,62,44,63,63,63,63,0,0],"gold":11,"neow_bonus":"THREE_RARE_CARDS","is_daily":false,"chose_seed":false,"campfire_upgraded":10,"win_rate":0.0,"timestamp":1609003982,"path_taken":["M","$","M","?","?","E","M","R","T","R","M","R","E","M","R","BOSS","M","?","?","?","M","E","R","M","T","E","R","$","R","?","R","BOSS","M","$","?","?","M","R","M","?","T","R","E","R","$","?","R","BOSS"],"items_purchased_type":["Card","Card","Card","Relic","Card","Card","Card","Potion","Card"],"build_version":"2020-12-22","purchased_purges":1,"victory":false,"max_hp_per_floor":[63,63,63,63,63,63,63,63,63,63,63,63,63,63,63,63,63,63,63,63,63,63,63,63,63,63,63,63,63,63,63,63,63,63,63,63,63,63,63,63,63,63,63,63,63,63,63,63,63,63,63],"card_choices":[{"not_picked":["Malaise","Wraith Form v2"],"picked":"Die Die Die","floor":0.0},{"not_picked":["Blade Dance","Cloak And Dagger"],"picked":"Terror","floor":1.0},{"not_picked":["Dodge and Roll","Poisoned Stab"],"picked":"Bullet Time","floor":3.0},{"not_picked":["Dagger Throw","Outmaneuver"],"picked":"Calculated Gamble","floor":5.0},{"not_picked":["Quick Slash","Outmaneuver"],"picked":"All Out Attack","floor":6.0},{"not_picked":["Dagger Throw","Finisher"],"picked":"Infinite Blades","floor":7.0},{"not_picked":["Heel Hook","Flying Knee"],"picked":"Dodge and Roll","floor":11.0},{"not_picked":["Backstab","Cloak And Dagger"],"picked":"Catalyst","floor":13.0},{"not_picked":["Poisoned Stab","Slice"],"picked":"Glass Knife","floor":14.0},{"not_picked":["A Thousand Cuts","Night Terror"],"picked":"Adrenaline","floor":16.0},{"not_picked":["Dagger Spray","Deflect+1"],"picked":"Cloak And Dagger+1","floor":18.0},{"not_picked":["Outmaneuver","Sucker Punch"],"picked":"Poisoned Stab+1","floor":19.0},{"not_picked":["Prepared","Slice+1"],"picked":"Deadly Poison+1","floor":19.0},{"not_picked":["Calculated Gamble","Footwork"],"picked":"A Thousand Cuts","floor":19.0},{"not_picked":["Outmaneuver","Underhanded Strike"],"picked":"Flying Knee","floor":19.0},{"not_picked":["Escape Plan","Blur"],"picked":"Bouncing Flask+1","floor":19.0},{"not_picked":["Slice","Deflect"],"picked":"Envenom","floor":22},{"not_picked":["Acrobatics","PiercingWail"],"picked":"After Image","floor":23},{"not_picked":["Deadly Poison","Dagger Spray","Poisoned Stab"],"picked":"SKIP","floor":25},{"not_picked":["Quick Slash","Prepared"],"picked":"Burst","floor":27},{"not_picked":["Dagger Throw","All Out Attack"],"picked":"Die Die Die","floor":31},{"not_picked":["After Image","Grand Finale"],"picked":"Corpse Explosion","floor":33},{"not_picked":["Acrobatics","Blade Dance","Sucker Punch"],"picked":"SKIP","floor":35},{"not_picked":["A Thousand Cuts","Accuracy+1"],"picked":"Dodge and Roll+1","floor":39},{"not_picked":["Prepared+1","Slice"],"picked":"Leg Sweep+1","floor":41},{"not_picked":["Dagger Throw","All Out Attack"],"picked":"Backflip","floor":42},{"not_picked":["Underhanded Strike","Doppelganger","Flechettes"],"picked":"SKIP","floor":45}],"player_experience":233772,"relics_obtained":[{"floor":6.0,"key":"Akabeko"},{"floor":9.0,"key":"Oddly Smooth Stone"},{"floor":13.0,"key":"War Paint"},{"floor":23,"key":"Eternal Feather"},{"floor":27,"key":"Bronze Scales"},{"floor":43,"key":"StoneCalendar"},{"floor":45,"key":"HornCleat"},{"floor":48,"key":"Singing Bowl"}],"event_choices":[{"damage_healed":0.0,"max_hp_gain":0.0,"max_hp_loss":0.0,"gold_gain":0.0,"event_name":"Upgrade Shrine","player_choice":"Upgraded","floor":4.0,"gold_loss":0.0,"damage_taken":0.0,"cards_upgraded":["Die Die Die"]},{"damage_healed":0.0,"max_hp_gain":0.0,"max_hp_loss":0.0,"gold_gain":0.0,"event_name":"Addict","player_choice":"Stole Relic","floor":20.0,"gold_loss":0.0,"damage_taken":0.0,"relics_obtained":["Regal Pillow"],"cards_obtained":["Shame"]},{"damage_healed":0.0,"max_hp_gain":0.0,"max_hp_loss":0.0,"gold_gain":0.0,"event_name":"N\u0027loth","player_choice":"Traded Relic","floor":21.0,"relics_lost":["Philosopher\u0027s Stone"],"gold_loss":0.0,"damage_taken":0.0,"relics_obtained":["Nloth\u0027s Gift"]},{"damage_healed":0,"gold_gain":0,"player_choice":"Paid","damage_taken":0,"relics_obtained":["Red Mask"],"max_hp_gain":0,"max_hp_loss":0,"event_name":"Tomb of Lord Red Mask","floor":37,"gold_loss":5},{"damage_healed":0,"gold_gain":0,"player_choice":"Gave Potion","damage_taken":0,"relics_obtained":["Snake Skull"],"max_hp_gain":0,"max_hp_loss":0,"event_name":"WeMeetAgain","floor":38,"gold_loss":0}],"is_beta":false,"boss_relics":[{"not_picked":["Cursed Key","Empty Cage"],"picked":"Philosopher\u0027s Stone"},{"not_picked":["Tiny House","Velvet Choker"],"picked":"SacredBark"}],"items_purged_floors":[36],"is_endless":false,"potions_floor_spawned":[1,3,13,14,23,27,33,41,45],"killed_by":"Time Eater","ascension_level":5}}