{"host":"93x13jgem5w43hjr","time":1609018724,"event":{"mods":["AchievementEnabler","BaseMod","Better Note","Better Third Choice","Colored Map","Colored Powertips","Hermit","Minty Spire (QoL Compilation)","Rare Cards Sparkle","Relic Stats","StSLib"],"gold_per_floor":[136,175,145,184,218,218,260,116,116,216,28,28,69,109,109,211,211,229,270,318,363,363,363,407,420,445,445,445,445,508,167,167,301,301,346,346,367,378,378,418,418,442,442,442,0,0,25,66,66,73],"floor_reached":51,"playtime":4627,"items_purged":["hermit:Strike_Hermit","hermit:Strike_Hermit","hermit:Strike_Hermit+1"],"score":667,"play_id":"b8a9f70a-f5e9-4892-a9ea-c5bbcbf2b0ba","local_time":"20201226143844","is_ascension_mode":false,"campfire_choices":[{"data":"HandOfGreed","floor":6,"key":"SMITH"},{"data":"Enlightenment","floor":12,"key":"SMITH"},{"data":"hermit:Brawl","floor":15,"key":"SMITH"},{"floor":23,"key":"REST"},{"floor":29,"key":"REST"},{"floor":32,"key":"REST"},{"floor":41,"key":"REST"},{"floor":49,"key":"REST"}],"circlet_count":0,"master_deck":["hermit:Strike_Hermit+1","hermit:Defend_Hermit+1","hermit:Defend_Hermit+1","hermit:Defend_Hermit+1","hermit:Defend_Hermit+1","hermit:Snapshot","hermit:Covet","HandOfGreed+1","hermit:Brawl+1","hermit:Deadeye","hermit:LowProfile","hermit:Scavenge","hermit:Vantage","hermit:Feint","hermit:LowProfile","Enlightenment+1","hermit:Enervate","hermit:HighNoon","hermit:Manifest","Pain","hermit:Determination","hermit:HoleUp+1","hermit:LowProfile","hermit:EternalForm","hermit:Dive+1","hermit:Spite","hermit:HeroicBravado","Parasite","hermit:BodyArmor+1"],"relics":["hermit:ClaspedLocket","Mummified Hand","WarpedTongs","Oddly Smooth Stone","hermit:RedScarf","Boot","hermit:BartenderGlass","Meat on the Bone","Red Mask","hermit:Spyglass"],"acts_visited":["Exordium","TheCity","TheBeyond"],"potions_floor_usage":[4,4,4,5,13,18,25,33,35,37,37,38,38,38,38,40,40,40,42,42,48,48,48,48,50,50,50],"damage_taken":[{"damage":4,"enemies":"Cultist","floor":1,"turns":5},{"damage":0,"enemies":"2 Louse","floor":2,"turns":3},{"damage":0,"enemies":"Jaw Worm","floor":4,"turns":3},{"damage":0,"enemies":"Blue Slaver","floor":5,"turns":2},{"damage":8,"enemies":"Red Slaver","floor":7,"turns":4},{"damage":0,"enemies":"3 Louse","floor":10,"turns":10},{"damage":0,"enemies":"Large Slime","floor":13,"turns":5},{"damage":0,"enemies":"Blue Slaver","floor":14,"turns":6},{"damage":27,"enemies":"Hexaghost","floor":16,"turns":11},{"damage":7,"enemies":"3 Byrds","floor":18,"turns":8},{"damage":24,"enemies":"Spheric Guardian","floor":19,"turns":7},{"damage":15,"enemies":"Snake Plant","floor":20,"turns":6},{"damage":6,"enemies":"3 Cultists","floor":21,"turns":8},{"damage":18,"enemies":"Centurion and Healer","floor":24,"turns":9},{"damage":23,"enemies":"Snake Plant","floor":25,"turns":7},{"damage":13,"enemies":"Slavers","floor":30,"turns":9},{"damage":19,"enemies":"Champ","floor":33,"turns":18},{"damage":8,"enemies":"Orb Walker","floor":35,"turns":7},{"damage":9,"enemies":"3 Darklings","floor":37,"turns":10},{"damage":46,"enemies":"Maw","floor":38,"turns":11},{"damage":14,"enemies":"Sphere and 2 Shapes","floor":40,"turns":12},{"damage":7,"enemies":"Spire Growth","floor":42,"turns":6},{"damage":24,"enemies":"3 Darklings","floor":47,"turns":10},{"damage":2,"enemies":"Writhing Mass","floor":48,"turns":8},{"damage":46,"enemies":"Donu and Deca","floor":50,"turns":15}],"seed_played":"-9045816631986279650","potions_obtained":[{"floor":2,"key":"BlessingOfTheForge"},{"floor":3,"key":"EntropicBrew"},{"floor":3,"key":"Fire Potion"},{"floor":5,"key":"hermit:Eclipse"},{"floor":16,"key":"EssenceOfSteel"},{"floor":19,"key":"FearPotion"},{"floor":30,"key":"SneckoOil"},{"floor":33,"key":"Energy Potion"},{"floor":35,"key":"DistilledChaos"},{"floor":37,"key":"AttackPotion"},{"floor":40,"key":"Explosive Potion"},{"floor":47,"key":"PowerPotion"}],"is_trial":false,"path_per_floor":["M","M","?","M","M","R","M","$","T","M","$","R","M","M","R","B",null,"M","M","M","M","?","R","M","M","T","?","?","R","E","$","R","B",null,"M","?","M","M","?","M","R","M","T","?","?","?","M","M","R","B",null],"character_chosen":"HERMIT","items_purchased":["hermit:Vantage","hermit:Feint","Enlightenment","EssenceOfSteel","Boot"],"campfire_rested":5,"item_purchase_floors":[8,8,11,31,31],"current_hp_per_floor":[64,64,64,64,64,64,56,56,56,56,56,56,56,56,56,29,68,61,37,22,16,16,36,26,8,8,8,8,28,20,20,40,40,68,65,65,61,22,22,33,53,49,49,49,49,49,36,43,63,40],"gold":73,"neow_bonus":"RANDOM_COLORLESS_2","is_daily":false,"chose_seed":false,"campfire_upgraded":3,"win_rate":0.0,"timestamp":1609018724,"path_taken":["M","?","?","M","M","R","M","?","T","M","$","R","?","M","R","BOSS","M","M","M","M","?","R","?","M","T","?","?","R","E","$","R","BOSS","M","?","M","?","?","M","R","M","T","?","?","?","?","M","R","BOSS"],"items_purchased_type":["Card","Card","Card","Potion","Relic"],"build_version":"2020-12-22","purchased_purges":3,"victory":true,"max_hp_per_floor":[68,68,68,68,68,68,68,68,68,68,68,68,68,68,68,68,68,68,68,68,68,68,68,68,68,68,68,68,68,68,68,68,68,68,68,68,68,68,68,68,68,68,68,68,68,68,68,68,68,68],"relic_stats":{"counters":[25,200],"Mummified Hand":[61],"Boot":[12],"obtain_stats":[{"hermit:ClaspedLocket":17,"Mummified Hand":9,"Oddly Smooth Stone":26,"hermit:BartenderGlass":34,"Red Mask":45,"hermit:RedScarf":30,"Boot":31,"hermit:Momento":0,"hermit:Spyglass":46,"WarpedTongs":22,"Meat on the Bone":43},{"hermit:ClaspedLocket":9,"Mummified Hand":5,"Oddly Smooth Stone":15,"hermit:BartenderGlass":17,"Red Mask":22,"hermit:RedScarf":16,"Boot":16,"hermit:Momento":0,"hermit:Spyglass":22,"WarpedTongs":13,"Meat on the Bone":22},{"hermit:ClaspedLocket":49,"Mummified Hand":17,"Oddly Smooth Stone":94,"hermit:BartenderGlass":121,"Red Mask":167,"hermit:RedScarf":103,"Boot":103,"hermit:Momento":0,"hermit:Spyglass":167,"WarpedTongs":78,"Meat on the Bone":167}],"WarpedTongs":[99],"Meat on the Bone":12},"card_choices":[{"not_picked":["Sadistic Nature","Magnetism"],"picked":"HandOfGreed","floor":0},{"not_picked":["hermit:CalledShot","hermit:SprayPray"],"picked":"hermit:Brawl","floor":1},{"not_picked":["hermit:GoldenBullet","hermit:FullyLoaded"],"picked":"hermit:Deadeye","floor":2},{"not_picked":["hermit:Horror","hermit:CursedWeapon"],"picked":"hermit:LowProfile","floor":4},{"not_picked":["hermit:FlashPowder","hermit:Adapt"],"picked":"hermit:Scavenge","floor":5},{"not_picked":["hermit:Ricochet","hermit:EyeOfTheStorm","hermit:TakeAim"],"picked":"SKIP","floor":7},{"not_picked":["hermit:Ricochet","hermit:CalledShot"],"picked":"hermit:LowProfile","floor":10},{"not_picked":["hermit:WideOpen","hermit:GoldenBullet","hermit:Cheat"],"picked":"SKIP","floor":13},{"not_picked":["hermit:Spite","hermit:Scavenge"],"picked":"hermit:Enervate","floor":14},{"not_picked":["hermit:Roughhouse","hermit:DeadOrAlive"],"picked":"hermit:HighNoon","floor":16},{"not_picked":["hermit:Determination","hermit:Snipe","hermit:LowProfile"],"picked":"SKIP","floor":18},{"not_picked":["hermit:ItchyTrigger","hermit:Feint+1"],"picked":"hermit:Manifest","floor":19},{"not_picked":["hermit:SprayPray+1","hermit:EyeOfTheStorm+1","hermit:LuckOfTheDraw"],"picked":"SKIP","floor":20},{"not_picked":["hermit:CalledShot+1","hermit:Gestalt","hermit:Misfire"],"picked":"SKIP","floor":21},{"not_picked":["hermit:ItchyTrigger","hermit:Roulette"],"picked":"hermit:Determination","floor":24},{"not_picked":["hermit:Misfire","hermit:Ricochet+1"],"picked":"hermit:HoleUp+1","floor":25},{"not_picked":["hermit:Midnight","hermit:Feint"],"picked":"hermit:LowProfile","floor":30},{"not_picked":["hermit:FromBeyond","hermit:HeroicBravado"],"picked":"hermit:EternalForm","floor":33},{"not_picked":["hermit:Feint","hermit:Headshot","hermit:ShadowCloak"],"picked":"SKIP","floor":35},{"not_picked":["hermit:HighCaliber+1","hermit:WideOpen+1"],"picked":"hermit:Dive+1","floor":37},{"not_picked":["hermit:TrackingShot","hermit:Scavenge+1"],"picked":"hermit:HighCaliber+1","floor":38},{"not_picked":["hermit:Quickdraw","hermit:Showdown+1","hermit:LowProfile+1"],"picked":"SKIP","floor":40},{"not_picked":["hermit:Dive","hermit:Brawl"],"picked":"hermit:Spite","floor":42},{"not_picked":["hermit:PistolWhip+1","hermit:Cheat"],"picked":"hermit:HeroicBravado","floor":47},{"not_picked":["hermit:Manifest+1","hermit:Ricochet+1"],"picked":"hermit:BodyArmor+1","floor":48}],"player_experience":88743,"relics_obtained":[{"floor":9,"key":"Mummified Hand"},{"floor":26,"key":"Oddly Smooth Stone"},{"floor":30,"key":"hermit:RedScarf"},{"floor":43,"key":"Meat on the Bone"}],"event_choices":[{"damage_healed":0,"gold_gain":0,"player_choice":"Bought 2 Potions","damage_taken":0,"max_hp_gain":0,"max_hp_loss":0,"event_name":"The Woman in Blue","floor":3,"gold_loss":0},{"damage_healed":0,"gold_gain":0,"player_choice":"Rummage","damage_taken":0,"relics_obtained":["WarpedTongs"],"max_hp_gain":0,"max_hp_loss":0,"event_name":"Accursed Blacksmith","floor":22,"gold_loss":0,"cards_obtained":["Pain"]},{"cards_removed":["HandOfGreed"],"damage_healed":0,"gold_gain":0,"player_choice":"Give","damage_taken":0,"max_hp_gain":0,"max_hp_loss":0,"event_name":"betterNote:BetterNote","floor":27,"gold_loss":0,"cards_obtained":["Exhume"]},{"damage_healed":0,"gold_gain":0,"player_choice":"Simplicity","damage_taken":0,"max_hp_gain":0,"max_hp_loss":6,"event_name":"betterThird:BetterWriting","floor":28,"gold_loss":0},{"damage_healed":0,"gold_gain":0,"player_choice":"Ignored","damage_taken":0,"max_hp_gain":0,"max_hp_loss":0,"event_name":"Fountain of Cleansing","floor":36,"gold_loss":0},{"damage_healed":0,"gold_gain":0,"player_choice":"Ignored","damage_taken":0,"max_hp_gain":0,"max_hp_loss":0,"event_name":"Mysterious Sphere","floor":39,"gold_loss":0},{"cards_removed":["hermit:HighCaliber"],"damage_healed":0,"gold_gain":0,"player_choice":"Removed Attack","damage_taken":0,"max_hp_gain":0,"max_hp_loss":0,"event_name":"Falling","floor":44,"gold_loss":0},{"damage_healed":0,"gold_gain":0,"player_choice":"Paid","damage_taken":0,"relics_obtained":["Red Mask"],"max_hp_gain":0,"max_hp_loss":0,"event_name":"Tomb of Lord Red Mask","floor":45,"gold_loss":442},{"damage_healed":0,"gold_gain":0,"player_choice":"Gave Potion","damage_taken":0,"relics_obtained":["hermit:Spyglass"],"max_hp_gain":0,"max_hp_loss":0,"event_name":"WeMeetAgain","floor":46,"gold_loss":0}],"is_beta":false,"boss_relics":[{"not_picked":["Astrolabe","Runic Pyramid"],"picked":"hermit:ClaspedLocket"},{"not_picked":["Runic Dome","hermit:DentedPlate"],"picked":"hermit:BartenderGlass"}],"items_purged_floors":[8,11,31],"is_endless":false,"potions_floor_spawned":[2,5,16,19,30,33,35,37,40,47],"ascension_level":0}}