{"host":"vm8b3ptwl81uq21f","time":1609007179,"event":{"mods":["BaseMod","BetterRewards","Colored Map","Colored Powertips","Downfall","GifTheSpireLib","Googly Eyes","GungeonMod","Halation","Hubris","Infinite Spire","Minty Spire (QoL Compilation)","Quick Restart","Rare Cards Sparkle","Replay The Spire","Shop Mod","StSLib","Stuff the Spire","The Bug Knight","The IronCluck","[IsaacMod]????"],"gold_per_floor":[118,129,129,149,166,166,200,46,70,70,99,113,133,183,183,280,280,290,310,410,428,443,443,443],"floor_reached":23,"playtime":928,"items_purged":[],"score":255,"play_id":"e96cb5ba-2dad-4a7e-9da0-7c683b2d7fba","local_time":"20201226132619","is_ascension_mode":false,"campfire_choices":[{"data":"Recycle","floor":6,"key":"SMITH"},{"data":"Zap","floor":10,"key":"SMITH"},{"floor":15,"key":"REST"}],"circlet_count":0,"master_deck":["Strike_B","Strike_B","Strike_B","Strike_B+1","Defend_B","Defend_B","Defend_B","Defend_B","Zap+1","Dualcast","BasicCrystalCard","ReplayTheSpireMod:Chaos Vortex","Loop","Recycle+1","hubris:PowerSurge","Thunder Strike+1","Compile Driver","StuffTheSpire:Plugnplay","ElectricPowerLearning","Defragment","BasicCrystalCard+1","Conserve Battery","Barrage+1"],"relics":["Cracked Core","HushsDoor","BFFS","NeowsBlessing","StuffTheSpire:HeavyRock","BelialBook","Omamori","Counterbalance","Darkstone Periapt","Whetstone","Replay:Bronze Core"],"acts_visited":["Exordium","TheCity"],"potions_floor_usage":[7,11,14,21],"damage_taken":[{"damage":0,"enemies":"Cultist","floor":1,"turns":1},{"damage":0,"enemies":"Jaw Worm","floor":2,"turns":1},{"damage":0,"enemies":"Small Slimes","floor":4,"turns":1},{"damage":0,"enemies":"Blue Slaver","floor":5,"turns":3},{"damage":5,"enemies":"Lagavulin","floor":7,"turns":5},{"damage":7,"enemies":"3 Sentries","floor":11,"turns":5},{"damage":3,"enemies":"Gremlin Gang","floor":12,"turns":5},{"damage":7,"enemies":"Exordium Thugs","floor":13,"turns":4},{"damage":22,"enemies":"Hiden Room Battle","floor":14,"turns":4},{"damage":0,"enemies":"Hexaghost","floor":16,"turns":6},{"damage":0,"enemies":"Chosen","floor":18,"turns":4},{"damage":0,"enemies":"3 Byrds","floor":19,"turns":2},{"damage":8,"enemies":"Snecko","floor":21,"turns":5},{"damage":37,"enemies":"Cultist and Chosen","floor":22,"turns":6},{"damage":0,"enemies":"Nightmare","floor":23,"turns":1}],"seed_played":"6595103165905652310","potions_obtained":[{"floor":2,"key":"SkillPotion"},{"floor":5,"key":"SteroidPotion"},{"floor":12,"key":"Explosive Potion"},{"floor":18,"key":"FocusPotion"},{"floor":19,"key":"sneckomod:MuddlingPotion"},{"floor":22,"key":"DemoMod:LeadSkinPotion"}],"is_trial":false,"path_per_floor":["M","M","?","M","M","R","E","$","T","R","E","M","M","?","R","B",null,"M","M","?","M","M","NM"],"character_chosen":"DEFECT","items_purchased":["BelialBook"],"campfire_rested":1,"item_purchase_floors":[8],"current_hp_per_floor":[75,75,57,57,57,57,52,52,52,52,45,42,35,13,35,35,75,75,75,75,67,30,30,30],"gold":443,"neow_bonus":"THREE_ENEMY_KILL","is_daily":false,"chose_seed":false,"campfire_upgraded":2,"win_rate":0.0,"timestamp":1609007179,"path_taken":["M","?","?","M","M","R","E","$","T","R","E","?","M","?","R","BOSS","M","M","?","?","M","NM"],"items_purchased_type":["Relic"],"build_version":"2020-12-22","purchased_purges":0,"victory":false,"max_hp_per_floor":[75,75,75,75,75,75,75,75,75,75,75,75,75,75,75,75,75,75,75,75,75,75,75,75],"card_choices":[{"not_picked":["Melter","Stack"],"picked":"Bomb","floor":1},{"not_picked":["Beam Cell","Darkness"],"picked":"BasicCrystalCard","floor":2},{"not_picked":["infinitespire:Menacing","infinitespire:FutureSight"],"picked":"ReplayTheSpireMod:Chaos Vortex","floor":3},{"not_picked":["Panic Button","Go for the Eyes"],"picked":"Loop","floor":4},{"not_picked":["Double Energy","Stack"],"picked":"Recycle","floor":5},{"not_picked":["Gash","Glacier"],"picked":"hubris:PowerSurge","floor":7},{"not_picked":["Beam Cell","Time Bomb"],"picked":"Thunder Strike","floor":11},{"not_picked":["Heatsinks","StuffTheSpire:Coldhearted"],"picked":"Bomb","floor":12},{"not_picked":["Rebound","Sweeping Beam"],"picked":"Compile Driver","floor":13},{"not_picked":["Rebound","Beam Cell"],"picked":"StuffTheSpire:Plugnplay","floor":14},{"not_picked":["Buffer","StuffTheSpire:Purify"],"picked":"ElectricPowerLearning","floor":16},{"not_picked":["Rebound","Conserve Battery"],"picked":"Defragment","floor":18},{"not_picked":["Leap+1","Redo"],"picked":"BasicCrystalCard+1","floor":19},{"not_picked":["Panic Button+1","ReplayTheSpireMod:Reroute Power"],"picked":"Conserve Battery","floor":21},{"not_picked":["Scrape","Coolheaded"],"picked":"Barrage+1","floor":22}],"player_experience":319240,"relics_obtained":[{"floor":7,"key":"StuffTheSpire:HeavyRock"},{"floor":9,"key":"Omamori"},{"floor":11,"key":"Counterbalance"},{"floor":14,"key":"Darkstone Periapt"},{"floor":14,"key":"Whetstone"}],"event_choices":[{"damage_healed":0,"gold_gain":0,"player_choice":"Fight","damage_taken":0,"max_hp_gain":0,"max_hp_loss":0,"event_name":"HidenRoomEvent","floor":14,"gold_loss":0},{"damage_healed":0,"gold_gain":100,"player_choice":"Pray","damage_taken":0,"max_hp_gain":0,"max_hp_loss":0,"event_name":"Golden Shrine","floor":20,"gold_loss":0}],"is_beta":false,"boss_relics":[{"not_picked":["hubris:CrackedHourglass","Replay:Wanted Poster"],"picked":"Replay:Bronze Core"},{"not_picked":[]}],"items_purged_floors":[],"is_endless":false,"potions_floor_spawned":[2,5,12,18,19,22],"killed_by":"Nightmare","ascension_level":0}}