{"host":"TheHustler","time":1609015734,"event":{"mods":["BaseMod","Block Reminder","Colored Map","Colored Powertips","Minty Spire (QoL Compilation)","Quick Restart","StSLib","SuperFastMode","Unceasing Turn Reminder"],"gold_per_floor":[114,129,144,144,159,189,189,204,204,219,219,219,234,3,3,103,103,118,118,133,148,148,178,178,208,233,248,248,263,263,278,278,378,378,393,408,423,438,348,348,21,21,46,46,46,46,46,61,61,61],"floor_reached":51,"playtime":1390,"items_purged":[],"score":691,"play_id":"e342b2ac-c8ed-46b7-bee0-1b3d925c84a9","local_time":"20201226214854","daily_mods":["SealedDeck","Diverse","Binary"],"is_ascension_mode":false,"campfire_choices":[{"data":"Streamline","floor":7,"key":"SMITH"},{"data":"WaveOfTheHand","floor":11,"key":"SMITH"},{"data":"Inflame","floor":15,"key":"SMITH"},{"data":"Beam Cell","floor":24,"key":"SMITH"},{"data":"White Noise","floor":28,"key":"SMITH"},{"data":"Coolheaded","floor":32,"key":"SMITH"},{"floor":40,"key":"REST"},{"floor":42,"key":"REST"},{"floor":49,"key":"REST"}],"circlet_count":0,"master_deck":["Streamline+1","Skim","Deflect","Iron Wave","Dropkick","PiercingWail","Ball Lightning","Quick Slash","Thunderclap","Beam Cell+1","TalkToTheHand","Inflame+1","WaveOfTheHand+1","Good Instincts","Exhume","Coolheaded+1","Dagger Spray+1","Dropkick","White Noise+1","Perseverance+1","Necronomicurse","Demon Form+1","Shrug It Off","Escape Plan","Armaments+1","Prepared","Pommel Strike","Bandage Up","Dramatic Entrance"],"relics":["Burning Blood","Blood Vial","Sundial","PreservedInsect","Red Skull","Cursed Key","Champion Belt","Incense Burner","Bronze Scales","Necronomicon","Fusion Hammer","HandDrill","Juzu Bracelet","Nunchaku"],"acts_visited":["Exordium","TheCity","TheBeyond"],"potions_floor_usage":[50,50],"damage_taken":[{"damage":0,"enemies":"Cultist","floor":1,"turns":2},{"damage":0,"enemies":"Small Slimes","floor":2,"turns":2},{"damage":0,"enemies":"2 Louse","floor":3,"turns":2},{"damage":12,"enemies":"Large Slime","floor":5,"turns":3},{"damage":10,"enemies":"Lagavulin","floor":6,"turns":5},{"damage":3,"enemies":"Gremlin Gang","floor":8,"turns":3},{"damage":2,"enemies":"2 Fungi Beasts","floor":10,"turns":3},{"damage":0,"enemies":"Exordium Thugs","floor":13,"turns":3},{"damage":9,"enemies":"Slime Boss","floor":16,"turns":7},{"damage":4,"enemies":"Chosen","floor":18,"turns":3},{"damage":3,"enemies":"Shell Parasite","floor":20,"turns":4},{"damage":0,"enemies":"Chosen and Byrds","floor":21,"turns":4},{"damage":13,"enemies":"Book of Stabbing","floor":23,"turns":4},{"damage":15,"enemies":"Slavers","floor":25,"turns":4},{"damage":10,"enemies":"Centurion and Healer","floor":27,"turns":6},{"damage":6,"enemies":"Shelled Parasite and Fungi","floor":29,"turns":5},{"damage":0,"enemies":"Snake Plant","floor":31,"turns":4},{"damage":50,"enemies":"Collector","floor":33,"turns":9},{"damage":15,"enemies":"3 Darklings","floor":35,"turns":5},{"damage":0,"enemies":"Orb Walker","floor":36,"turns":3},{"damage":0,"enemies":"Maw","floor":37,"turns":7},{"damage":17,"enemies":"Sphere and 2 Shapes","floor":38,"turns":9},{"damage":6,"enemies":"Writhing Mass","floor":48,"turns":4},{"damage":9,"enemies":"Time Eater","floor":50,"turns":9}],"seed_played":"5451747836825439005","potions_obtained":[{"floor":3,"key":"Energy Potion"},{"floor":5,"key":"SneckoOil"},{"floor":6,"key":"Energy Potion"},{"floor":10,"key":"DistilledChaos"},{"floor":13,"key":"DistilledChaos"}],"is_trial":false,"path_per_floor":["M","M","M","$","M","E","R","M","T","M","R","?","M","$","R","B",null,"M","?","M","M","?","E","R","E","T","M","R","M","?","M","R","B",null,"M","M","M","M","?","R","$","R","T","$","?","?","$","M","R","B",null],"character_chosen":"IRONCLAD","items_purchased":["Red Skull","Good Instincts","HandDrill","Juzu Bracelet","Pommel Strike"],"campfire_rested":3,"item_purchase_floors":[14,14,41,41,41],"current_hp_per_floor":[80,80,80,80,74,70,70,75,75,80,80,80,80,80,80,77,80,80,80,80,80,80,73,73,66,66,64,64,66,50,58,58,16,80,71,79,80,69,69,80,80,80,80,80,70,70,70,76,80,77],"gold":61,"neow_bonus":"","is_daily":true,"chose_seed":false,"campfire_upgraded":6,"win_rate":0.0,"timestamp":1609015734,"path_taken":["M","?","M","$","M","E","R","M","T","M","R","?","M","$","R","BOSS","M","?","M","M","?","E","R","E","T","M","R","M","?","M","R","BOSS","M","M","M","M","?","R","$","R","T","$","?","?","?","M","R","BOSS"],"items_purchased_type":["Relic","Card","Relic","Relic","Card"],"build_version":"2020-12-18","purchased_purges":0,"victory":true,"max_hp_per_floor":[80,80,80,80,80,80,80,80,80,80,80,80,80,80,80,80,80,80,80,80,80,80,80,80,80,80,80,80,80,80,80,80,80,80,80,80,80,80,80,80,80,80,80,80,80,80,80,80,80,80],"card_choices":[{"not_picked":["Riddle With Holes","Turbo"],"picked":"SKIP","floor":1},{"not_picked":["CarveReality","Streamline"],"picked":"SKIP","floor":2},{"not_picked":["Pommel Strike"],"picked":"TalkToTheHand","floor":3},{"not_picked":["Turbo","Cleave"],"picked":"SKIP","floor":5},{"not_picked":["Pray"],"picked":"Inflame","floor":6},{"not_picked":["Acrobatics","CarveReality"],"picked":"SKIP","floor":8},{"not_picked":["Go for the Eyes"],"picked":"WaveOfTheHand","floor":10},{"not_picked":["Ball Lightning","SandsOfTime"],"picked":"SKIP","floor":13},{"not_picked":["Fiend Fire"],"picked":"Exhume","floor":16},{"not_picked":["Concentrate+1"],"picked":"Coolheaded","floor":18},{"not_picked":["Rebound","Loop"],"picked":"SKIP","floor":20},{"not_picked":["Chaos"],"picked":"Dagger Spray+1","floor":21},{"not_picked":["Outmaneuver"],"picked":"Dropkick","floor":23},{"not_picked":["SandsOfTime","ForeignInfluence"],"picked":"SKIP","floor":25},{"not_picked":["Catalyst"],"picked":"White Noise","floor":27},{"not_picked":["FlyingSleeves"],"picked":"Perseverance+1","floor":29},{"not_picked":["Second Wind","Tactician"],"picked":"SKIP","floor":31},{"not_picked":["Malaise"],"picked":"Demon Form","floor":33},{"not_picked":["Flex"],"picked":"Shrug It Off","floor":35},{"not_picked":["Outmaneuver"],"picked":"Escape Plan","floor":36},{"not_picked":["Consecrate"],"picked":"Armaments+1","floor":37},{"not_picked":["Perfected Strike"],"picked":"Prepared","floor":38},{"not_picked":["Impatience"],"picked":"Bandage Up","floor":45},{"not_picked":["Discovery"],"picked":"Dramatic Entrance","floor":45},{"not_picked":["Clash+1","Setup"],"picked":"SKIP","floor":48}],"player_experience":608566,"relics_obtained":[{"floor":6,"key":"Blood Vial"},{"floor":9,"key":"Sundial"},{"floor":23,"key":"Champion Belt"},{"floor":25,"key":"Incense Burner"},{"floor":26,"key":"Bronze Scales"},{"floor":30,"key":"Necronomicon"},{"floor":43,"key":"Nunchaku"}],"event_choices":[{"damage_healed":0,"gold_gain":0,"player_choice":"Gave Potion","damage_taken":0,"relics_obtained":["PreservedInsect"],"max_hp_gain":0,"max_hp_loss":0,"event_name":"WeMeetAgain","floor":12,"gold_loss":0},{"damage_healed":0,"gold_gain":0,"player_choice":"Ignored","damage_taken":0,"max_hp_gain":0,"max_hp_loss":0,"event_name":"Beggar","floor":19,"gold_loss":0},{"damage_healed":0,"gold_gain":0,"player_choice":"Ignored","damage_taken":0,"max_hp_gain":0,"max_hp_loss":0,"event_name":"Ghosts","floor":22,"gold_loss":0},{"damage_healed":0,"gold_gain":0,"player_choice":"Obtained Book","damage_taken":16,"max_hp_gain":0,"max_hp_loss":0,"event_name":"Cursed Tome","floor":30,"gold_loss":0},{"cards_removed":["Normality"],"damage_healed":0,"gold_gain":0,"player_choice":"Upgrade and Remove","damage_taken":0,"max_hp_gain":0,"max_hp_loss":0,"event_name":"Designer","floor":39,"gold_loss":90,"cards_upgraded":["Demon Form"]},{"damage_healed":0,"gold_gain":0,"player_choice":"Memory 3","damage_taken":10,"max_hp_gain":0,"max_hp_loss":0,"event_name":"SensoryStone","floor":45,"gold_loss":0},{"cards_removed":["Regret"],"damage_healed":0,"gold_gain":0,"player_choice":"Purged","damage_taken":0,"max_hp_gain":0,"max_hp_loss":0,"event_name":"Purifier","floor":46,"gold_loss":0}],"is_beta":true,"boss_relics":[{"not_picked":["Runic Cube","Velvet Choker"],"picked":"Cursed Key"},{"not_picked":["Coffee Dripper","SlaversCollar"],"picked":"Fusion Hammer"}],"items_purged_floors":[],"is_endless":false,"potions_floor_spawned":[3,5,6,10,13,21,29,33,35,36,38,48],"ascension_level":0}}