{"host":"6kpik4p6m02tzjjt","time":1609022937,"event":{"mods":["BaseMod","Colored Map","Downfall","Minty Spire (QoL Compilation)","Quick Restart","Relic Stats","Replay The Spire","StSLib"],"gold_per_floor":[174,189,207,226,226,226,295,313,338,355,371,8,8,24,39,135,235,235,246,346,446,462,462,489,489,507,507,520,533,547,563,576,675,675,675,695,705,724,814,841,841,841,508,538,638,648,667,679,679,679,679],"floor_reached":49,"playtime":3990,"items_purged":[],"score":554,"play_id":"693815f5-5453-4d3a-b3fa-44ee0167646f","local_time":"20201226174857","is_ascension_mode":false,"campfire_choices":[{"data":"Guardian:TwinSlam","floor":6,"key":"SMITH"},{"data":"Guardian:DonusPower","floor":13,"key":"SMITH"},{"data":"Guardian:Suspension","floor":18,"key":"SMITH"},{"data":"Guardian:FloatingOrbs","floor":23,"key":"SMITH"},{"floor":27,"key":"REST"},{"data":"Guardian:DonusPower","floor":35,"key":"SMITH"},{"data":"Guardian:ExploitGems","floor":42,"key":"SMITH"}],"circlet_count":0,"master_deck":["Guardian:Strike_Guardian","Guardian:Strike_Guardian","Guardian:Defend_Guardian","Guardian:Defend_Guardian","Guardian:Defend_Guardian","Guardian:Defend_Guardian","Guardian:CurlUp","Guardian:TwinSlam+1","Guardian:ChargeUp","Guardian:WalkerClaw","Guardian:Recover","Guardian:EvasiveProtocol","Guardian:ChargeCore","Guardian:PiercingHide","Guardian:Incinerate","Guardian:DonusPower+1","Guardian:TimeSifter","Guardian:TimeSifter","Guardian:ChargeUp","Guardian:Suspension+1","Guardian:FloatingOrbs+1","Guardian:DonusPower+1","Guardian:Incinerate","Guardian:Preprogram","J.A.X.","Guardian:MultiBeam","Guardian:PiercingHide","Guardian:ShieldCharger+1","Guardian:RollAttack","Guardian:TimeBomb","Guardian:RevengeProtocol","Guardian:TemporalStrike","Guardian:CrystalBeam","Guardian:TimeCapacitor+1","Guardian:ExploitGems+1","Guardian:Gem_Cyan","Guardian:Suspension","Guardian:TemporalStrike+1","Guardian:Gem_Red"],"relics":["Guardian:ModeShifter","ReplayTheSpireMod:Shallot","Vajra","DollysMirror","Replay:Wax Seal","Replay:Wanted Poster","MutagenicStrength","Lizard Tail","Matryoshka","Toy Ornithopter","Happy Flower","SlaversCollar","Sundial","PreservedInsect","Garlic","Bag of Marbles"],"acts_visited":["Exordium","TheCity","TheBeyond"],"potions_floor_usage":[9,16,19,26,26,26,28,32,33,38],"damage_taken":[{"damage":1,"enemies":"Cultist","floor":2,"turns":3},{"damage":0,"enemies":"Small Slimes","floor":3,"turns":4},{"damage":0,"enemies":"2 Louse","floor":4,"turns":2},{"damage":5,"enemies":"Lots of Slimes","floor":8,"turns":4},{"damage":17,"enemies":"Gremlin Nob","floor":9,"turns":4},{"damage":0,"enemies":"Large Slime","floor":10,"turns":4},{"damage":7,"enemies":"Exordium Wildlife","floor":11,"turns":3},{"damage":0,"enemies":"downfall:FleeingMerchant","floor":12,"turns":4},{"damage":4,"enemies":"Exordium Thugs","floor":14,"turns":4},{"damage":0,"enemies":"2 Fungi Beasts","floor":15,"turns":1},{"damage":28,"enemies":"downfall:Silent","floor":16,"turns":7},{"damage":25,"enemies":"Chosen","floor":19,"turns":6},{"damage":36,"enemies":"downfall:Augmenter","floor":20,"turns":6},{"damage":18,"enemies":"Colosseum Nobs","floor":21,"turns":4},{"damage":3,"enemies":"Shell Parasite","floor":22,"turns":3},{"damage":3,"enemies":"Snake Plant","floor":26,"turns":2},{"damage":0,"enemies":"Centurion and Healer","floor":28,"turns":3},{"damage":3,"enemies":"Cultist and Chosen","floor":29,"turns":4},{"damage":14,"enemies":"Snake Plant","floor":30,"turns":3},{"damage":13,"enemies":"Snecko","floor":31,"turns":5},{"damage":8,"enemies":"Centurion and Healer","floor":32,"turns":5},{"damage":39,"enemies":"downfall:Watcher","floor":33,"turns":8},{"damage":7,"enemies":"Orb Walker","floor":36,"turns":4},{"damage":16,"enemies":"3 Darklings","floor":37,"turns":4},{"damage":32,"enemies":"Writhing Mass","floor":38,"turns":5},{"damage":51,"enemies":"Nemesis","floor":44,"turns":7},{"damage":3,"enemies":"Sphere and 2 Shapes","floor":46,"turns":4},{"damage":32,"enemies":"Transient","floor":47,"turns":5},{"damage":38,"enemies":"Maw","floor":48,"turns":7},{"damage":17,"enemies":"Sphere and 2 Shapes","floor":49,"turns":3}],"seed_played":"-7143796782568533440","potions_obtained":[{"floor":2,"key":"champ:CounterPotion"},{"floor":4,"key":"Elixir"},{"floor":11,"key":"DuplicationPotion"},{"floor":15,"key":"FearPotion"},{"floor":16,"key":"Adrenaline Potion"},{"floor":25,"key":"DistilledChaos"},{"floor":26,"key":"Strength Potion"},{"floor":28,"key":"Block Potion"},{"floor":29,"key":"AttackPotion"},{"floor":31,"key":"Elixir"},{"floor":32,"key":"Energy Potion"},{"floor":37,"key":"sneckomod:MuddlingPotion"},{"floor":38,"key":"Ancient Potion"},{"floor":39,"key":"FairyPotion"},{"floor":39,"key":"EssenceOfSteel"},{"floor":46,"key":"Milkshake"}],"is_trial":false,"path_per_floor":["R_BF","M","M","M","?","R","T","M","E","M","M","$","R","M","M","B",null,"R","M","?","?","M","R","T","?","M","R","M","M","M","M","M","B",null,"R","M","M","M","?","T","T","R","?","E","?","M","M","M","M"],"character_chosen":"GUARDIAN","items_purchased":["Guardian:TimeSifter","DollysMirror","Replay:Wax Seal"],"campfire_rested":1,"item_purchase_floors":[12,12,12],"current_hp_per_floor":[88,87,87,87,87,87,87,82,65,65,58,58,58,54,54,26,88,88,63,27,9,6,6,6,6,18,44,49,46,32,19,16,38,88,88,81,65,38,38,38,38,38,99,48,48,45,13,10,0,0,0],"gold":679,"neow_bonus":"TEN_PERCENT_HP_BONUS","is_daily":false,"chose_seed":false,"campfire_upgraded":6,"win_rate":0.0,"timestamp":1609022937,"path_taken":["R_BF","M","M","M","?","R","T","?","E","M","M","$","R","M","M","BOSS","R","M","?","?","M","R","T","?","M","R","M","M","?","M","M","BOSS","R","M","M","M","?","?","T","R","?","E","?","M","M","?","M"],"items_purchased_type":["Card","Relic","Relic"],"build_version":"2020-12-22","purchased_purges":0,"victory":false,"max_hp_per_floor":[88,88,88,88,88,88,88,88,88,88,88,88,88,88,88,88,88,88,88,88,88,88,88,88,88,88,88,88,88,88,88,88,88,88,88,88,88,88,88,88,88,88,99,99,99,99,99,99,99,99,99],"relic_stats":{"Lizard Tail":44,"Happy Flower":[23],"counters":[30,128],"Sundial":[0],"PreservedInsect":47,"obtain_stats":[{"Happy Flower":24,"Guardian:ModeShifter":0,"Vajra":9,"PreservedInsect":40,"Replay:Wanted Poster":17,"SlaversCollar":34,"Lizard Tail":21,"Matryoshka":21,"ReplayTheSpireMod:Shallot":7,"DollysMirror":12,"Sundial":39,"MutagenicStrength":20,"Garlic":41,"Bag of Marbles":44,"Replay:Wax Seal":12,"Toy Ornithopter":24},{"Happy Flower":15,"Guardian:ModeShifter":0,"Vajra":5,"PreservedInsect":25,"Replay:Wanted Poster":11,"SlaversCollar":22,"Lizard Tail":14,"Matryoshka":14,"ReplayTheSpireMod:Shallot":3,"DollysMirror":8,"Sundial":25,"MutagenicStrength":13,"Garlic":25,"Bag of Marbles":26,"Replay:Wax Seal":8,"Toy Ornithopter":15},{"Happy Flower":59,"Guardian:ModeShifter":0,"Vajra":17,"PreservedInsect":102,"Replay:Wanted Poster":40,"SlaversCollar":89,"Lizard Tail":56,"Matryoshka":56,"ReplayTheSpireMod:Shallot":9,"DollysMirror":28,"Sundial":102,"MutagenicStrength":52,"Garlic":102,"Bag of Marbles":109,"Replay:Wax Seal":28,"Toy Ornithopter":59}],"Toy Ornithopter":35},"card_choices":[{"not_picked":["Guardian:TemporalShield","Guardian:BronzeOrb"],"picked":"Guardian:ChargeUp","floor":2},{"not_picked":["Guardian:Gem_Cyan","Guardian:PrimingBeam"],"picked":"Guardian:WalkerClaw","floor":3},{"not_picked":["Guardian:VentSteam","Guardian:CrystalBeam"],"picked":"Guardian:Recover","floor":4},{"not_picked":["Guardian:VentSteam","Guardian:Suspension"],"picked":"Guardian:EvasiveProtocol","floor":8},{"not_picked":["Guardian:ShieldCharger","Guardian:VentSteam"],"picked":"Guardian:ChargeCore","floor":9},{"not_picked":["Guardian:Gem_Green","Guardian:Recover"],"picked":"Guardian:PiercingHide","floor":10},{"not_picked":["Guardian:ChargeCore","Guardian:ShieldSpikes"],"picked":"Guardian:Incinerate","floor":11},{"not_picked":["Guardian:Preprogram","Guardian:PolyBeam"],"picked":"Guardian:DonusPower","floor":12},{"not_picked":["Guardian:PrismaticBeam","Guardian:SphericShield"],"picked":"Guardian:Suspension","floor":14},{"not_picked":["Guardian:ArmoredProtocol","Guardian:GuardianWhirl"],"picked":"Guardian:FloatingOrbs","floor":15},{"not_picked":["Guardian:StasisField","Guardian:HyperBeam_Guardian"],"picked":"Guardian:Gem_Orange","floor":16},{"not_picked":["Guardian:Reroute","Guardian:Gem_Green"],"picked":"Guardian:DonusPower","floor":19},{"not_picked":[],"picked":"J.A.X.","floor":20},{"not_picked":["Guardian:CrystalBeam","Guardian:FloatingOrbs"],"picked":"Guardian:MultiBeam","floor":20},{"not_picked":["Guardian:Recover","Guardian:Gem_Lightblue"],"picked":"Guardian:Gem_Cyan","floor":21},{"not_picked":["Guardian:VentSteam","Guardian:WalkerClaw"],"picked":"Guardian:PiercingHide","floor":22},{"not_picked":["Guardian:TemporalShield","Guardian:TimeCapacitor"],"picked":"Guardian:Gem_Red","floor":26},{"not_picked":["Guardian:PrismaticBarrier+1","Guardian:Reroute"],"picked":"Guardian:ShieldCharger+1","floor":28},{"not_picked":["Guardian:TimeSifter","Guardian:GuardianWhirl+1"],"picked":"Guardian:Gem_Red","floor":29},{"not_picked":["Guardian:TemporalStrike","Guardian:Gem_Blue"],"picked":"Guardian:Gem_White","floor":30},{"not_picked":["Guardian:ShieldCharger","Guardian:VentSteam"],"picked":"Guardian:RollAttack","floor":31},{"not_picked":["Guardian:Incinerate","Guardian:RollAttack"],"picked":"Guardian:TimeBomb","floor":32},{"not_picked":["Guardian:BaubleBeam","Guardian:ConstructionForm"],"picked":"Guardian:RevengeProtocol","floor":33},{"not_picked":["Guardian:Recover+1","Guardian:Planning"],"picked":"Guardian:Gem_Red","floor":36},{"not_picked":["Guardian:DonusPower","Guardian:Gem_Blue"],"picked":"Guardian:TemporalStrike","floor":37},{"not_picked":["Guardian:FloatingOrbs","Guardian:PrimingBeam"],"picked":"Guardian:CrystalBeam","floor":38},{"not_picked":["Guardian:ChargeCore+1","Guardian:FloatingOrbs"],"picked":"Guardian:TimeCapacitor+1","floor":39},{"not_picked":["Guardian:Gem_Lightblue","Guardian:RollAttack+1"],"picked":"Guardian:ExploitGems","floor":39},{"not_picked":["Guardian:RefractedBeam","Guardian:VentSteam+1"],"picked":"Guardian:Gem_Cyan","floor":44},{"not_picked":["Guardian:PrismaticBeam+1","Guardian:Gem_Lightblue"],"picked":"Guardian:Suspension","floor":46},{"not_picked":["Guardian:TemporalShield+1","Guardian:CrystalBeam+1"],"picked":"Guardian:TemporalStrike+1","floor":47},{"not_picked":["Guardian:Planning","Guardian:Recover"],"picked":"Guardian:Gem_Red","floor":48}],"player_experience":28999,"relics_obtained":[{"floor":7,"key":"ReplayTheSpireMod:Shallot"},{"floor":9,"key":"Vajra"},{"floor":20,"key":"MutagenicStrength"},{"floor":21,"key":"Lizard Tail"},{"floor":21,"key":"Matryoshka"},{"floor":24,"key":"Toy Ornithopter"},{"floor":24,"key":"Happy Flower"},{"floor":39,"key":"Sundial"},{"floor":40,"key":"PreservedInsect"},{"floor":41,"key":"Garlic"},{"floor":44,"key":"Bag of Marbles"}],"event_choices":[{"damage_healed":0,"gold_gain":0,"player_choice":"Got Potions","damage_taken":0,"max_hp_gain":0,"max_hp_loss":0,"event_name":"Lab","floor":25,"gold_loss":0}],"is_beta":false,"boss_relics":[{"not_picked":["SacredBark","Kintsugi"],"picked":"Replay:Wanted Poster"},{"not_picked":["Calling Bell","Painkiller Herb"],"picked":"SlaversCollar"}],"items_purged_floors":[],"is_endless":false,"potions_floor_spawned":[2,4,11,15,16,26,28,29,31,32,37,38,46],"killed_by":"Sphere and 2 Shapes","ascension_level":0}}