{"host":"f5gffvlv6a66yqkd","time":1609021701,"event":{"mods":["2.2 Compatiblity","BaseMod","Colored Map","DeckTracker","Keyboard Shortcuts","Minty Spire (QoL Compilation)","Permanent Neow","Quick Restart","Relic Stats","StSLib","SuperFastMode"],"gold_per_floor":[111,111,76,1,11,11,31,31,58,58,72,99,65,93,93,93,93],"floor_reached":16,"playtime":259,"items_purged":["Strike_B"],"score":196,"play_id":"fe2d1b2e-7406-4ca2-93de-08e56119a8ec","local_time":"20201227072821","is_ascension_mode":true,"campfire_choices":[{"data":"Dualcast","floor":6,"key":"SMITH"},{"data":"Zap","floor":8,"key":"SMITH"},{"floor":10,"key":"REST"},{"floor":15,"key":"REST"}],"circlet_count":0,"master_deck":["AscendersBane","Strike_B+1","Strike_B","Defend_B","Defend_B","Defend_B","Zap+1","Dualcast+1","Amplify","Streamline+1","Ball Lightning","Conserve Battery","Hologram","Chill","White Noise","Loop","Go for the Eyes"],"relics":["Cracked Core","Pen Nib","The Courier","Odd Mushroom"],"acts_visited":["Exordium"],"potions_floor_usage":[],"damage_taken":[{"damage":9,"enemies":"Jaw Worm","floor":1,"turns":4},{"damage":0,"enemies":"2 Louse","floor":5,"turns":2},{"damage":7,"enemies":"Small Slimes","floor":7,"turns":2},{"damage":0,"enemies":"Exordium Wildlife","floor":11,"turns":1},{"damage":25,"enemies":"Lagavulin","floor":12,"turns":5},{"damage":11,"enemies":"The Mushroom Lair","floor":14,"turns":4},{"damage":26,"enemies":"The Guardian","floor":16,"turns":9}],"seed_played":"-1677287769610127687","potions_obtained":[{"floor":11,"key":"SmokeBomb"}],"is_trial":false,"path_per_floor":["M","?","?","$","M","R","M","R","T","R","M","E","$","?","R","B"],"character_chosen":"DEFECT","items_purchased":["Loop"],"campfire_rested":2,"item_purchase_floors":[13],"current_hp_per_floor":[37,16,33,33,33,33,26,26,26,47,47,22,22,11,32,6,6],"gold":93,"neow_bonus":"TRANSFORM_TWO_CARDS","is_daily":false,"chose_seed":false,"campfire_upgraded":2,"win_rate":0.0,"timestamp":1609021701,"path_taken":["M","?","?","$","M","R","M","R","T","R","M","E","?","?","R","BOSS"],"items_purchased_type":["Card"],"build_version":"2020-12-22","purchased_purges":1,"victory":false,"max_hp_per_floor":[71,71,71,71,71,71,71,71,71,71,71,71,71,71,71,71,71],"relic_stats":{"counters":[7,27],"Pen Nib":[2],"obtain_stats":[{"Pen Nib":9,"The Courier":12,"Odd Mushroom":14,"Cracked Core":0},{"Pen Nib":3,"The Courier":5,"Odd Mushroom":6,"Cracked Core":0},{"Pen Nib":8,"The Courier":14,"Odd Mushroom":18,"Cracked Core":0}]},"card_choices":[{"not_picked":["Blizzard","Fusion"],"picked":"Ball Lightning","floor":1},{"not_picked":["Hologram","Lockon"],"picked":"Conserve Battery","floor":5},{"not_picked":["Rebound","Streamline"],"picked":"Hologram","floor":7},{"not_picked":["Go for the Eyes","Hologram"],"picked":"Chill","floor":11},{"not_picked":["Ball Lightning","Chill"],"picked":"White Noise","floor":12},{"not_picked":["Fission","Rebound"],"picked":"Go for the Eyes","floor":14}],"player_experience":1490202,"relics_obtained":[{"floor":9,"key":"Pen Nib"},{"floor":12,"key":"The Courier"},{"floor":14,"key":"Odd Mushroom"}],"event_choices":[{"damage_healed":0,"gold_gain":0,"player_choice":"Entered Light","damage_taken":21,"max_hp_gain":0,"max_hp_loss":0,"event_name":"Shining Light","floor":2,"gold_loss":0,"cards_upgraded":["Streamline","Strike_B"]},{"damage_healed":17,"gold_gain":0,"player_choice":"Healed","damage_taken":0,"max_hp_gain":0,"max_hp_loss":0,"event_name":"The Cleric","floor":3,"gold_loss":35},{"damage_healed":0,"gold_gain":0,"player_choice":"Fought Mushrooms","damage_taken":0,"max_hp_gain":0,"max_hp_loss":0,"event_name":"Mushrooms","floor":14,"gold_loss":0}],"is_beta":false,"boss_relics":[],"items_purged_floors":[4],"is_endless":false,"potions_floor_spawned":[11],"killed_by":"The Guardian","ascension_level":20}}