{"host":"36ls4ricihodphgx","time":1609016373,"event":{"mods":["AchievementEnabler","BaseMod","Colored Map","Downfall","Hermit","HololiveMod","Marisa????????","Minty Spire (QoL Compilation)","Replay The Spire","Shop Mod","StSLib","SuperFastMode","The Animator","The Bug Knight","The Cursed","The Servant 0.9.4"],"gold_per_floor":[117,68,68,143,157,185,185,198,271,271,324,344,360,370,370,473,473,483,483,483,540,540,540,556,566,566,591,591,591,591,608,608,709,709,727,747,799,818,818,843,843,398,423,423,443,443,443,443],"floor_reached":47,"playtime":1095,"items_purged":["Sickly"],"score":498,"play_id":"a269adae-6e8d-4d4a-809c-bc219f907e11","local_time":"20201226135933","is_ascension_mode":false,"campfire_choices":[{"data":"Spot Weakness","floor":7,"key":"SMITH"},{"data":"Flex","floor":10,"key":"SMITH"},{"data":"Flex","floor":15,"key":"SMITH"},{"data":"Demon Form","floor":23,"key":"SMITH"},{"floor":28,"key":"REST"},{"data":"Bash","floor":30,"key":"SMITH"},{"floor":32,"key":"REST"},{"floor":41,"key":"REST"},{"floor":44,"key":"REST"}],"circlet_count":0,"master_deck":["Strike_R","Strike_R+1","Strike_R+1","Strike_R","Strike_R+1","Defend_R+1","Defend_R","Defend_R","Defend_R","Bash+1","Flex+1","Flex+1","Shrug It Off","Spot Weakness+1","Perfected Strike","Flex","Demon Form+1","Necronomicurse","Twin Strike+1","Armaments+1","Cleave","Slimebound:Icky","Heavy Blade","ReplayTheSpireMod:Limb From Limb+1","Replay:Hysterical Blindness"],"relics":["Burning Blood","NeowsBlessing","Replay:WaspNest","HollowMod:StagPassRelic","Replay:Baseball","Cursed Key","Necronomicon","Pen Nib","FaceOfCleric","Mirror","Golden Egg","SacredBark","Replay:Rubber Ducky","ReplayTheSpireMod:Lightbulb","Whetstone","PreservedInsect","Juzu Bracelet"],"acts_visited":["Exordium","TheCity","TheBeyond"],"potions_floor_usage":[13,16,16,24,27,33,35,36,40,40],"damage_taken":[{"damage":0,"enemies":"2 Louse","floor":1,"turns":1},{"damage":0,"enemies":"Jaw Worm","floor":5,"turns":1},{"damage":0,"enemies":"HollowMod:MossKnight","floor":6,"turns":1},{"damage":0,"enemies":"Cultist","floor":8,"turns":3},{"damage":7,"enemies":"3 Louse","floor":12,"turns":3},{"damage":18,"enemies":"Exordium Wildlife","floor":13,"turns":4},{"damage":1,"enemies":"2 Fungi Beasts","floor":14,"turns":3},{"damage":48,"enemies":"Fading Forest","floor":16,"turns":11},{"damage":22,"enemies":"2 Thieves","floor":18,"turns":3},{"damage":8,"enemies":"Shell Parasite","floor":24,"turns":2},{"damage":0,"enemies":"Centurion and Healer","floor":25,"turns":4},{"damage":40,"enemies":"Slavers","floor":27,"turns":4},{"damage":15,"enemies":"Snake Plant","floor":31,"turns":3},{"damage":76,"enemies":"Champ","floor":33,"turns":7},{"damage":14,"enemies":"3 Shapes","floor":35,"turns":3},{"damage":10,"enemies":"Orb Walker","floor":36,"turns":2},{"damage":22,"enemies":"Writhing Mass","floor":38,"turns":4},{"damage":37,"enemies":"HollowMod:StalkingDevout","floor":40,"turns":7},{"damage":76,"enemies":"Sphere and 2 Shapes","floor":45,"turns":4},{"damage":27,"enemies":"Spire Growth","floor":47,"turns":2}],"seed_played":"-8482787081837960091","potions_obtained":[{"floor":1,"key":"DistilledChaos"},{"floor":8,"key":"ColorlessPotion"},{"floor":12,"key":"AttackPotion"},{"floor":16,"key":"Swift Potion"},{"floor":18,"key":"SkillPotion"},{"floor":21,"key":"LiquidBronze"},{"floor":25,"key":"BloodPotion"},{"floor":31,"key":"sneckomod:MuddlingPotion"},{"floor":33,"key":"FearPotion"},{"floor":35,"key":"BlessingOfTheForge"},{"floor":36,"key":"Reflective Coating"},{"floor":40,"key":"Strength Potion"}],"is_trial":false,"path_per_floor":["M","$","?","?","M","E","R","M","T","R","T","M","M","M","R","B",null,"M","$","?","?","?","R","M","M","T","E","R","?","R","M","R","B",null,"M","M","T","M","?","E","R","$","T","R","M","?","M"],"character_chosen":"IRONCLAD","items_purchased":["Flex","Whetstone","PreservedInsect","ReplayTheSpireMod:Limb From Limb"],"campfire_rested":4,"item_purchase_floors":[2,42,42,42],"current_hp_per_floor":[80,80,64,53,59,65,65,71,71,71,71,70,58,63,63,47,80,64,64,48,48,48,48,47,54,54,37,61,61,61,53,78,9,85,78,75,75,60,60,30,56,56,56,82,13,13,0,0],"gold":443,"neow_bonus":"THREE_ENEMY_KILL","is_daily":false,"chose_seed":false,"campfire_upgraded":5,"win_rate":0.0,"timestamp":1609016373,"path_taken":["M","$","?","?","M","E","R","M","T","R","?","?","M","M","R","BOSS","M","$","?","?","?","R","?","M","T","E","R","?","R","M","R","BOSS","M","M","?","?","?","E","R","$","T","R","M","?","M"],"items_purchased_type":["Card","Relic","Relic","Card"],"build_version":"2020-12-22","purchased_purges":1,"victory":false,"max_hp_per_floor":[80,80,80,80,80,80,80,80,80,80,80,80,80,80,80,80,80,80,80,80,80,80,80,81,82,82,83,83,83,83,84,84,85,85,86,87,87,88,88,89,89,89,89,89,90,90,90,90],"card_choices":[{"not_picked":["ReplayTheSpireMod:Corrosion Curse","Anger"],"picked":"Flex","floor":1},{"not_picked":["Rage","True Grit"],"picked":"Shrug It Off","floor":5},{"not_picked":["Burning Pact","Abandon"],"picked":"Spot Weakness","floor":6},{"not_picked":["Shockwave","Feel No Pain","Run Through"],"picked":"SKIP","floor":8},{"not_picked":["Disarm","Thunderclap"],"picked":"Perfected Strike","floor":12},{"not_picked":["Dropkick","Bloodletting","Impervious"],"picked":"SKIP","floor":13},{"not_picked":["ReplayTheSpireMod:Stacked","Rupture"],"picked":"Flex","floor":14},{"not_picked":["Double Tap","Bludgeon"],"picked":"Demon Form","floor":16},{"not_picked":["Pommel Strike","Replay:Undeath\u0027s Touch+1","Flex"],"picked":"SKIP","floor":18},{"not_picked":["Shrug It Off","Warcry"],"picked":"Twin Strike+1","floor":21},{"not_picked":["Body Slam+1","Pommel Strike+1","Perfected Strike"],"picked":"SKIP","floor":24},{"not_picked":["Disarm","Power Through"],"picked":"Armaments+1","floor":25},{"not_picked":["Cleave","Brutality","Abandon"],"picked":"SKIP","floor":27},{"not_picked":["Armaments","Uppercut","Clothesline"],"picked":"SKIP","floor":31},{"not_picked":["Twin Strike+1","Thunderclap"],"picked":"Cleave","floor":35},{"not_picked":["Fire Breathing+1","Armaments","Anger+1"],"picked":"SKIP","floor":36},{"not_picked":["Headbutt","Clothesline","Replay:Undeath\u0027s Touch"],"picked":"SKIP","floor":38},{"not_picked":["Ghostly Armor+1","Shrug It Off+1"],"picked":"Heavy Blade","floor":40},{"not_picked":["Armaments+1","Headbutt+1","Carnage"],"picked":"SKIP","floor":45}],"player_experience":28037,"relics_obtained":[{"floor":6,"key":"Replay:WaspNest"},{"floor":9,"key":"HollowMod:StagPassRelic"},{"floor":11,"key":"Replay:Baseball"},{"floor":20,"key":"Necronomicon"},{"floor":21,"key":"Pen Nib"},{"floor":26,"key":"Mirror"},{"floor":27,"key":"Golden Egg"},{"floor":37,"key":"Replay:Rubber Ducky"},{"floor":40,"key":"ReplayTheSpireMod:Lightbulb"},{"floor":43,"key":"Juzu Bracelet"}],"event_choices":[{"damage_healed":0,"gold_gain":0,"player_choice":"Entered Light","damage_taken":16,"max_hp_gain":0,"max_hp_loss":0,"event_name":"Shining Light","floor":3,"gold_loss":0,"cards_upgraded":["Defend_R","Strike_R"]},{"damage_healed":0,"gold_gain":75,"player_choice":"Gather Gold","damage_taken":11,"max_hp_gain":0,"max_hp_loss":0,"event_name":"World of Goop","floor":4,"gold_loss":0},{"damage_healed":0,"gold_gain":0,"player_choice":"Obtained Book","damage_taken":16,"max_hp_gain":0,"max_hp_loss":0,"event_name":"Cursed Tome","floor":20,"gold_loss":0},{"damage_healed":0,"gold_gain":0,"player_choice":"Trade","damage_taken":0,"relics_obtained":["FaceOfCleric"],"max_hp_gain":0,"max_hp_loss":0,"event_name":"FaceTrader","floor":22,"gold_loss":0},{"cards_removed":["Amnesia"],"damage_healed":0,"gold_gain":0,"player_choice":"Purged","damage_taken":0,"max_hp_gain":0,"max_hp_loss":0,"event_name":"Purifier","floor":29,"gold_loss":0},{"damage_healed":0,"gold_gain":0,"player_choice":"Memory 1","damage_taken":0,"max_hp_gain":0,"max_hp_loss":0,"event_name":"SensoryStone","floor":39,"gold_loss":0}],"is_beta":false,"boss_relics":[{"not_picked":["Replay:Drink Me","Honey Jar"],"picked":"Cursed Key"},{"not_picked":["Ooze Armor","Runic Dome"],"picked":"SacredBark"}],"items_purged_floors":[42],"is_endless":false,"potions_floor_spawned":[1,8,12,16,18,25,31,33,35,36,40],"killed_by":"Spire Growth","ascension_level":0}}