{"host":"dhyczjm99amxd3qx","time":1609025430,"event":{"mods":["BaseMod","Colored Map","Googly Eyes","Highlight Path","Minty Spire (QoL Compilation)","Quick Restart","StSLib"],"gold_per_floor":[114,114,130,146,146,179,204,229,229,229,245,195,235,260,260,384,447,461,551,572,591,605,605,605],"floor_reached":23,"playtime":1621,"items_purged":[],"score":232,"play_id":"22f248fe-86f3-4dc1-85e3-cf13b5d2cd4c","local_time":"20201226183030","is_ascension_mode":false,"campfire_choices":[{"data":"Machine Learning","floor":10,"key":"SMITH"},{"data":"Fusion","floor":15,"key":"SMITH"}],"circlet_count":0,"master_deck":["Strike_B","Strike_B","Strike_B","Strike_B","Defend_B","Defend_B","Defend_B","Defend_B","Zap","Dualcast","Conserve Battery","Injury","Ball Lightning","Cold Snap","Machine Learning+1","Fusion+1","Ball Lightning+1","Amplify","Reinforced Body","Rainbow","Aggregate","Self Repair+1","Tempest","Heatsinks+1","Conserve Battery+1"],"relics":["Cracked Core","Golden Idol","TungstenRod","Strawberry","Eternal Feather","Meat on the Bone","Tiny House"],"acts_visited":["Exordium","TheCity"],"potions_floor_usage":[6,13,14,16,21,22],"damage_taken":[{"damage":6,"enemies":"2 Louse","floor":1,"turns":3},{"damage":0,"enemies":"Small Slimes","floor":3,"turns":3},{"damage":1,"enemies":"Cultist","floor":4,"turns":3},{"damage":11,"enemies":"3 Sentries","floor":6,"turns":6},{"damage":11,"enemies":"2 Fungi Beasts","floor":7,"turns":3},{"damage":5,"enemies":"3 Louse","floor":8,"turns":4},{"damage":9,"enemies":"Red Slaver","floor":11,"turns":4},{"damage":21,"enemies":"Gremlin Nob","floor":13,"turns":4},{"damage":2,"enemies":"2 Fungi Beasts","floor":14,"turns":3},{"damage":42,"enemies":"Hexaghost","floor":16,"turns":12},{"damage":2,"enemies":"Chosen","floor":18,"turns":5},{"damage":24,"enemies":"3 Byrds","floor":20,"turns":6},{"damage":44,"enemies":"Shelled Parasite and Fungi","floor":21,"turns":9},{"damage":16,"enemies":"Centurion and Healer","floor":22,"turns":8},{"damage":57,"enemies":"Slavers","floor":23,"turns":4}],"seed_played":"2252595400505697329","potions_obtained":[{"floor":3,"key":"Explosive Potion"},{"floor":6,"key":"Fire Potion"},{"floor":8,"key":"SteroidPotion"},{"floor":13,"key":"Explosive Potion"},{"floor":17,"key":"FocusPotion"},{"floor":20,"key":"SpeedPotion"},{"floor":21,"key":"Strength Potion"}],"is_trial":false,"path_per_floor":["M","?","M","M","?","E","M","M","T","R","M","?","E","M","R","B",null,"M","?","M","M","M","E"],"character_chosen":"DEFECT","items_purchased":[],"campfire_rested":0,"item_purchase_floors":[],"current_hp_per_floor":[76,76,76,75,75,71,60,55,55,64,55,55,34,44,53,23,94,92,82,68,46,52,0,0],"gold":605,"neow_bonus":"TEN_PERCENT_HP_BONUS","is_daily":false,"chose_seed":false,"campfire_upgraded":2,"win_rate":0.0,"timestamp":1609025430,"path_taken":["M","?","M","M","?","E","M","M","T","R","M","?","E","M","R","BOSS","M","?","?","M","M","E"],"items_purchased_type":[],"build_version":"2020-12-22","purchased_purges":0,"victory":false,"max_hp_per_floor":[82,82,82,82,82,89,89,89,89,89,89,89,89,89,89,89,94,94,94,94,94,94,94,94],"card_choices":[{"not_picked":["Stack","Gash"],"picked":"Conserve Battery","floor":1},{"not_picked":["Go for the Eyes","Lockon"],"picked":"Ball Lightning","floor":3},{"not_picked":["Static Discharge","Blizzard"],"picked":"Cold Snap","floor":4},{"not_picked":["Chaos","Tempest"],"picked":"Machine Learning","floor":6},{"not_picked":["Reinforced Body","Streamline"],"picked":"Fusion","floor":7},{"not_picked":["Barrage","Stack","Beam Cell"],"picked":"SKIP","floor":8},{"not_picked":["Sunder","Streamline"],"picked":"Ball Lightning","floor":11},{"not_picked":["Fusion","Redo"],"picked":"Amplify","floor":13},{"not_picked":["Conserve Battery","Steam"],"picked":"Reinforced Body","floor":14},{"not_picked":["Reboot","Thunder Strike"],"picked":"Rainbow","floor":16},{"not_picked":["Static Discharge","Steam"],"picked":"Aggregate","floor":17},{"not_picked":["Loop","Stack"],"picked":"Self Repair+1","floor":18},{"not_picked":["Chill","Glacier"],"picked":"Tempest","floor":20},{"not_picked":["Streamline","Force Field"],"picked":"Heatsinks+1","floor":21},{"not_picked":["Steam","Sweeping Beam"],"picked":"Conserve Battery+1","floor":22}],"player_experience":68274,"relics_obtained":[{"floor":6,"key":"Strawberry"},{"floor":9,"key":"Eternal Feather"},{"floor":13,"key":"Meat on the Bone"}],"event_choices":[{"damage_healed":0,"gold_gain":0,"player_choice":"Take Wound","damage_taken":0,"relics_obtained":["Golden Idol"],"max_hp_gain":0,"max_hp_loss":0,"event_name":"Golden Idol","floor":2,"gold_loss":0,"cards_obtained":["Injury"]},{"damage_healed":0,"gold_gain":0,"player_choice":"Box","damage_taken":0,"relics_obtained":["TungstenRod"],"max_hp_gain":0,"max_hp_loss":0,"event_name":"Big Fish","floor":5,"gold_loss":0,"cards_obtained":["Regret"]},{"cards_removed":["Regret"],"damage_healed":0,"gold_gain":0,"player_choice":"Card Removal","damage_taken":0,"max_hp_gain":0,"max_hp_loss":0,"event_name":"The Cleric","floor":12,"gold_loss":50},{"damage_healed":0,"gold_gain":90,"player_choice":"GOLD ","damage_taken":12,"max_hp_gain":0,"max_hp_loss":0,"event_name":"Knowing Skull","floor":19,"potions_obtained":[],"gold_loss":0,"cards_obtained":[]}],"is_beta":false,"boss_relics":[{"not_picked":["Cursed Key","FrozenCore"],"picked":"Tiny House"}],"items_purged_floors":[],"is_endless":false,"potions_floor_spawned":[3,6,8,13,20,21],"killed_by":"Slavers","ascension_level":0}}