{"host":"8k8yej65nd5c5wcn","time":1609016748,"event":{"mods":["BaseMod","Colored Map","Colored Powertips","Curses Come First","Downfall","Googly Eyes","Highlight Path","Hubris","Minty Spire (QoL Compilation)","Rare Cards Sparkle","Replay The Spire","StSLib"],"gold_per_floor":[212,229,44,62,73,73,101,112,112,112,123,123,155,125,125,225,225,213,9,26,26,40,75,75,75,75],"floor_reached":25,"playtime":2559,"items_purged":[],"score":311,"play_id":"fce21668-4551-45cf-aea0-df287efc5ac1","local_time":"20201226210548","is_ascension_mode":true,"campfire_choices":[{"data":"Perfected Strike","floor":6,"key":"SMITH"},{"floor":10,"key":"RECALL"},{"floor":15,"key":"REST"},{"floor":24,"key":"REST"}],"circlet_count":0,"master_deck":["Strike_R","Strike_R+1","Strike_R","Strike_R","Strike_R","Defend_R","Defend_R","Defend_R","Defend_R","Bash","Pommel Strike","Heavy Blade","Flex","Pommel Strike+1","Pommel Strike","Replay:BasicMightCard","Perfected Strike+1","Shrug It Off","hubris:ReadiedAction","Shrug It Off","Clothesline","Demon Form","Headbutt","Cleave","Iron Wave","Perfected Strike+1","Rage","Searing Blow"],"relics":["Burning Blood","Gremlin Food","Lizard Tail","hubris:HollowSoul","Strange Spoon","hubris:TinFlute"],"acts_visited":["Exordium","TheCity"],"potions_floor_usage":[7,7,13,16,16,18,23,25],"damage_taken":[{"damage":8,"enemies":"Jaw Worm","floor":1,"turns":4},{"damage":8,"enemies":"2 Louse","floor":2,"turns":3},{"damage":0,"enemies":"Cultist","floor":4,"turns":2},{"damage":11,"enemies":"3 Louse","floor":5,"turns":4},{"damage":12,"enemies":"3 Sentries","floor":7,"turns":6},{"damage":25,"enemies":"Lots of Slimes","floor":8,"turns":4},{"damage":8,"enemies":"2 Fungi Beasts","floor":11,"turns":3},{"damage":10,"enemies":"Replay:BlueRogue","floor":13,"turns":3},{"damage":0,"enemies":"Slime Boss","floor":16,"turns":3},{"damage":18,"enemies":"2 Thieves","floor":18,"turns":4},{"damage":38,"enemies":"Chosen","floor":20,"turns":6},{"damage":47,"enemies":"3 Cultists","floor":22,"turns":7},{"damage":26,"enemies":"Replay:Snechameleon","floor":23,"turns":9},{"damage":16,"enemies":"Slavers","floor":25,"turns":1}],"seed_played":"-8727908264415001760","potions_obtained":[{"floor":2,"key":"Block Potion"},{"floor":4,"key":"ColorlessPotion"},{"floor":11,"key":"champ:CounterPotion"},{"floor":13,"key":"LiquidMemories"},{"floor":14,"key":"Reflective Coating"},{"floor":14,"key":"CultistPotion"},{"floor":16,"key":"Venom Potion"},{"floor":20,"key":"Doom Potion"}],"is_trial":false,"path_per_floor":["M","M","$","M","M","R","E","M","T","R","M","?","E","?","R","B",null,"M","$","M","?","M","E","R","E"],"character_chosen":"IRONCLAD","items_purchased":["Flex","Pommel Strike","Replay:BasicMightCard","Strange Spoon","Cleave"],"campfire_rested":2,"item_purchase_floors":[3,3,3,19,19],"current_hp_per_floor":[78,76,76,80,75,75,69,50,50,50,48,48,44,44,68,74,80,68,68,36,36,46,26,50,0,0],"gold":75,"neow_bonus":"HUNDRED_GOLD","is_daily":false,"chose_seed":false,"campfire_upgraded":1,"win_rate":0.0,"timestamp":1609016748,"path_taken":["M","M","$","M","M","R","E","M","T","R","M","?","E","?","R","BOSS","M","?","?","?","?","E","R","E"],"items_purchased_type":["Card","Card","Card","Relic","Card"],"build_version":"2020-12-22","purchased_purges":0,"victory":false,"max_hp_per_floor":[80,80,80,80,80,80,80,80,80,80,80,80,80,80,80,80,80,80,80,80,80,80,80,80,80,80],"card_choices":[{"not_picked":["Massacre","Anger"],"picked":"Pommel Strike","floor":1},{"not_picked":["Pommel Strike","Uppercut"],"picked":"Heavy Blade","floor":2},{"not_picked":["Ghostly Armor","Defy Death","Pommel Strike"],"picked":"SKIP","floor":4},{"not_picked":["Heavy Blade","Twin Strike"],"picked":"Perfected Strike","floor":5},{"not_picked":["Run Through","Life Link"],"picked":"Shrug It Off","floor":7},{"not_picked":["Pommel Strike","ReplayTheSpireMod:Strike From Hell"],"picked":"hubris:ReadiedAction","floor":8},{"not_picked":["Sever Soul","Exhume"],"picked":"Shrug It Off","floor":11},{"not_picked":["Feel No Pain","Battle Trance"],"picked":"Clothesline","floor":13},{"not_picked":["Feed","Limit Break"],"picked":"Demon Form","floor":16},{"not_picked":["Clothesline","Flex"],"picked":"Headbutt","floor":18},{"not_picked":["Intimidate","Replay:Undeath\u0027s Touch"],"picked":"Iron Wave","floor":20},{"not_picked":["Replay:Undeath\u0027s Touch","Clash"],"picked":"Rage","floor":22},{"not_picked":["Pommel Strike","Thunderclap+1"],"picked":"Searing Blow","floor":23}],"player_experience":188252,"relics_obtained":[{"floor":7,"key":"Gremlin Food"},{"floor":13,"key":"Lizard Tail"},{"floor":23,"key":"hubris:TinFlute"}],"event_choices":[{"damage_healed":0,"gold_gain":0,"player_choice":"Searched \u00270\u0027 times","damage_taken":0,"max_hp_gain":0,"max_hp_loss":0,"event_name":"Dead Adventurer","floor":12,"gold_loss":0},{"damage_healed":0,"gold_gain":0,"player_choice":"Bought 2 Potions","damage_taken":0,"max_hp_gain":0,"max_hp_loss":0,"event_name":"The Woman in Blue","floor":14,"gold_loss":0},{"damage_healed":0,"gold_gain":0,"player_choice":"Copied","damage_taken":0,"max_hp_gain":0,"max_hp_loss":0,"event_name":"Duplicator","floor":21,"gold_loss":0,"cards_obtained":["Perfected Strike"]}],"is_beta":false,"boss_relics":[{"not_picked":["hubris:BlackHole","Pandora\u0027s Box"],"picked":"hubris:HollowSoul"}],"items_purged_floors":[],"is_endless":false,"potions_floor_spawned":[2,4,11,13,16,20],"killed_by":"Slavers","ascension_level":2}}