{"host":"qrbkigq52dd42dk0","time":1609017396,"event":{"mods":["AchievementEnabler","BaseMod","Colored Map","Colored Powertips","Downfall","Minty Spire (QoL Compilation)","Quick Restart","StSLib","SuperFastMode"],"gold_per_floor":[99,114,2,22,22,22,47,147,182,200,210,236,11,11,29,134,134,134,144,162,174,4,4,4,24,52,52,87,101,101,101,111,216,216,216,235,235,245,8,58,108,119,54,54,71,105,105,40,59,59],"floor_reached":51,"playtime":3682,"items_purged":["Guardian:Strike_Guardian","Guardian:Strike_Guardian+1","Guardian:Defend_Guardian","Guardian:Defend_Guardian"],"score":877,"play_id":"f2f3ce77-1872-43bb-bfc5-421097c669ae","local_time":"20201226221636","is_ascension_mode":false,"campfire_choices":[{"floor":1.0,"key":"RECALL"},{"data":"Guardian:TwinSlam","floor":6.0,"key":"SMITH"},{"data":"Guardian:PrismaticBarrier","floor":13.0,"key":"SMITH"},{"data":"Guardian:TimeSifter","floor":18.0,"key":"SMITH"},{"data":"Guardian:EvasiveProtocol","floor":23.0,"key":"SMITH"},{"data":"Guardian:Recover","floor":27,"key":"SMITH"},{"data":"Guardian:SphericShield","floor":30,"key":"SMITH"},{"data":"Guardian:PiercingHide","floor":35,"key":"SMITH"},{"data":"Guardian:CurlUp","floor":44,"key":"SMITH"},{"data":"Guardian:ChargeUp","floor":47,"key":"SMITH"}],"circlet_count":0,"master_deck":["Guardian:Strike_Guardian","Guardian:Strike_Guardian","Guardian:Defend_Guardian","Guardian:Defend_Guardian+1","Guardian:CurlUp+1","Guardian:TwinSlam+1","Guardian:FastForward+1","Guardian:ChargeCore","Guardian:Recover+1","Guardian:PrismaticBarrier+1","Guardian:Gem_Orange","Guardian:TimeSifter+1","Guardian:EvasiveProtocol+1","Guardian:TemporalStrike+1","Guardian:PiercingHide+1","Guardian:ChargeUp+1","Guardian:SphericShield+1","Guardian:PiercingHide+1","Guardian:Repulse+1","Guardian:TemporalStrike+1","Guardian:CrystalBeam+1"],"relics":["Runic Pyramid","MealTicket","Orichalcum","downfall:HeartBlessingRed","downfall:HeartBlessingGreen","downfall:HeartBlessingBlue","Philosopher\u0027s Stone","Vajra","Molten Egg 2","Smiling Mask","Centennial Puzzle","SlaversCollar","Incense Burner","Ancient Tea Set","Nunchaku"],"acts_visited":["Exordium","TheCity","TheBeyond"],"potions_floor_usage":[28,39,39,39,48,48],"damage_taken":[{"damage":5.0,"enemies":"Small Slimes","floor":2.0,"turns":3.0},{"damage":0.0,"enemies":"downfall:FleeingMerchant","floor":3.0,"turns":4.0},{"damage":0.0,"enemies":"2 Louse","floor":4.0,"turns":3.0},{"damage":34.0,"enemies":"3 Sentries","floor":9.0,"turns":13.0},{"damage":11.0,"enemies":"Cultist","floor":10.0,"turns":4.0},{"damage":3.0,"enemies":"Blue Slaver","floor":11.0,"turns":3.0},{"damage":4.0,"enemies":"Lagavulin","floor":12.0,"turns":5.0},{"damage":0.0,"enemies":"2 Fungi Beasts","floor":15.0,"turns":3.0},{"damage":0.0,"enemies":"downfall:Silent","floor":16.0,"turns":12.0},{"damage":0.0,"enemies":"Spheric Guardian","floor":19.0,"turns":5.0},{"damage":0.0,"enemies":"3 Byrds","floor":20.0,"turns":3.0},{"damage":7.0,"enemies":"Snake Plant","floor":21.0,"turns":4.0},{"damage":0.0,"enemies":"downfall:FleeingMerchant","floor":22.0,"turns":4.0},{"damage":4.0,"enemies":"Cultist and Chosen","floor":25.0,"turns":6.0},{"damage":14,"enemies":"Gremlin Leader","floor":26,"turns":9},{"damage":17,"enemies":"Slavers","floor":28,"turns":6},{"damage":0,"enemies":"Centurion and Healer","floor":29,"turns":6},{"damage":0,"enemies":"Snake Plant","floor":32,"turns":5},{"damage":0,"enemies":"downfall:Defect","floor":33,"turns":13},{"damage":0,"enemies":"3 Shapes","floor":36,"turns":6},{"damage":8,"enemies":"3 Darklings","floor":38,"turns":5},{"damage":0,"enemies":"downfall:FleeingMerchant","floor":39,"turns":4},{"damage":7,"enemies":"Mind Bloom Boss Battle","floor":40,"turns":10},{"damage":0,"enemies":"Spire Growth","floor":42,"turns":9},{"damage":0,"enemies":"downfall:FleeingMerchant","floor":43,"turns":4},{"damage":3,"enemies":"Writhing Mass","floor":45,"turns":8},{"damage":57,"enemies":"Giant Head","floor":46,"turns":16},{"damage":0,"enemies":"downfall:FleeingMerchant","floor":48,"turns":4},{"damage":0,"enemies":"Transient","floor":49,"turns":5},{"damage":0,"enemies":"downfall:Watcher","floor":50,"turns":10}],"seed_played":"-7213852944331069147","potions_obtained":[{"floor":10.0,"key":"champ:CounterPotion"},{"floor":11.0,"key":"Fire Potion"},{"floor":15.0,"key":"Guardian:BlockOnCardUsePotion"},{"floor":16.0,"key":"sneckomod:MuddlingPotion"},{"floor":19.0,"key":"LiquidBronze"},{"floor":25.0,"key":"SteroidPotion"},{"floor":33,"key":"SteroidPotion"},{"floor":40,"key":"Strength Potion"},{"floor":45,"key":"BlessingOfTheForge"},{"floor":49,"key":"DuplicationPotion"}],"is_trial":false,"path_per_floor":["R","M","$","M","?","R","T","?","E","M","M","E","R","?","M","B",null,"R","M","M","M","$","R","T","M","E","R","E","M","R","?","M","B",null,"R","M","?","M","$","?","T","M","$","R","M","E","R","?","M","B",null],"character_chosen":"GUARDIAN","items_purchased":["Guardian:ChargeCore","Vajra","Guardian:Gem_Crimson","BlessingOfTheForge","SteroidPotion"],"campfire_rested":0,"item_purchase_floors":[3,22,39,39,39],"current_hp_per_floor":[80,75,75,75,75,75,75,75,41,30,27,23,33,33,33,33,90,90,90,90,83,90,90,90,86,72,72,55,55,55,85,85,85,90,90,90,90,82,90,83,83,83,90,90,87,30,30,30,30,30],"gold":59,"neow_bonus":"BOSS_RELIC","is_daily":false,"chose_seed":false,"campfire_upgraded":9,"win_rate":0.0,"timestamp":1609017396,"path_taken":["R","M","$","M","?","R","T","?","E","?","M","E","R","?","M","BOSS","R","M","M","M","$","R","T","M","E","R","E","M","R","?","M","BOSS","R","M","?","M","$","?","T","M","$","R","M","E","R","?","M","BOSS"],"items_purchased_type":["Card","Relic","Card","Potion","Potion"],"build_version":"2020-12-22","purchased_purges":4,"victory":true,"max_hp_per_floor":[80,80,80,80,80,80,80,80,80,80,80,80,90,90,90,90,90,90,90,90,90,90,90,90,90,90,90,90,90,90,90,90,90,90,90,90,90,90,90,90,90,90,90,90,90,90,90,90,90,90],"card_choices":[{"not_picked":["Guardian:WalkerClaw","Guardian:TemporalShield"],"picked":"Guardian:Gem_Green","floor":2.0},{"not_picked":["Guardian:TemporalShield","Guardian:Recover"],"picked":"Guardian:FastForward","floor":3.0},{"not_picked":["Guardian:VentSteam","Guardian:Gem_Purple"],"picked":"Guardian:Gem_Green","floor":4.0},{"not_picked":["Guardian:Recover","Guardian:VentSteam"],"picked":"Guardian:Gem_Blue","floor":9.0},{"not_picked":["Guardian:Harden","Guardian:BronzeOrb"],"picked":"Guardian:Recover","floor":10.0},{"not_picked":["Guardian:Gem_Red","Guardian:Emergency"],"picked":"Guardian:Gem_Green","floor":11.0},{"not_picked":["Guardian:RollAttack","Guardian:Gem_Lightblue"],"picked":"Guardian:PrismaticBarrier","floor":12.0},{"not_picked":["Guardian:SentryBeam","Guardian:Orbwalk"],"picked":"Guardian:Gem_Orange","floor":15.0},{"not_picked":["Guardian:AncientConstruct","Guardian:FierceBash"],"picked":"Guardian:TimeSifter","floor":16.0},{"not_picked":["Guardian:ArmoredProtocol","Guardian:TemporalStrike+1"],"picked":"Guardian:EvasiveProtocol","floor":19.0},{"not_picked":["Guardian:ShieldSpikes","Guardian:FloatingOrbs","Guardian:RefractedBeam"],"picked":"SKIP","floor":20.0},{"not_picked":["Guardian:Gem_Blue","Guardian:Incinerate"],"picked":"Guardian:Gem_Purple","floor":21.0},{"not_picked":["Guardian:VentSteam","Guardian:Reroute"],"picked":"Guardian:TemporalStrike+1","floor":22.0},{"not_picked":["Guardian:Gem_Red","Guardian:Gem_Green"],"picked":"Guardian:PiercingHide+1","floor":25.0},{"not_picked":["Guardian:ShieldCharger","Guardian:Recover"],"picked":"Guardian:Gem_Green","floor":26},{"not_picked":["Guardian:RollAttack+1","Guardian:ShieldSpikes"],"picked":"Guardian:ChargeUp","floor":28},{"not_picked":["Guardian:CrystalBeam+1","Guardian:WalkerClaw+1"],"picked":"Guardian:SphericShield","floor":29},{"not_picked":["Guardian:RefractedBeam+1","Guardian:ChargeCore+1"],"picked":"Guardian:PiercingHide","floor":32},{"not_picked":["Guardian:StasisField","Guardian:FastForward"],"picked":"Guardian:Gem_Orange","floor":33},{"not_picked":["Guardian:Gem_Lightblue","Guardian:ShieldCharger"],"picked":"Guardian:Gem_Red","floor":36},{"not_picked":["Guardian:Recover","Guardian:Preprogram+1","Guardian:RollAttack+1"],"picked":"SKIP","floor":38},{"not_picked":["Guardian:TemporalStrike+1","Guardian:Gem_Red"],"picked":"Guardian:Gem_Green","floor":39},{"not_picked":["Guardian:Gem_Red","Guardian:Harden+1"],"picked":"Guardian:Repulse+1","floor":42},{"not_picked":["Guardian:TimeSifter","Guardian:TimeBomb+1","Guardian:Gem_Lightblue"],"picked":"SKIP","floor":43},{"not_picked":["Guardian:ChargeCore+1","Guardian:RefractedBeam+1"],"picked":"Guardian:TemporalStrike+1","floor":45},{"not_picked":["Guardian:ChargeCore+1","Guardian:BronzeArmor","Guardian:RollAttack+1"],"picked":"SKIP","floor":46},{"not_picked":["Guardian:Recover","Guardian:Gem_Lightblue","Guardian:Reroute+1"],"picked":"SKIP","floor":48},{"not_picked":["Guardian:Gem_Blue","Guardian:Recover+1"],"picked":"Guardian:CrystalBeam+1","floor":49}],"player_experience":73365,"relics_obtained":[{"floor":9.0,"key":"MealTicket"},{"floor":12.0,"key":"Orichalcum"},{"floor":24.0,"key":"Molten Egg 2"},{"floor":26,"key":"Smiling Mask"},{"floor":28,"key":"Centennial Puzzle"},{"floor":40,"key":"Incense Burner"},{"floor":41,"key":"Ancient Tea Set"},{"floor":46,"key":"Nunchaku"}],"event_choices":[{"cards_removed":["Regret"],"damage_healed":0.0,"max_hp_gain":0.0,"max_hp_loss":0.0,"gold_gain":0.0,"event_name":"The Cleric","player_choice":"Card Removal","floor":14.0,"gold_loss":0.0,"damage_taken":0.0},{"damage_healed":30,"gold_gain":0,"player_choice":"Heal","damage_taken":0,"max_hp_gain":0,"max_hp_loss":0,"event_name":"The Library","floor":31,"gold_loss":0}],"is_beta":false,"boss_relics":[{"not_picked":["Runic Dome","Snecko Eye"],"picked":"Philosopher\u0027s Stone"},{"not_picked":["Fusion Hammer","Velvet Choker"],"picked":"SlaversCollar"}],"items_purged_floors":[3,39,43,48],"is_endless":false,"potions_floor_spawned":[10,11,15,16,19,20,25,33,38,40,45,46,49],"ascension_level":0}}