{"host":"Brown Brick","time":1609006031,"event":{"mods":["BaseMod","Melee Mod","Minty Spire (QoL Compilation)","Rare Cards Sparkle","Relic Stats","Robot Space Explorer","StSLib","The Marked","Unceasing Turn Reminder","everything is the same but u backflip on backflip"],"gold_per_floor":[218,238,238,238,261,274,274,313,313,333,333,2,43,59,59,180,180,204,225,7,7,28,28,28,28,79,110,110,110,135,135,135,260,260,278,77,98,0,0,0,20,34,34,69,93,93,3,24,24,24,24],"floor_reached":50,"playtime":3272,"items_purged":["theMarked:Strike"],"score":552,"play_id":"de6731fc-bfac-46c6-b0d6-13f585d8b946","local_time":"20201226190711","is_ascension_mode":false,"campfire_choices":[{"data":"theMarked:BanishingStrike","floor":7,"key":"SMITH"},{"data":"theMarked:Seal","floor":11,"key":"SMITH"},{"data":"theMarked:BanishingWave","floor":15,"key":"SMITH"},{"data":"theMarked:HeritageOfTheMarked","floor":23,"key":"SMITH"},{"floor":29,"key":"RECALL"},{"data":"theMarked:SoldierOfQuellstein","floor":32,"key":"SMITH"},{"data":"theMarked:WardOff","floor":40,"key":"SMITH"},{"data":"theMarked:BanishingStrike","floor":46,"key":"SMITH"},{"floor":49,"key":"REST"}],"circlet_count":0,"master_deck":["theMarked:Strike","theMarked:Strike","theMarked:Strike","theMarked:Strike","theMarked:Defend","theMarked:Defend","theMarked:Defend+1","theMarked:Defend","theMarked:SoldierOfQuellstein+1","theMarked:BanishingStrike+1","theMarked:Frustration","theMarked:EmpowerWeapon","theMarked:BanishingStrike+1","theMarked:Seal+1","theMarked:TwofoldDefense","theMarked:BanishingWave+1","theMarked:WardOff+1","theMarked:BanishingStrike","theMarked:SuspiciousRaven","theMarked:WardOff+1","theMarked:Panic+1","theMarked:HeritageOfTheMarked+1","Writhe","theMarked:TwofoldDefense+1","theMarked:EnhancedHearing+1","theMarked:HeightenedSenses","theMarked:HeritageOfTheMarked+1","theMarked:WardOff+1","theMarked:HeightenedSenses+1","Dramatic Entrance","theMarked:Indomitable+1"],"relics":["theMarked:ArtifactOfAir","HornCleat","Golden Idol","Regal Pillow","White Beast Statue","StrikeDummy","Bag of Marbles","SlaversCollar","War Paint","Nunchaku","Enchiridion","Sozu","PreservedInsect","Red Mask","Oddly Smooth Stone","Boot"],"acts_visited":["Exordium","TheCity","TheBeyond"],"potions_floor_usage":[22,33,45],"damage_taken":[{"damage":1,"enemies":"Cultist","floor":1,"turns":3},{"damage":0,"enemies":"Small Slimes","floor":2,"turns":3},{"damage":1,"enemies":"Jaw Worm","floor":5,"turns":2},{"damage":1,"enemies":"2 Fungi Beasts","floor":6,"turns":3},{"damage":13,"enemies":"Lagavulin","floor":8,"turns":4},{"damage":2,"enemies":"3 Louse","floor":10,"turns":4},{"damage":0,"enemies":"Gremlin Nob","floor":13,"turns":3},{"damage":0,"enemies":"Gremlin Gang","floor":14,"turns":3},{"damage":8,"enemies":"Hexaghost","floor":16,"turns":7},{"damage":10,"enemies":"2 Thieves","floor":18,"turns":2},{"damage":4,"enemies":"Spheric Guardian","floor":19,"turns":4},{"damage":0,"enemies":"Snake Plant","floor":22,"turns":3},{"damage":0,"enemies":"Gremlin Leader","floor":27,"turns":3},{"damage":0,"enemies":"3 Cultists","floor":30,"turns":3},{"damage":44,"enemies":"Automaton","floor":33,"turns":9},{"damage":0,"enemies":"Orb Walker","floor":35,"turns":1},{"damage":0,"enemies":"3 Darklings","floor":37,"turns":2},{"damage":0,"enemies":"Writhing Mass","floor":41,"turns":4},{"damage":0,"enemies":"Jaw Worm Horde","floor":42,"turns":1},{"damage":6,"enemies":"Reptomancer","floor":44,"turns":4},{"damage":14,"enemies":"Transient","floor":45,"turns":5},{"damage":1,"enemies":"Spire Growth","floor":48,"turns":4},{"damage":79,"enemies":"Awakened One","floor":50,"turns":9}],"seed_played":"5759313351675041070","potions_obtained":[{"floor":2,"key":"Strength Potion"},{"floor":6,"key":"Fire Potion"},{"floor":10,"key":"LiquidMemories"},{"floor":14,"key":"Regen Potion"},{"floor":22,"key":"BlessingOfTheForge"},{"floor":33,"key":"Ancient Potion"}],"is_trial":false,"path_per_floor":["M","M","T","?","M","M","R","E","T","M","R","$","E","M","R","B",null,"M","M","$","?","M","R","?","?","T","E","?","R","M","?","R","B",null,"M","$","M","?","$","R","M","M","T","E","M","R","$","M","R","B"],"character_chosen":"THE_DEFAULT","items_purchased":["theMarked:BanishingWave","StrikeDummy","War Paint","theMarked:HeightenedSenses","PreservedInsect","Dramatic Entrance"],"campfire_rested":1,"item_purchase_floors":[12,12,20,36,36,47],"current_hp_per_floor":[69,69,69,52,51,50,50,37,37,35,35,35,35,35,35,27,70,60,56,56,56,65,65,65,65,65,65,49,49,49,49,49,5,70,70,70,70,70,70,70,70,70,70,64,50,50,50,49,70,0,0],"gold":24,"neow_bonus":"HUNDRED_GOLD","is_daily":false,"chose_seed":false,"campfire_upgraded":7,"win_rate":0.0,"timestamp":1609006031,"path_taken":["M","M","?","?","M","M","R","E","T","M","R","$","E","M","R","BOSS","M","M","$","?","M","R","?","?","T","E","?","R","M","?","R","BOSS","M","$","?","?","?","R","M","?","T","E","M","R","$","M","R","BOSS"],"items_purchased_type":["Card","Relic","Relic","Card","Relic","Card"],"build_version":"2020-12-18","purchased_purges":1,"victory":false,"max_hp_per_floor":[70,70,70,70,70,70,70,70,70,70,70,70,70,70,70,70,70,70,70,70,70,70,70,70,70,70,70,70,70,70,70,70,70,70,70,70,70,70,70,70,70,70,70,70,70,70,70,70,70,70,70],"relic_stats":{"Sozu":5,"Regal Pillow":0,"Nunchaku":[7],"counters":[23,85],"Golden Idol":135,"PreservedInsect":57,"War Paint":["theMarked:WardOff","theMarked:Defend"],"Boot":[0],"obtain_stats":[{"Regal Pillow":8,"Golden Idol":4,"Enchiridion":28,"Oddly Smooth Stone":43,"PreservedInsect":36,"War Paint":20,"Boot":44,"White Beast Statue":9,"Sozu":34,"theMarked:ArtifactOfAir":0,"SlaversCollar":17,"Nunchaku":24,"HornCleat":3,"Bag of Marbles":13,"Red Mask":38,"StrikeDummy":12},{"Regal Pillow":5,"Golden Idol":2,"Enchiridion":13,"Oddly Smooth Stone":19,"PreservedInsect":16,"War Paint":11,"Boot":20,"White Beast Statue":5,"Sozu":15,"theMarked:ArtifactOfAir":0,"SlaversCollar":9,"Nunchaku":12,"HornCleat":2,"Bag of Marbles":7,"Red Mask":17,"StrikeDummy":6},{"Regal Pillow":15,"Golden Idol":6,"Enchiridion":44,"Oddly Smooth Stone":64,"PreservedInsect":57,"War Paint":38,"Boot":68,"White Beast Statue":15,"Sozu":56,"theMarked:ArtifactOfAir":0,"SlaversCollar":32,"Nunchaku":41,"HornCleat":6,"Bag of Marbles":22,"Red Mask":59,"StrikeDummy":19}]},"card_choices":[{"not_picked":["theMarked:Electrocute","theMarked:ResourceFulStrike"],"picked":"theMarked:BanishingStrike","floor":1},{"not_picked":["theMarked:Convert","theMarked:WastefulAttack"],"picked":"theMarked:Frustration","floor":2},{"not_picked":["theMarked:Static","theMarked:WastefulDefense"],"picked":"theMarked:EmpowerWeapon","floor":5},{"not_picked":["theMarked:ElectricStrings","theMarked:RepellingDischarge"],"picked":"theMarked:BanishingStrike","floor":6},{"not_picked":["theMarked:Levitate","theMarked:BanishingStrike"],"picked":"theMarked:Seal","floor":8},{"not_picked":["theMarked:EnhanceMovement","theMarked:PowerFlow"],"picked":"theMarked:TwofoldDefense","floor":10},{"not_picked":["theMarked:EmpowerWeapon","theMarked:ResourceFulStrike"],"picked":"theMarked:WardOff","floor":13},{"not_picked":["theMarked:TwofoldDefense","theMarked:RepellingDischarge"],"picked":"theMarked:BanishingStrike","floor":14},{"not_picked":["theMarked:MuscleMemory","theMarked:Levitate"],"picked":"theMarked:SuspiciousRaven","floor":16},{"not_picked":["theMarked:Improvise","theMarked:PowerFlow"],"picked":"theMarked:WardOff","floor":18},{"not_picked":["theMarked:TakeCover","theMarked:ContemptForTheProud+1"],"picked":"theMarked:Panic","floor":19},{"not_picked":["theMarked:Electrocute","theMarked:SelfDefenseTraining","theMarked:ResourceFulStrike+1"],"picked":"SKIP","floor":22},{"not_picked":["theMarked:MuscleMemory","theMarked:ChainLightning"],"picked":"theMarked:TwofoldDefense+1","floor":27},{"not_picked":["theMarked:WastefulAttack+1","theMarked:TakeCover","theMarked:WardOff"],"picked":"SKIP","floor":30},{"not_picked":["theMarked:Parkour","theMarked:PowerFlow"],"picked":"theMarked:EnhancedHearing+1","floor":35},{"not_picked":["theMarked:Improvise+1","theMarked:CreepingChasm"],"picked":"theMarked:HeritageOfTheMarked+1","floor":37},{"not_picked":["theMarked:WastefulDefense","theMarked:ParalyzingBlade+1"],"picked":"theMarked:WardOff+1","floor":41},{"not_picked":["theMarked:SelfDefenseTraining+1","theMarked:Static+1","theMarked:SwordAndMagic"],"picked":"SKIP","floor":42},{"not_picked":["theMarked:DispelDoubt","theMarked:Parkour","theMarked:Generate"],"picked":"SKIP","floor":44},{"not_picked":["theMarked:Opportunist+1","theMarked:Electrocute"],"picked":"theMarked:HeightenedSenses+1","floor":45},{"not_picked":["theMarked:ContemptForTheProud","theMarked:WastefulAttack+1"],"picked":"theMarked:Indomitable+1","floor":48}],"player_experience":642940,"relics_obtained":[{"floor":3,"key":"HornCleat"},{"floor":8,"key":"Regal Pillow"},{"floor":9,"key":"White Beast Statue"},{"floor":13,"key":"Bag of Marbles"},{"floor":28,"key":"Enchiridion"},{"floor":43,"key":"Oddly Smooth Stone"},{"floor":44,"key":"Boot"}],"event_choices":[{"damage_healed":0,"gold_gain":0,"player_choice":"Take Damage","damage_taken":17,"relics_obtained":["Golden Idol"],"max_hp_gain":0,"max_hp_loss":0,"event_name":"Golden Idol","floor":4,"gold_loss":0},{"damage_healed":0,"gold_gain":0,"player_choice":"Read","damage_taken":0,"max_hp_gain":0,"max_hp_loss":0,"event_name":"The Library","floor":21,"gold_loss":0,"cards_obtained":["theMarked:HeritageOfTheMarked"]},{"damage_healed":0,"gold_gain":0,"player_choice":"Opened","damage_taken":0,"relics_obtained":["Nunchaku"],"max_hp_gain":0,"max_hp_loss":0,"event_name":"The Mausoleum","floor":24,"gold_loss":0,"cards_obtained":["Writhe"]},{"damage_healed":0,"gold_gain":0,"player_choice":"Ignored","damage_taken":0,"max_hp_gain":0,"max_hp_loss":0,"event_name":"Ghosts","floor":25,"gold_loss":0},{"damage_healed":0,"gold_gain":0,"player_choice":"Obtained Book","damage_taken":16,"max_hp_gain":0,"max_hp_loss":0,"event_name":"Cursed Tome","floor":28,"gold_loss":0},{"damage_healed":0,"gold_gain":0,"player_choice":"Upgraded","damage_taken":0,"max_hp_gain":0,"max_hp_loss":0,"event_name":"Upgrade Shrine","floor":31,"gold_loss":0,"cards_upgraded":["theMarked:Panic"]},{"damage_healed":0,"gold_gain":0,"player_choice":"Paid","damage_taken":0,"relics_obtained":["Red Mask"],"max_hp_gain":0,"max_hp_loss":0,"event_name":"Tomb of Lord Red Mask","floor":38,"gold_loss":98}],"is_beta":true,"boss_relics":[{"not_picked":["theMarked:Eyepatch","Runic Pyramid"],"picked":"SlaversCollar"},{"not_picked":["Fusion Hammer","Velvet Choker"],"picked":"Sozu"}],"items_purged_floors":[20],"is_endless":false,"potions_floor_spawned":[2,6,10,13,14,16,18,19,22,27,30,33,35,37,41,42,44,45,48],"killed_by":"Awakened One","ascension_level":0}}