{"host":"zm2copjc1o2b6hjv","time":1609006445,"event":{"mods":["AchievementEnabler","BaseMod","BetterRewards","Conspire","Downfall","Friendly Minions","Infinite Spire","Minty Spire (QoL Compilation)","Replay The Spire","StSLib"],"gold_per_floor":[114,125,136,55,69,101,101,115,115,81,105,105,105,125,125,221,221,235,92,92,92],"floor_reached":20,"playtime":934,"items_purged":[],"score":200,"play_id":"d5676604-b7ce-440e-bf86-4d52dc9cf211","local_time":"20201226131405","is_ascension_mode":true,"campfire_choices":[{"floor":7,"key":"REST"},{"data":"1","floor":12,"key":"LIFT"},{"data":"2","floor":15,"key":"LIFT"}],"circlet_count":0,"master_deck":["Strike_B","Strike_B","Strike_B","Strike_B","Defend_B","Defend_B","Defend_B","Defend_B","Zap","Dualcast","Steam","Defragment","Storm","Self Repair","Chill","Undo","Chaos","Cold Snap+1","Capacitor","Buffer","Hello World"],"relics":["Cracked Core","StrikeDummy","Vajra","Toolbox","Girya","Mirror","infinitespire:Eraser","Odd Mushroom","Painkiller Herb","conspire:TreasureMap"],"acts_visited":["Exordium","TheCity"],"potions_floor_usage":[5,6,6,16],"damage_taken":[{"damage":0,"enemies":"Jaw Worm","floor":1,"turns":3},{"damage":0,"enemies":"2 Louse","floor":2,"turns":1},{"damage":0,"enemies":"Small Slimes","floor":3,"turns":2},{"damage":0,"enemies":"Exordium Wildlife","floor":5,"turns":2},{"damage":12,"enemies":"Gremlin Nob","floor":6,"turns":4},{"damage":0,"enemies":"3 Louse","floor":8,"turns":3},{"damage":0,"enemies":"The Mushroom Lair","floor":11,"turns":1},{"damage":11,"enemies":"Red Slaver","floor":14,"turns":3},{"damage":18,"enemies":"Fading Forest","floor":16,"turns":11},{"damage":4,"enemies":"Chosen","floor":18,"turns":6}],"seed_played":"6994430040243553745","potions_obtained":[{"floor":1,"key":"Ancient Potion"},{"floor":2,"key":"SkillPotion"},{"floor":3,"key":"FearPotion"},{"floor":5,"key":"Guardian:BlockOnCardUsePotion"}],"is_trial":false,"path_per_floor":["M","M","M","$","M","E","R","M","T","?","?","R","?","M","R","B",null,"?","T","?"],"character_chosen":"DEFECT","items_purchased":["StrikeDummy","Vajra","Toolbox","Self Repair","conspire:TreasureMap"],"campfire_rested":1,"item_purchase_floors":[0,0,0,4,19],"current_hp_per_floor":[40,40,40,40,47,42,64,64,64,64,64,64,64,60,60,49,75,75,75,75,75],"gold":92,"neow_bonus":"","is_daily":false,"chose_seed":false,"campfire_upgraded":0,"win_rate":0.0,"timestamp":1609006445,"path_taken":["M","M","M","$","M","E","R","M","T","?","?","R","?","M","R","BOSS","?","T","?"],"items_purchased_type":["Relic","Relic","Relic","Card","Relic"],"build_version":"2020-12-22","purchased_purges":0,"victory":false,"max_hp_per_floor":[75,75,75,75,75,75,75,75,75,75,75,75,75,75,75,75,75,75,75,75,75],"card_choices":[{"not_picked":["Redo","Barrage"],"picked":"Sweeping Beam","floor":1},{"not_picked":["Recycle","Leap"],"picked":"Defragment","floor":2},{"not_picked":["Glacier","Steam Power"],"picked":"Storm","floor":3},{"not_picked":["Panic Button","Darkness"],"picked":"Chill","floor":5},{"not_picked":["Doom and Gloom","Streamline"],"picked":"Undo","floor":6},{"not_picked":["Panic Button","Coolheaded"],"picked":"Chaos","floor":8},{"not_picked":["Conserve Battery","BasicCrystalCard"],"picked":"Capacitor","floor":14},{"not_picked":["Rainbow","ReplayRNGCard"],"picked":"Buffer","floor":16},{"not_picked":["Steam","Hologram"],"picked":"Hello World","floor":18}],"player_experience":187299,"relics_obtained":[{"floor":6,"key":"Mirror"},{"floor":9,"key":"infinitespire:Eraser"},{"floor":11,"key":"Odd Mushroom"}],"event_choices":[{"damage_healed":0,"gold_gain":0,"player_choice":"Left Gold","damage_taken":0,"max_hp_gain":0,"max_hp_loss":0,"event_name":"World of Goop","floor":10,"gold_loss":34},{"damage_healed":0,"gold_gain":0,"player_choice":"Fought Mushrooms","damage_taken":0,"max_hp_gain":0,"max_hp_loss":0,"event_name":"Mushrooms","floor":11,"gold_loss":0}],"is_beta":false,"boss_relics":[{"not_picked":["Philosopher\u0027s Stone","conspire:SlowCooker"],"picked":"Painkiller Herb"}],"items_purged_floors":[],"is_endless":false,"potions_floor_spawned":[1,2,3,5],"ascension_level":3}}