{"host":"m1ntkrf87179kmo6","time":1609002361,"event":{"mods":["BaseMod","Better Third Choice","Minty Spire (QoL Compilation)","Shade Mod","StSLib"],"gold_per_floor":[118,135,135,147,147,147,182,27,98,121,121,137,154,329,329,426,426,438,438,458,490,501,501,512,526,526,544,146,160,160,174,174,270,270,285,195,211,229,229,229,247,266,266,266,64,79,79,96,96,96,96,96,46,76,76,76],"floor_reached":55,"playtime":4783,"items_purged":["Regret","Doubt","Shade:Strike_Shade"],"score":625,"play_id":"891d0324-3b1b-4f85-bb0f-5212c28d5327","local_time":"20201226130601","is_ascension_mode":false,"campfire_choices":[{"floor":6.0,"key":"REST"},{"data":"Shade:TouchOfTheGrave","floor":11.0,"key":"SMITH"},{"floor":15.0,"key":"REST"},{"floor":23.0,"key":"REST"},{"floor":30.0,"key":"RECALL"},{"data":"Shade:Carnophage","floor":32.0,"key":"SMITH"},{"floor":40.0,"key":"REST"},{"data":"Shade:Excise","floor":49.0,"key":"SMITH"},{"data":"Shade:AnimateDead","floor":52.0,"key":"SMITH"}],"circlet_count":0,"master_deck":["Shade:Strike_Shade","Shade:Defend_Shade","Shade:Defend_Shade","Shade:Defend_Shade","Shade:Defend_Shade","Shade:AnimateDead+1","Shade:CarefulCut","Shade:AncientSpear","Shade:ExtraLimbs","Shade:FuneraryArmor","Shade:AblativeArmor","Shade:TouchOfTheGrave+1","Shade:Brains","Shade:ExtraLimbs+1","Shade:Carnophage+1","CurseOfTheBell","Shade:GreyBargain","Shade:FuneraryArmor","Shade:Excise+1","Shade:Brains+1","Shade:FuneraryArmor","Shade:Excise+1","Shade:Asphyxiate+1","Shade:Brains+1","Shade:ClawBack+1","Shade:StitchTogether+1","Shade:OpenGraves+1","Shade:Excise+1","Shade:Premonition+1"],"relics":["Shade:YorickSkull","Dream Catcher","Strawberry","Blood Vial","Pocketwatch","Oddly Smooth Stone","Molten Egg 2","Odd Mushroom","Calling Bell","Smiling Mask","White Beast Statue","Du-Vu Doll","Red Mask","Mercury Hourglass","Bronze Scales","TheAbacus","Empty Cage","Boot","PreservedInsect","Bag of Preparation"],"acts_visited":["Exordium","TheCity","TheBeyond","TheEnding"],"potions_floor_usage":[54,55],"damage_taken":[{"damage":0.0,"enemies":"Small Slimes","floor":1.0,"turns":3.0},{"damage":0.0,"enemies":"Jaw Worm","floor":2.0,"turns":4.0},{"damage":0.0,"enemies":"2 Louse","floor":4.0,"turns":2.0},{"damage":22.0,"enemies":"Gremlin Nob","floor":7.0,"turns":4.0},{"damage":18.0,"enemies":"The Mushroom Lair","floor":10.0,"turns":4.0},{"damage":0.0,"enemies":"Large Slime","floor":12.0,"turns":3.0},{"damage":8.0,"enemies":"3 Louse","floor":13.0,"turns":3.0},{"damage":26.0,"enemies":"The Guardian","floor":16.0,"turns":9.0},{"damage":1.0,"enemies":"Spheric Guardian","floor":18.0,"turns":4.0},{"damage":7.0,"enemies":"2 Thieves","floor":20.0,"turns":3.0},{"damage":8.0,"enemies":"Masked Bandits","floor":21.0,"turns":4.0},{"damage":14.0,"enemies":"3 Cultists","floor":22.0,"turns":4.0},{"damage":3.0,"enemies":"Snecko","floor":24.0,"turns":5.0},{"damage":4.0,"enemies":"Shelled Parasite and Fungi","floor":25.0,"turns":7.0},{"damage":0.0,"enemies":"Centurion and Healer","floor":27.0,"turns":4.0},{"damage":2.0,"enemies":"Sentry and Sphere","floor":29.0,"turns":7.0},{"damage":0.0,"enemies":"Snake Plant","floor":31.0,"turns":4.0},{"damage":24.0,"enemies":"Champ","floor":33.0,"turns":12.0},{"damage":0.0,"enemies":"Orb Walker","floor":35.0,"turns":3.0},{"damage":13.0,"enemies":"3 Darklings","floor":37.0,"turns":5.0},{"damage":13.0,"enemies":"Jaw Worm Horde","floor":38.0,"turns":6.0},{"damage":10.0,"enemies":"Writhing Mass","floor":41.0,"turns":6.0},{"damage":0.0,"enemies":"4 Shapes","floor":42.0,"turns":5.0},{"damage":9.0,"enemies":"Jaw Worm Horde","floor":46.0,"turns":6.0},{"damage":5.0,"enemies":"Sphere and 2 Shapes","floor":48.0,"turns":6.0},{"damage":49.0,"enemies":"Awakened One","floor":50.0,"turns":16.0},{"damage":76,"enemies":"Shield and Spear","floor":54,"turns":8},{"damage":43,"enemies":"The Heart","floor":55,"turns":3}],"seed_played":"-6910072743475959800","potions_obtained":[{"floor":12.0,"key":"Explosive Potion"},{"floor":13.0,"key":"BlessingOfTheForge"},{"floor":16.0,"key":"Strength Potion"},{"floor":18.0,"key":"AttackPotion"},{"floor":20.0,"key":"Explosive Potion"},{"floor":21.0,"key":"AttackPotion"},{"floor":22.0,"key":"Fire Potion"},{"floor":24.0,"key":"Regen Potion"},{"floor":25.0,"key":"PowerPotion"},{"floor":27.0,"key":"Swift Potion"},{"floor":29.0,"key":"Dexterity Potion"},{"floor":31.0,"key":"Regen Potion"},{"floor":33.0,"key":"LiquidMemories"},{"floor":35.0,"key":"LiquidMemories"},{"floor":48.0,"key":"Fruit Juice"},{"floor":54,"key":"Ancient Potion"}],"is_trial":false,"path_per_floor":["M","M","?","M","?","R","E","$","T","?","R","M","M","?","R","B",null,"M","?","M","?","M","R","M","M","T","M","$","M","R","M","R","B",null,"M","?","M","M","$","R","M","M","T","T","$","M","?","M","R","B",null,"R","$","E","B"],"character_chosen":"SHADE","items_purchased":["Shade:TouchOfTheGrave","Bronze Scales","Shade:SanguineRitual","TheAbacus","PreservedInsect","PowerPotion"],"campfire_rested":4,"item_purchase_floors":[8,28,28,28,45,53],"current_hp_per_floor":[65,65,72,72,49,70,50,50,50,34,34,36,30,30,51,27,72,71,71,65,59,47,68,67,65,65,67,67,67,67,69,69,47,72,72,72,59,48,48,69,61,72,72,72,72,72,72,67,67,40,77,77,77,11,0,0],"gold":76,"neow_bonus":"RANDOM_COMMON_RELIC","is_daily":false,"chose_seed":false,"campfire_upgraded":4,"win_rate":0.0,"timestamp":1609002361,"path_taken":["M","M","?","M","?","R","E","$","T","?","R","M","M","?","R","BOSS","M","?","M","?","M","R","?","M","T","M","$","M","R","M","R","BOSS","M","?","?","M","?","R","M","M","T","?","$","M","?","?","R","BOSS","R","$","E","BOSS"],"items_purchased_type":["Card","Relic","Card","Relic","Relic","Potion"],"build_version":"2020-12-22","purchased_purges":3,"victory":false,"max_hp_per_floor":[65,65,72,72,72,72,72,72,72,72,72,72,72,72,72,72,72,72,72,72,72,72,72,72,72,72,72,72,72,72,72,72,72,72,72,72,72,72,72,72,72,72,72,72,72,72,72,72,72,77,77,77,77,77,77,77],"card_choices":[{"not_picked":["Shade:Premonition","Shade:GraveStillness"],"picked":"Shade:AncientSpear","floor":1.0},{"not_picked":["Shade:FleshToFlesh","Shade:Frenzy"],"picked":"Shade:ExtraLimbs","floor":2.0},{"not_picked":["Shade:LyeBath","Shade:Bonestorm"],"picked":"Shade:FuneraryArmor","floor":4.0},{"not_picked":["Shade:FreshBones","Shade:SkeletonArmy"],"picked":"Shade:AblativeArmor","floor":6.0},{"not_picked":["Shade:FeralStrike","Shade:CommandSoldier","Shade:CoffinDance"],"picked":"SKIP","floor":7.0},{"not_picked":["Shade:WallOfFlesh","Shade:Bonestorm+1"],"picked":"Shade:Brains","floor":10.0},{"not_picked":["Shade:RavenousHorde","Shade:Trample+1"],"picked":"Shade:ExtraLimbs+1","floor":12.0},{"not_picked":["Shade:FingerOfDeath+1","Shade:SkeletonHug+1","Shade:LichForm"],"picked":"SKIP","floor":13.0},{"not_picked":["Shade:CallWraith","Shade:SpectralStrikes"],"picked":"Shade:Carnophage","floor":15.0},{"not_picked":["Shade:CoffinDance+1","Shade:ScuttlingHand+1","Shade:FeralStrike+1"],"picked":"SKIP","floor":18.0},{"not_picked":["Shade:Doomsay+1","Shade:SkeletonArmy+1"],"picked":"Shade:GreyBargain","floor":20.0},{"not_picked":["Shade:Carnophage","Shade:Doomsay+1"],"picked":"Shade:FuneraryArmor","floor":21.0},{"not_picked":["Shade:FingerOfDeath+1","Shade:TouchOfTheGrave+1","Shade:CallWraith"],"picked":"SKIP","floor":22.0},{"not_picked":["Shade:FingerOfDeath+1","Shade:Asphyxiate+1"],"picked":"Shade:Excise+1","floor":23.0},{"not_picked":["Shade:CommandSoldier","Shade:SpectralStrikes+1"],"picked":"Shade:Brains","floor":24.0},{"not_picked":["Shade:Bonestorm+1","Shade:DangerousRitual+1"],"picked":"Shade:FuneraryArmor","floor":25.0},{"not_picked":["Shade:CoffinDance+1","Shade:LyeBath","Shade:CallOfTheGrave"],"picked":"SKIP","floor":27.0},{"not_picked":["Shade:Trample+1","Shade:BoneShards+1"],"picked":"Shade:Excise","floor":29.0},{"not_picked":["Shade:PressTheAttack+1","Shade:GraveStillness"],"picked":"Shade:Asphyxiate+1","floor":31.0},{"not_picked":["Shade:AblativeArmor","Shade:FingerOfDeath+1","Shade:AncientSpear+1"],"picked":"SKIP","floor":35.0},{"not_picked":["Shade:ScuttlingHand+1","Shade:FreshBones+1"],"picked":"Shade:Brains+1","floor":37.0},{"not_picked":["Shade:FingerOfDeath+1","Shade:Asphyxiate+1"],"picked":"Shade:ClawBack+1","floor":38.0},{"not_picked":["Shade:SoulToxin","Shade:GraveStillness"],"picked":"Shade:StitchTogether+1","floor":40.0},{"not_picked":["Shade:CoffinDance+1","Shade:Patience+1"],"picked":"Shade:OpenGraves+1","floor":41.0},{"not_picked":["Shade:SkeletonArmy","Shade:Trample+1"],"picked":"Shade:Excise+1","floor":42.0},{"not_picked":["Shade:Brains+1","Shade:SpontaneousRitual+1","Shade:MadHubris"],"picked":"SKIP","floor":46.0},{"not_picked":["Shade:Bonestorm+1","Shade:FeralStrike+1"],"picked":"Shade:Premonition+1","floor":48.0},{"not_picked":["Shade:Asphyxiate+1","Shade:ExtraLimbs+1","Shade:FreshBones+1"],"picked":"SKIP","floor":54}],"player_experience":1122761,"relics_obtained":[{"floor":7.0,"key":"Oddly Smooth Stone"},{"floor":9.0,"key":"Molten Egg 2"},{"floor":10.0,"key":"Odd Mushroom"},{"floor":17.0,"key":"Smiling Mask"},{"floor":17.0,"key":"White Beast Statue"},{"floor":17.0,"key":"Du-Vu Doll"},{"floor":21.0,"key":"Red Mask"},{"floor":26.0,"key":"Mercury Hourglass"},{"floor":44.0,"key":"Boot"},{"floor":54,"key":"Bag of Preparation"}],"event_choices":[{"damage_healed":0.0,"max_hp_gain":0.0,"max_hp_loss":0.0,"gold_gain":0.0,"event_name":"Big Fish","player_choice":"Box","floor":3.0,"gold_loss":0.0,"damage_taken":0.0,"relics_obtained":["Strawberry"],"cards_obtained":["Regret"]},{"damage_healed":0.0,"max_hp_gain":0.0,"max_hp_loss":0.0,"gold_gain":1.0,"event_name":"betterThird:BetterScrap","player_choice":"Relic Relic ","floor":5.0,"gold_loss":0.0,"damage_taken":23.0,"cards_obtained":["Fusion"]},{"damage_healed":0.0,"max_hp_gain":0.0,"max_hp_loss":0.0,"gold_gain":0.0,"event_name":"Mushrooms","player_choice":"Fought Mushrooms","floor":10.0,"gold_loss":0.0,"damage_taken":0.0},{"damage_healed":0.0,"max_hp_gain":0.0,"max_hp_loss":0.0,"gold_gain":175.0,"event_name":"betterThird:BetterSerpent","player_choice":"AGREE","floor":14.0,"gold_loss":0.0,"damage_taken":154.0},{"damage_healed":0.0,"max_hp_gain":0.0,"max_hp_loss":0.0,"gold_gain":0.0,"event_name":"Ghosts","player_choice":"Ignored","floor":19.0,"gold_loss":0.0,"damage_taken":0.0},{"damage_healed":0.0,"max_hp_gain":0.0,"max_hp_loss":0.0,"gold_gain":0.0,"event_name":"Masked Bandits","player_choice":"Fought Bandits","floor":21.0,"gold_loss":0.0,"damage_taken":0.0},{"cards_removed":["Shade:Strike_Shade"],"damage_healed":0.0,"max_hp_gain":0.0,"max_hp_loss":0.0,"gold_gain":0.0,"event_name":"Designer","player_choice":"Upgrade and Remove","floor":36.0,"gold_loss":90.0,"damage_taken":0.0,"cards_upgraded":["Shade:Brains"]},{"damage_healed":0.0,"max_hp_gain":0.0,"max_hp_loss":0.0,"gold_gain":0.0,"event_name":"SensoryStone","player_choice":"Memory 1","floor":47.0,"gold_loss":0.0,"damage_taken":0.0}],"is_beta":false,"boss_relics":[{"not_picked":["SacredBark","Shade:YorickPolishedSkull"],"picked":"Calling Bell"},{"not_picked":["Velvet Choker","Cursed Key"],"picked":"Empty Cage"}],"items_purged_floors":[8,28,45],"is_endless":false,"potions_floor_spawned":[12,13,16,18,20,21,22,24,25,27,29,31,33,35,37,38,41,42,46,48,54],"killed_by":"The Heart","ascension_level":0}}