{"host":"npubv26u89aif4fa","time":1609007870,"event":{"mods":["Astrologer","BaseMod","Better Vampires","Better-Laid Plans","Colored Powertips","GifTheSpireLib","GungeonMod","HornydragonMod","Hubris","Jedi Mod","Minty Spire (QoL Compilation)","Quick Restart","Remilia（蕾米莉亚）","Replay The Spire","StSLib","Td1madao Mod","The Administrix","The Alterego","The Bug Knight","The Cursed","The Runesmith","Yuri Mod","残留之物"],"gold_per_floor":[137,155,188,188,227,275,285,285,338,353,405,69,94,147,147,286,386,437,452,392,412,412,441,441,451,451,451,471,471],"floor_reached":28,"playtime":28779,"items_purged":[],"score":262,"play_id":"c1c780c7-a790-46fe-ab09-0142f416996d","local_time":"20201227023750","is_ascension_mode":false,"campfire_choices":[{"data":"DemoMod:FortunesFavor","floor":8.0,"key":"SMITH"},{"data":"DemoMod:PotionOfGunFriendShip","floor":15.0,"key":"SMITH"},{"floor":24,"key":"RECALL"}],"circlet_count":0,"master_deck":["DemoMod:Strike_Huntress","DemoMod:Strike_Huntress","DemoMod:Defend_Huntress","DemoMod:Defend_Huntress","DemoMod:Defend_Huntress","DemoMod:Defend_Huntress","DemoMod:Roll","DemoMod:ManualReload","DemoMod:CrossBow","HollowMod:NailStrikeStart","DemoMod:TableTechHeat","HandOfGreed","DemoMod:AWP","DemoMod:TeaPot","DemoMod:FortunesFavor+1","DemoMod:FeignSurrender","DemoMod:Unity","DemoMod:MegaHand","DemoMod:PotionOfGunFriendShip+1","DemoMod:ProbeStrike","DemoMod:FightSabre","ReplayTheSpireMod:Restless Dread","DemoMod:BlankBullets"],"relics":["DemoMod:Dog","hubris:Zylophone","hubris:OldNail","TungstenRod","jedi:arcanewood","Replay:Wanted Poster","Replay:PocketPolymizer","jedi:cryingmask","Lantern"],"acts_visited":["Exordium","TheCity"],"potions_floor_usage":[23,25],"damage_taken":[{"damage":0.0,"enemies":"Small Slimes","floor":1.0,"turns":4.0},{"damage":0.0,"enemies":"Cultist","floor":2.0,"turns":1.0},{"damage":3.0,"enemies":"Jaw Worm","floor":3.0,"turns":4.0},{"damage":0.0,"enemies":"2 Fungi Beasts","floor":5.0,"turns":4.0},{"damage":22.0,"enemies":"Lagavulin","floor":6.0,"turns":5.0},{"damage":0.0,"enemies":"Large Slime","floor":7.0,"turns":2.0},{"damage":0.0,"enemies":"Blue Slaver","floor":10.0,"turns":3.0},{"damage":14.0,"enemies":"3 Sentries","floor":11.0,"turns":7.0},{"damage":5.0,"enemies":"Gremlin Nob","floor":13.0,"turns":3.0},{"damage":6.0,"enemies":"Gremlin Gang","floor":14.0,"turns":7.0},{"damage":15.0,"enemies":"Slime Boss","floor":16.0,"turns":12.0},{"damage":0.0,"enemies":"3 Byrds","floor":18.0,"turns":5.0},{"damage":9.0,"enemies":"Spheric Guardian","floor":19.0,"turns":4.0},{"damage":11.0,"enemies":"Snake Plant","floor":21.0,"turns":4.0},{"damage":20,"enemies":"Book of Stabbing","floor":23,"turns":4},{"damage":3,"enemies":"Centurion and Healer","floor":25,"turns":3},{"damage":34,"enemies":"Sentry and Sphere","floor":28,"turns":5}],"seed_played":"-7215823836436685331","potions_obtained":[{"floor":2.0,"key":"Regen Potion"},{"floor":3.0,"key":"Toxic Potion"},{"floor":10.0,"key":"SkillPotion"},{"floor":11.0,"key":"Toxic Potion"},{"floor":14.0,"key":"DistilledChaos"},{"floor":21.0,"key":"SpeedPotion"},{"floor":23,"key":"Ancient Potion"}],"is_trial":false,"path_per_floor":["M","M","M","?","M","E","M","R","T","M","E","$","E","M","R","B",null,"M","M","?","M","?","E","R","M","T","$","M"],"character_chosen":"HUNTRESS","items_purchased":["DemoMod:PotionOfGunFriendShip","TungstenRod"],"campfire_rested":0,"item_purchase_floors":[12,12],"current_hp_per_floor":[70,70,67,67,67,45,45,45,45,45,46,46,41,35,35,20,70,70,61,61,50,50,30,30,27,27,27,0,0],"gold":471,"neow_bonus":"RANDOM_COLORLESS_2","is_daily":false,"chose_seed":false,"campfire_upgraded":2,"win_rate":0.0,"timestamp":1609007870,"path_taken":["M","M","M","?","M","E","?","R","T","M","E","$","E","M","R","BOSS","M","M","?","M","?","E","R","M","T","$","M"],"items_purchased_type":["Card","Relic"],"build_version":"2020-12-22","purchased_purges":0,"victory":false,"max_hp_per_floor":[70,70,70,70,70,70,70,70,70,70,70,70,70,70,70,70,70,70,70,70,70,70,70,70,70,70,70,70,70],"card_choices":[{"not_picked":["ReplayUltimateDefense","ReplayTheSpireMod:Necrogeddon"],"picked":"HandOfGreed","floor":0.0},{"not_picked":["DemoMod:ZorGun","DemoMod:SAA"],"picked":"DemoMod:AWP","floor":1.0},{"not_picked":["DemoMod:AbyssalTentacle","DemoMod:ConditionalReflex","DemoMod:Unmoved"],"picked":"SKIP","floor":2.0},{"not_picked":["DemoMod:FastSwitch","DemoMod:LifeOrb"],"picked":"DemoMod:TeaPot","floor":3.0},{"not_picked":["DemoMod:HuntsMan","DemoMod:ChanceBullets"],"picked":"DemoMod:FortunesFavor","floor":5.0},{"not_picked":["DemoMod:PracticeMakesPerfect","DemoMod:MegaHand"],"picked":"DemoMod:FeignSurrender","floor":6.0},{"not_picked":["DemoMod:CursedBullets","DemoMod:AWP","DemoMod:BattleInHaste"],"picked":"SKIP","floor":7.0},{"not_picked":["DemoMod:SAA","DemoMod:HighKaliber"],"picked":"DemoMod:Unity","floor":10.0},{"not_picked":["DemoMod:GunstockTap","DemoMod:SkilledReload"],"picked":"DemoMod:MegaHand","floor":11.0},{"not_picked":["DemoMod:Ejector","DemoMod:BattleInHaste"],"picked":"DemoMod:ProbeStrike","floor":13.0},{"not_picked":["DemoMod:LifeOrb","DemoMod:SAA","DemoMod:Rummage"],"picked":"SKIP","floor":14.0},{"not_picked":["DemoMod:Behold!","DemoMod:BSG"],"picked":"DemoMod:FightSabre","floor":16.0},{"not_picked":["DemoMod:RadGun","DemoMod:BoxingGlove","DemoMod:DirectionalPad"],"picked":"SKIP","floor":18.0},{"not_picked":["DemoMod:MachoBrace","DemoMod:SkilledReload","DemoMod:GunShield"],"picked":"SKIP","floor":19.0},{"not_picked":["DemoMod:PotionOfGunFriendShip","DemoMod:GunstockTap","DemoMod:DoubleSwitch"],"picked":"SKIP","floor":21.0},{"not_picked":["DemoMod:SAA+1","DemoMod:StickyCrossBow","DemoMod:LifeOrb"],"picked":"SKIP","floor":23},{"not_picked":["DemoMod:Ejector+1","DemoMod:ConditionalReflex","DemoMod:PotionOfGunFriendShip"],"picked":"SKIP","floor":25}],"player_experience":162597,"relics_obtained":[{"floor":6.0,"key":"hubris:Zylophone"},{"floor":9.0,"key":"hubris:OldNail"},{"floor":13.0,"key":"jedi:arcanewood"},{"floor":23,"key":"jedi:cryingmask"},{"floor":26,"key":"Lantern"}],"event_choices":[{"cards_removed":["DemoMod:RustySidearm"],"damage_healed":0.0,"max_hp_gain":0.0,"max_hp_loss":0.0,"gold_gain":0.0,"event_name":"Purifier","player_choice":"Purged","floor":4.0,"gold_loss":0.0,"damage_taken":0.0}],"is_beta":false,"boss_relics":[{"not_picked":["Tiny House","Runesmith:UraniumAnvil"],"picked":"Replay:Wanted Poster"}],"items_purged_floors":[],"is_endless":false,"potions_floor_spawned":[2,3,10,11,14,16,21,23],"killed_by":"Sentry and Sphere","ascension_level":0}}