{"host":"kev6uqotw4tlyx8l","time":1609001014,"event":{"mods":["Act Like it!","Aspiration","BaseMod","Colored Powertips","Dota2Spire","Downfall","Hallownest","Infinite Spire","Marisa????????","Minty Spire (QoL Compilation)","Quick Restart","Remilia??????","Replay The Spire","StSLib","The Cursed","The Jungle","The Marked","The Mystic","The Servant 0.9.4"],"gold_per_floor":[118,118,130,147,162,162,180,180,204,204,244,244,244,282,282,406,406,431,454,454,404,404,404,422,437,437,437,457,457,477,477,477,477,477],"floor_reached":33,"playtime":1295,"items_purged":[],"score":259,"play_id":"59cdb7e6-c4a5-4ccf-912f-64127208df43","local_time":"20201226234334","is_ascension_mode":false,"campfire_choices":[{"data":"mysticmod:CureLightWounds","floor":6,"key":"SMITH"},{"data":"mysticmod:ShockingGrasp","floor":10,"key":"SMITH"},{"floor":15,"key":"DIG"},{"data":"mysticmod:MirrorEntity","floor":23,"key":"SMITH"},{"floor":27,"key":"REST"},{"floor":32,"key":"DIG"}],"circlet_count":0,"master_deck":["mysticmod:Strike_Mystic","mysticmod:Strike_Mystic","mysticmod:Strike_Mystic","mysticmod:Strike_Mystic","mysticmod:Defend_Mystic","mysticmod:Defend_Mystic","mysticmod:Defend_Mystic","mysticmod:Defend_Mystic","mysticmod:ArcaneDodge","mysticmod:ShockingGrasp+1","mysticmod:CorrosiveTouch","mysticmod:PowerSlash","mysticmod:Riposte","mysticmod:CureLightWounds+1","mysticmod:PowerAttack","Injury","mysticmod:ClosingBarrage+1","mysticmod:Flourish","mysticmod:MirrorEntity+1","mysticmod:CorrosiveTouch","mysticmod:CorrosiveTouch","infinitespire:Gouge","mysticmod:Probe","mysticmod:Feint+1","mysticmod:MysticalShield","mysticmod:Grapple","mysticmod:Riposte","mysticmod:ShockingGrasp","mysticmod:ChargedParry"],"relics":["mysticmod:SpellBook","NeowsBlessing","Golden Idol","Lantern","Gremlin Food","Vajra","Simple Rune","infinitespire:ShieldingShard","Replay:Fungal Core","Pocketwatch","Replay:Baseball","Dota2Spire:EchoSabre"],"acts_visited":["Exordium","Exordium"],"potions_floor_usage":[11,16,16,25,30,31],"damage_taken":[{"damage":0,"enemies":"2 Louse","floor":1,"turns":1},{"damage":0,"enemies":"Cultist","floor":3,"turns":1},{"damage":0,"enemies":"Jaw Worm","floor":4,"turns":1},{"damage":12,"enemies":"3 Louse","floor":5,"turns":4},{"damage":5,"enemies":"Looter","floor":7,"turns":3},{"damage":16,"enemies":"Lagavulin","floor":11,"turns":5},{"damage":10,"enemies":"3 Sentries","floor":14,"turns":5},{"damage":49,"enemies":"Slime Boss","floor":16,"turns":11},{"damage":4,"enemies":"Shell Parasite","floor":18,"turns":3},{"damage":20,"enemies":"theJungle:5_Spyders","floor":19,"turns":7},{"damage":0,"enemies":"theJungle:JungleHuntersEncounter","floor":24,"turns":1},{"damage":38,"enemies":"theJungle:2_Flameangoes","floor":25,"turns":5},{"damage":24,"enemies":"theJungle:2_Snecko_Cultists","floor":28,"turns":4},{"damage":11,"enemies":"theJungle:Lyon","floor":30,"turns":4},{"damage":0,"enemies":"theJungle:JungleHuntersEncounter","floor":31,"turns":1},{"damage":25,"enemies":"theJungle:FunGuy","floor":33,"turns":6}],"seed_played":"6240792935589403796","potions_obtained":[{"floor":4,"key":"Dota2Spire:HealingSalve"},{"floor":5,"key":"Block Potion"},{"floor":7,"key":"Fire Potion"},{"floor":18,"key":"SmokeBomb"},{"floor":19,"key":"champ:CounterPotion"},{"floor":24,"key":"LiquidBronze"}],"is_trial":false,"path_per_floor":["M","?","M","M","M","R","M","?","T","R","E","?","T","E","R","B",null,"M","M","?","?","AVR","R","M","M","T","R","M","?","M","M","R","B"],"character_chosen":"MYSTIC_CLASS","items_purchased":[],"campfire_rested":1,"item_purchase_floors":[],"current_hp_per_floor":[77,77,77,77,65,65,65,65,65,65,55,55,55,51,51,26,77,75,61,61,61,61,61,61,28,28,51,27,27,19,19,19,0,0],"gold":477,"neow_bonus":"THREE_ENEMY_KILL","is_daily":false,"chose_seed":false,"campfire_upgraded":3,"win_rate":0.0,"timestamp":1609001014,"path_taken":["M","?","M","M","M","R","?","?","T","R","E","?","?","E","R","BOSS","M","M","?","?","AVR","R","M","M","T","R","?","?","M","?","R","BOSS"],"items_purchased_type":[],"build_version":"2020-12-22","purchased_purges":0,"victory":false,"max_hp_per_floor":[77,77,77,77,77,77,77,77,77,77,77,77,77,77,77,77,77,77,77,77,77,77,77,77,77,77,77,77,77,77,77,77,77,77],"card_choices":[{"not_picked":["mysticmod:PureInstinct","mysticmod:Riposte"],"picked":"mysticmod:CorrosiveTouch","floor":1},{"not_picked":["mysticmod:BulkUp","mysticmod:EnergizedRift"],"picked":"mysticmod:PowerSlash","floor":3},{"not_picked":["mysticmod:IllusionOfCalm","mysticmod:Disengage"],"picked":"mysticmod:Riposte","floor":4},{"not_picked":["mysticmod:Feint","mysticmod:BulkUp"],"picked":"mysticmod:CureLightWounds","floor":5},{"not_picked":["mysticmod:BladedDash","mysticmod:BulkUp"],"picked":"mysticmod:PowerAttack","floor":7},{"not_picked":["mysticmod:DiviningBlow","mysticmod:Disengage"],"picked":"mysticmod:ClosingBarrage","floor":11},{"not_picked":["mysticmod:PureInstinct","mysticmod:KeenEdge"],"picked":"mysticmod:Flourish","floor":14},{"not_picked":["mysticmod:MysticalShield","mysticmod:Discipline"],"picked":"mysticmod:MirrorEntity","floor":16},{"not_picked":["mysticmod:TomeOfSpells","mysticmod:ArcaneAccuracy"],"picked":"mysticmod:CorrosiveTouch","floor":18},{"not_picked":["mysticmod:StyleChange","mysticmod:HunkerDown+1"],"picked":"mysticmod:CorrosiveTouch","floor":19},{"not_picked":["mysticmod:TomeOfSpells","mysticmod:HeavyStrike"],"picked":"mysticmod:Probe","floor":24},{"not_picked":["mysticmod:Disengage","mysticmod:PowerSlash"],"picked":"mysticmod:Feint+1","floor":25},{"not_picked":["mysticmod:RapidCaster","mysticmod:Grapple"],"picked":"mysticmod:MysticalShield","floor":28},{"not_picked":["mysticmod:Feint","mysticmod:HunkerDown"],"picked":"mysticmod:ChargedParry","floor":30}],"player_experience":7101,"relics_obtained":[{"floor":9,"key":"Lantern"},{"floor":11,"key":"Gremlin Food"},{"floor":13,"key":"Vajra"},{"floor":14,"key":"Simple Rune"},{"floor":15,"key":"infinitespire:ShieldingShard"},{"floor":26,"key":"Replay:Baseball"},{"floor":32,"key":"Dota2Spire:EchoSabre"}],"event_choices":[{"damage_healed":0,"gold_gain":0,"player_choice":"Ignored","damage_taken":0,"max_hp_gain":0,"max_hp_loss":0,"event_name":"Purifier","floor":2,"gold_loss":0},{"damage_healed":0,"gold_gain":0,"player_choice":"Take Wound","damage_taken":0,"relics_obtained":["Golden Idol"],"max_hp_gain":0,"max_hp_loss":0,"event_name":"Golden Idol","floor":8,"gold_loss":0,"cards_obtained":["Injury"]},{"damage_healed":0,"gold_gain":0,"player_choice":"Grow","damage_taken":0,"max_hp_gain":0,"max_hp_loss":0,"event_name":"Living Wall","floor":12,"gold_loss":0,"cards_upgraded":["mysticmod:ClosingBarrage"]},{"damage_healed":0,"gold_gain":0,"player_choice":"3 cards matched","damage_taken":0,"max_hp_gain":0,"max_hp_loss":0,"event_name":"Match and Keep!","floor":29,"gold_loss":0,"cards_obtained":["mysticmod:Grapple","mysticmod:Riposte","mysticmod:ShockingGrasp"]}],"is_beta":false,"boss_relics":[{"not_picked":["Replay:Grab Bag","Runic Dome"],"picked":"Replay:Fungal Core"}],"items_purged_floors":[],"is_endless":false,"potions_floor_spawned":[4,5,7,18,19,24],"killed_by":"theJungle:FunGuy","ascension_level":0}}