{"host":"ormi09wwzv7sq47a","time":1609012731,"event":{"mods":["2.2 Compatiblity","AchievementEnabler","Act Like it!","BaseMod","Bestiary","Better Altar","Better Note","Better Sensory Stone","Better Skull","Better Third Choice","Better Vampires","BetterRewards","Block Reminder","Colored Map","Colored Powertips","Curses Come First","DeckTracker","Downfall","Highlight Path","Minty Spire (QoL Compilation)","Permanent Neow","Quick Restart","Rare Cards Sparkle","Relic Stats","Shop Mod","StSLib","The Jungle","The Servant 0.9.4"],"gold_per_floor":[114,126,26,37,54,54,89,89,89,89,102,177,102,115,115,188,188,208,219,62,62,62,62,74,108,108,108,108,108,135,154,154,228,228,238,238,255,267,287,287,302,328,355,355,373,373,118,146,146,146,146,146,2,36,36],"floor_reached":56,"playtime":3235,"items_purged":["Guardian:Strike_Guardian","Guardian:Strike_Guardian"],"score":2536,"play_id":"a7370068-2388-4807-abf8-c7aa9584677e","local_time":"20201226165851","is_ascension_mode":true,"campfire_choices":[{"data":"Guardian:TwinSlam","floor":6.0,"key":"SMITH"},{"data":"Panache","floor":8,"key":"SMITH"},{"data":"Guardian:SentryBeam","floor":10,"key":"SMITH"},{"data":"Guardian:FuturePlans","floor":15,"key":"SMITH"},{"data":"expansioncontent:QuickStudy","floor":23,"key":"SMITH"},{"data":"Guardian:CurlUp","floor":29,"key":"SMITH"},{"data":"Guardian:ShieldSpikes","floor":32,"key":"SMITH"},{"data":"Guardian:BronzeArmor","floor":40,"key":"SMITH"},{"floor":44,"key":"RECALL"},{"data":"Guardian:BronzeArmor","floor":46,"key":"SMITH"},{"data":"Guardian:SphericShield","floor":49,"key":"SMITH"},{"data":"Guardian:GemFire","floor":52,"key":"SMITH"}],"circlet_count":0,"master_deck":["AscendersBane","Guardian:CurlUp+1","Guardian:TwinSlam+1","Guardian:ArmoredProtocol","Panache+1","Guardian:RollAttack","Guardian:SentryBeam+1","Guardian:Recover","Guardian:GemFire+1","Guardian:FuturePlans+1","Guardian:BronzeArmor+1","Guardian:Incinerate","Guardian:PolyBeam","Guardian:Preprogram","Guardian:MultiBeam","Guardian:PiercingHide","Guardian:ShieldCharger","Guardian:BronzeArmor+1","Master of Strategy","expansioncontent:QuickStudy+1","Guardian:CrystalBeam+1","Guardian:PrimingBeam+1","Insight","Guardian:ShieldSpikes+1","Guardian:SphericShield+1","Guardian:PiercingHide+1","Guardian:PiercingHide+1"],"relics":["Guardian:ModeShifterPlus","Dead Branch","Guardian:PocketSentry","OrangePellets","PreservedInsect","Pocketwatch","Pandora\u0027s Box","Tiny Chest","Bottled Flame","Calipers","Blood Vial","Akabeko","Vajra","Art of War","hexamod:BolsterEngine","Bottled Lightning"],"acts_visited":["Exordium","TheCity","TheBeyond","TheEnding"],"potions_floor_usage":[16,19,25,25,31,39,39,41,50,54],"damage_taken":[{"damage":0.0,"enemies":"Cultist","floor":1.0,"turns":3.0},{"damage":0.0,"enemies":"2 Louse","floor":2.0,"turns":3.0},{"damage":0.0,"enemies":"Jaw Worm","floor":4.0,"turns":3.0},{"damage":0.0,"enemies":"Looter","floor":5.0,"turns":3.0},{"damage":9,"enemies":"Gremlin Nob","floor":7,"turns":3},{"damage":0,"enemies":"2 Fungi Beasts","floor":11,"turns":2},{"damage":0,"enemies":"3 Louse","floor":14,"turns":2},{"damage":0,"enemies":"Slime Boss","floor":16,"turns":3},{"damage":0,"enemies":"3 Byrds","floor":18,"turns":2},{"damage":10,"enemies":"2 Thieves","floor":19,"turns":2},{"damage":0,"enemies":"Sentry and Sphere","floor":24,"turns":3},{"damage":0,"enemies":"Slavers","floor":25,"turns":2},{"damage":6,"enemies":"Gremlin Leader","floor":30,"turns":4},{"damage":0,"enemies":"Shelled Parasite and Fungi","floor":31,"turns":1},{"damage":4,"enemies":"Collector","floor":33,"turns":5},{"damage":0,"enemies":"Orb Walker","floor":35,"turns":2},{"damage":0,"enemies":"3 Darklings","floor":37,"turns":2},{"damage":0,"enemies":"Writhing Mass","floor":38,"turns":3},{"damage":0,"enemies":"Transient","floor":39,"turns":5},{"damage":0,"enemies":"Jaw Worm Horde","floor":41,"turns":2},{"damage":0,"enemies":"4 Shapes","floor":45,"turns":2},{"damage":0,"enemies":"Giant Head","floor":48,"turns":4},{"damage":0,"enemies":"Time Eater","floor":50,"turns":9},{"damage":26,"enemies":"Shield and Spear","floor":54,"turns":4},{"damage":16,"enemies":"The Heart","floor":55,"turns":5}],"seed_played":"806097561335201568","potions_obtained":[{"floor":2.0,"key":"AttackPotion"},{"floor":4.0,"key":"Energy Potion"},{"floor":24,"key":"Guardian:BlockOnCardUsePotion"},{"floor":30,"key":"SteroidPotion"},{"floor":31,"key":"Fire Potion"},{"floor":33,"key":"Swift Potion"},{"floor":37,"key":"Regen Potion"},{"floor":39,"key":"Energy Potion"},{"floor":54,"key":"GamblersBrew"}],"is_trial":false,"path_per_floor":["M","M","$","M","M","R","E","R","T","R","M","?","?","M","R","B",null,"M","M","$","?","?","R","M","E","T","?","?","R","E","M","R","B",null,"M","?","M","M","M","R","M","T","T","R","M","R","$","E","R","B",null,"R","$","E","B",null],"character_chosen":"GUARDIAN","items_purchased":["Guardian:PocketSentry","OrangePellets","PreservedInsect","Guardian:ArmoredProtocol","Guardian:PrismaticBarrier","Guardian:Gem_Red","Panache","Guardian:RollAttack","Guardian:BronzeArmor","Guardian:Gem_Cyan","DistilledChaos","Vajra","Energy Potion","Dexterity Potion","hexamod:BolsterEngine"],"campfire_rested":0,"item_purchase_floors":[0,0,0,0,0,0,0,0,20,20,20,47,47,47,53],"current_hp_per_floor":[51,51,51,51,51,51,42,42,42,42,42,31,31,31,31,31,62,62,52,52,52,52,52,52,52,52,52,52,52,46,46,46,42,65,65,65,65,65,72,72,72,72,72,72,72,72,72,72,72,72,72,72,72,46,32],"gold":36,"neow_bonus":"","is_daily":false,"chose_seed":false,"campfire_upgraded":11,"win_rate":0.0,"timestamp":1609012731,"path_taken":["M","M","$","M","M","R","E","R","T","R","?","?","?","M","R","BOSS","M","M","$","?","?","R","M","E","T","?","?","R","E","M","R","BOSS","M","?","M","M","M","R","M","?","T","R","?","R","$","E","R","BOSS","R","$","E","BOSS"],"items_purchased_type":["Relic","Relic","Relic","Card","Card","Card","Card","Card","Card","Card","Potion","Relic","Potion","Potion","Relic"],"build_version":"2020-12-22","purchased_purges":2,"victory":true,"max_hp_per_floor":[72,72,72,72,72,72,72,72,72,72,72,72,72,72,72,72,72,72,72,72,72,72,72,72,72,72,72,72,72,72,72,72,72,72,72,72,72,72,72,72,72,72,72,72,72,72,72,72,72,72,72,72,72,72,72],"relic_stats":{"Blood Vial":2,"OrangePellets":[29],"counters":[136,609],"Dead Branch":[296],"Pandora\u0027s Box":["Guardian:BronzeArmor","Guardian:Incinerate","Guardian:PolyBeam","Guardian:Preprogram","Guardian:MultiBeam"],"Tiny Chest":1,"PreservedInsect":319,"Art of War":[1],"obtain_stats":[{"Calipers":30,"Gremlin Horn":26,"Vajra":31,"Ginger":0,"Sling":0,"Guardian:PickAxe":14,"Blood Vial":23,"Lizard Tail":0,"Centennial Puzzle":29,"HornCleat":22,"Sundial":30,"DollysMirror":31,"Strawberry":10,"Prayer Wheel":17,"Kunai":53,"Girya":10,"MerchantsRug":21,"Happy Flower":54,"Astrolabe":17,"Dead Branch":0,"Guardian:ModeShifter":0,"Oddly Smooth Stone":37,"Eternal Feather":9,"Pen Nib":44,"Guardian:PocketSentry":6,"War Paint":9,"Akabeko":0,"OrangePellets":0,"Bottled Flame":26,"Shuriken":26,"Pandora\u0027s Box":34,"Black Star":34,"Unceasing Top":7,"Pocketwatch":7,"Darkstone Periapt":17,"Guardian:StasisSlotReductionRelic":17,"Lantern":29,"Guardian:ModeShifterPlus":34,"Guardian:StasisCodex":54,"Incense Burner":7,"Bag of Preparation":21,"Ancient Tea Set":26,"Smiling Mask":30,"Dream Catcher":14,"Nunchaku":0,"Tiny Chest":25,"InkBottle":47,"Golden Idol":13,"PreservedInsect":17,"Omamori":46,"Orichalcum":43,"Frozen Egg 2":9,"Medical Kit":0,"White Beast Statue":21,"Calling Bell":17,"Peace Pipe":0,"Guardian:StasisUpgradeRelic":53,"CaptainsWheel":9,"Anchor":9,"betterThird:SlimedRelic":2,"Turnip":0,"Bag of Marbles":48,"Art of War":48,"Bottled Lightning":26,"Membership Card":21,"hexamod:BolsterEngine":13,"FossilizedHelix":38,"Toy Ornithopter":44},{"Calipers":124,"Gremlin Horn":52,"Vajra":30,"Ginger":39,"Sling":39,"Guardian:PickAxe":24,"Blood Vial":51,"Lizard Tail":17,"Centennial Puzzle":53,"HornCleat":50,"Sundial":12,"DollysMirror":99,"Strawberry":90,"Prayer Wheel":25,"Kunai":109,"Girya":80,"MerchantsRug":96,"Happy Flower":110,"Astrolabe":47,"Dead Branch":111,"Guardian:ModeShifter":0,"Oddly Smooth Stone":32,"Eternal Feather":44,"Pen Nib":35,"Guardian:PocketSentry":44,"War Paint":69,"Akabeko":84,"OrangePellets":111,"Bottled Flame":123,"Shuriken":97,"Pandora\u0027s Box":14,"Black Star":100,"Unceasing Top":69,"Pocketwatch":116,"Darkstone Periapt":25,"Guardian:StasisSlotReductionRelic":7,"Lantern":29,"Guardian:ModeShifterPlus":55,"Guardian:StasisCodex":65,"Incense Burner":4,"Bag of Preparation":96,"Ancient Tea Set":28,"Smiling Mask":99,"Dream Catcher":6,"Nunchaku":66,"Tiny Chest":123,"InkBottle":37,"Golden Idol":5,"PreservedInsect":25,"Omamori":106,"Orichalcum":34,"Frozen Egg 2":89,"Medical Kit":66,"White Beast Statue":96,"Calling Bell":25,"Peace Pipe":76,"Guardian:StasisUpgradeRelic":109,"CaptainsWheel":4,"Anchor":21,"betterThird:SlimedRelic":40,"Turnip":66,"Bag of Marbles":63,"Art of War":133,"Bottled Lightning":10,"Membership Card":96,"hexamod:BolsterEngine":45,"FossilizedHelix":58,"Toy Ornithopter":105},{"Calipers":565,"Gremlin Horn":274,"Vajra":154,"Ginger":211,"Sling":211,"Guardian:PickAxe":121,"Blood Vial":270,"Lizard Tail":91,"Centennial Puzzle":277,"HornCleat":266,"Sundial":61,"DollysMirror":485,"Strawberry":460,"Prayer Wheel":130,"Kunai":521,"Girya":426,"MerchantsRug":476,"Happy Flower":525,"Astrolabe":259,"Dead Branch":532,"Guardian:ModeShifter":0,"Oddly Smooth Stone":167,"Eternal Feather":237,"Pen Nib":184,"Guardian:PocketSentry":237,"War Paint":367,"Akabeko":446,"OrangePellets":532,"Bottled Flame":561,"Shuriken":479,"Pandora\u0027s Box":75,"Black Star":490,"Unceasing Top":367,"Pocketwatch":545,"Darkstone Periapt":130,"Guardian:StasisSlotReductionRelic":38,"Lantern":150,"Guardian:ModeShifterPlus":288,"Guardian:StasisCodex":340,"Incense Burner":18,"Bag of Preparation":476,"Ancient Tea Set":145,"Smiling Mask":485,"Dream Catcher":28,"Nunchaku":349,"Tiny Chest":561,"InkBottle":196,"Golden Idol":22,"PreservedInsect":130,"Omamori":510,"Orichalcum":177,"Frozen Egg 2":456,"Medical Kit":349,"White Beast Statue":476,"Calling Bell":130,"Peace Pipe":412,"Guardian:StasisUpgradeRelic":521,"CaptainsWheel":18,"Anchor":107,"betterThird:SlimedRelic":214,"Turnip":349,"Bag of Marbles":326,"Art of War":591,"Bottled Lightning":50,"Membership Card":476,"hexamod:BolsterEngine":240,"FossilizedHelix":296,"Toy Ornithopter":504}],"Pocketwatch":[15]},"card_choices":[{"not_picked":["Guardian:WalkerClaw","Guardian:Suspension","Guardian:TemporalStrike"],"picked":"SKIP","floor":1.0},{"not_picked":["Guardian:ChargeCore","Guardian:TimeBomb"],"picked":"Guardian:SentryBeam","floor":2.0},{"not_picked":["Guardian:RollAttack","Guardian:Planning"],"picked":"Guardian:Recover","floor":4.0},{"not_picked":["Guardian:Preprogram","Guardian:PrimingBeam"],"picked":"Guardian:GemFire","floor":5.0},{"not_picked":["Guardian:Emergency","Guardian:Clone"],"picked":"Guardian:PrismaticBeam","floor":7},{"not_picked":["Guardian:VentSteam","Guardian:Gem_Green"],"picked":"Guardian:FuturePlans","floor":11},{"not_picked":["Guardian:RollAttack","Guardian:Reroute"],"picked":"Guardian:Gem_Orange","floor":14},{"not_picked":["Guardian:StasisField","Guardian:GemFinder"],"picked":"Guardian:Gem_Orange","floor":16},{"not_picked":["Guardian:Recover","Guardian:MultiBeam"],"picked":"Guardian:PiercingHide","floor":18},{"not_picked":["Guardian:Suspension+1","Guardian:PrimingBeam"],"picked":"Guardian:ShieldCharger","floor":19},{"not_picked":["expansioncontent:QuickStudy","Flash of Steel"],"picked":"Master of Strategy","floor":22},{"not_picked":["Trip","expansioncontent:Corrupt"],"picked":"expansioncontent:QuickStudy","floor":22},{"not_picked":["Guardian:Harden","Guardian:TemporalStrike+1"],"picked":"Guardian:CrystalBeam+1","floor":24},{"not_picked":["Guardian:AncientConstruct","Guardian:Suspension+1"],"picked":"Guardian:PrimingBeam+1","floor":25},{"not_picked":["Guardian:PolyBeam","Guardian:Harden"],"picked":"Guardian:ShieldSpikes","floor":30},{"not_picked":["Guardian:Planning","Guardian:MultiBeam"],"picked":"Guardian:Gem_Red","floor":31},{"not_picked":["Guardian:HyperBeam_Guardian","Guardian:GemFire"],"picked":"Guardian:SphericShield","floor":33},{"not_picked":["Guardian:PolyBeam","Guardian:MultiBeam"],"picked":"Guardian:Gem_Lightblue","floor":35},{"not_picked":["Guardian:Planning","Guardian:VentSteam"],"picked":"Guardian:Gem_Green","floor":37},{"not_picked":["Guardian:MultiBeam","Guardian:Gem_Cyan"],"picked":"Guardian:Gem_White","floor":38},{"not_picked":["Guardian:TemporalStrike","Guardian:ChargeCore"],"picked":"Guardian:PiercingHide+1","floor":39},{"not_picked":["Guardian:PrimingBeam","Guardian:Planning"],"picked":"Guardian:Gem_Blue","floor":41},{"not_picked":["Guardian:BronzeOrb+1","Guardian:Recover","Guardian:TemporalShield"],"picked":"SKIP","floor":45},{"not_picked":["Guardian:Reroute","Guardian:RollAttack"],"picked":"Guardian:PiercingHide+1","floor":48},{"not_picked":["Guardian:EvasiveProtocol","Guardian:RefractedBeam+1","Guardian:PiercingHide"],"picked":"SKIP","floor":54}],"player_experience":790784,"relics_obtained":[{"floor":7,"key":"Pocketwatch"},{"floor":25,"key":"Tiny Chest"},{"floor":26,"key":"Bottled Flame"},{"floor":30,"key":"Calipers"},{"floor":42,"key":"Blood Vial"},{"floor":43,"key":"Akabeko"},{"floor":48,"key":"Art of War"},{"floor":54,"key":"Bottled Lightning"}],"event_choices":[{"damage_healed":0,"gold_gain":75,"player_choice":"Gold","damage_taken":11,"max_hp_gain":0,"max_hp_loss":0,"event_name":"betterThird:BetterGoop","floor":12,"gold_loss":0},{"cards_removed":["Guardian:Strike_Guardian"],"damage_healed":0,"gold_gain":0,"player_choice":"Card Removal","damage_taken":0,"max_hp_gain":0,"max_hp_loss":0,"event_name":"The Cleric","floor":13,"gold_loss":75},{"damage_healed":0,"gold_gain":2,"player_choice":"1","damage_taken":0,"max_hp_gain":0,"max_hp_loss":0,"event_name":"betterStone:BetterStone","floor":22,"gold_loss":0},{"damage_healed":0,"gold_gain":0,"player_choice":"Insight","damage_taken":0,"max_hp_gain":0,"max_hp_loss":0,"event_name":"betterThird:BetterWriting","floor":28,"gold_loss":0,"cards_obtained":["Insight"]}],"is_beta":false,"boss_relics":[{"not_picked":["Fusion Hammer","Empty Cage"],"picked":"Pandora\u0027s Box"},{"not_picked":["Runic Pyramid","SlaversCollar"],"picked":"Guardian:ModeShifterPlus"}],"items_purged_floors":[0,3],"is_endless":false,"potions_floor_spawned":[2,4,14,24,30,31,33,35,37,39,54],"ascension_level":15}}