{"host":"w3q5ijqu8eoknil3","time":1609006814,"event":{"mods":["AchievementEnabler","BaseMod","Block Reminder","Colored Powertips","Minty Spire (QoL Compilation)","Quick Restart","Relic Stats","ojb\u0027s Better Paths Mod","ojb\u0027s Info Mod","slay the spire mod where everything is the same but ironclad has a cowboy hat"],"gold_per_floor":[118,118,137,16,16,16,50,68,68,100,100,112,141,161,161,238,238,257,257,290,290,58,58,58],"floor_reached":23,"playtime":761,"items_purged":["Decay"],"score":464,"play_id":"e899621c-3839-444d-b5d2-3e3201ac3cfb","local_time":"20201226182014","is_ascension_mode":true,"campfire_choices":[{"data":"Bash","floor":6,"key":"SMITH"},{"data":"Spot Weakness","floor":11,"key":"SMITH"},{"data":"Armaments","floor":15,"key":"SMITH"}],"circlet_count":0,"master_deck":["AscendersBane","Strike_R","Strike_R","Defend_R","Defend_R","Defend_R","Defend_R","Bash+1","Iron Wave","Wild Strike","Spot Weakness+1","Inflame","Ghostly Armor","Pommel Strike","Pommel Strike","Heavy Blade","Bludgeon","Armaments+1","Reaper","Shrug It Off","Iron Wave","Fire Breathing","Armaments","Limit Break"],"relics":["Burning Blood","NeowsBlessing","Matryoshka","Sundial","Question Card","Shuriken","Lizard Tail","Philosopher\u0027s Stone","Red Mask"],"acts_visited":["Exordium","TheCity"],"potions_floor_usage":[10,13,16,20],"damage_taken":[{"damage":0,"enemies":"Jaw Worm","floor":1,"turns":1},{"damage":0,"enemies":"2 Louse","floor":3,"turns":1},{"damage":0,"enemies":"Gremlin Nob","floor":7,"turns":1},{"damage":0,"enemies":"Small Slimes","floor":8,"turns":3},{"damage":15,"enemies":"3 Sentries","floor":10,"turns":8},{"damage":8,"enemies":"3 Louse","floor":12,"turns":3},{"damage":20,"enemies":"Lagavulin","floor":13,"turns":6},{"damage":17,"enemies":"Exordium Thugs","floor":14,"turns":4},{"damage":49,"enemies":"The Guardian","floor":16,"turns":12},{"damage":3,"enemies":"Chosen","floor":18,"turns":3},{"damage":83,"enemies":"Masked Bandits","floor":20,"turns":6},{"damage":18,"enemies":"Slavers","floor":23,"turns":2}],"seed_played":"1741268609022862318","potions_obtained":[{"floor":1,"key":"Swift Potion"},{"floor":8,"key":"LiquidMemories"},{"floor":12,"key":"FearPotion"},{"floor":18,"key":"AttackPotion"}],"is_trial":false,"path_per_floor":["M","?","M","$","?","R","E","M","T","E","R","M","E","M","R","B",null,"M","?","?","?","$","E"],"character_chosen":"IRONCLAD","items_purchased":["Spot Weakness","Inflame","Limit Break"],"campfire_rested":0,"item_purchase_floors":[4,4,22],"current_hp_per_floor":[74,67,73,73,78,78,80,80,80,71,71,69,55,44,44,46,72,80,80,16,16,16,0,0],"gold":58,"neow_bonus":"THREE_ENEMY_KILL","is_daily":false,"chose_seed":false,"campfire_upgraded":3,"win_rate":0.0,"timestamp":1609006814,"path_taken":["M","?","M","$","?","R","E","M","T","E","R","M","E","M","R","BOSS","M","?","?","?","?","E"],"items_purchased_type":["Card","Card","Card"],"build_version":"2020-12-22","purchased_purges":1,"victory":false,"max_hp_per_floor":[75,75,75,75,80,80,80,80,80,80,80,80,80,80,80,80,80,80,80,80,80,80,80,80],"relic_stats":{"Lizard Tail":40,"counters":[12,50],"Sundial":[4],"Shuriken":[3],"Question Card":7,"obtain_stats":[{"Lizard Tail":13,"Matryoshka":7,"NeowsBlessing":0,"Sundial":9,"Shuriken":10,"Philosopher\u0027s Stone":17,"Red Mask":20,"Question Card":9,"Burning Blood":0},{"Lizard Tail":7,"Matryoshka":3,"NeowsBlessing":0,"Sundial":4,"Shuriken":5,"Philosopher\u0027s Stone":9,"Red Mask":11,"Question Card":4,"Burning Blood":0},{"Lizard Tail":23,"Matryoshka":3,"NeowsBlessing":0,"Sundial":6,"Shuriken":14,"Philosopher\u0027s Stone":39,"Red Mask":48,"Question Card":6,"Burning Blood":0}],"Burning Blood":51},"card_choices":[{"not_picked":["Battle Trance","Rupture"],"picked":"Iron Wave","floor":1},{"not_picked":["Headbutt","Anger"],"picked":"Wild Strike","floor":3},{"not_picked":["Corruption","Twin Strike"],"picked":"Ghostly Armor","floor":7},{"not_picked":["Havoc","Headbutt"],"picked":"Pommel Strike","floor":8},{"not_picked":["Dark Embrace","Anger","Body Slam"],"picked":"Pommel Strike","floor":10},{"not_picked":["Clothesline","Clash","Rage"],"picked":"Heavy Blade","floor":12},{"not_picked":["Dropkick","Dark Embrace","Heavy Blade"],"picked":"Bludgeon","floor":13},{"not_picked":["True Grit","Warcry","Twin Strike"],"picked":"Armaments","floor":14},{"not_picked":["Juggernaut","Bludgeon","Feed"],"picked":"Reaper","floor":16},{"not_picked":["Headbutt","Combust+1","Havoc"],"picked":"Shrug It Off","floor":18},{"not_picked":["Uppercut","Dark Embrace","Pommel Strike"],"picked":"Armaments","floor":20}],"player_experience":951859,"relics_obtained":[{"floor":7,"key":"Matryoshka"},{"floor":9,"key":"Sundial"},{"floor":9,"key":"Question Card"},{"floor":10,"key":"Shuriken"},{"floor":13,"key":"Lizard Tail"},{"floor":20,"key":"Red Mask"}],"event_choices":[{"cards_removed":["Strike_R"],"damage_healed":0,"gold_gain":0,"player_choice":"Card Removal","damage_taken":7,"max_hp_gain":0,"max_hp_loss":0,"event_name":"Golden Wing","floor":2,"gold_loss":0},{"damage_healed":0,"gold_gain":0,"player_choice":"Donut","damage_taken":0,"max_hp_gain":5,"max_hp_loss":0,"event_name":"Big Fish","floor":5,"gold_loss":0},{"damage_healed":0,"gold_gain":0,"cards_transformed":["Strike_R","Strike_R"],"player_choice":"Became Test Subject","damage_taken":0,"max_hp_gain":0,"max_hp_loss":0,"event_name":"Drug Dealer","floor":19,"gold_loss":0,"cards_obtained":["Iron Wave","Fire Breathing"]},{"damage_healed":0,"gold_gain":0,"player_choice":"Fought Bandits","damage_taken":0,"max_hp_gain":0,"max_hp_loss":0,"event_name":"Masked Bandits","floor":20,"gold_loss":0},{"damage_healed":0,"gold_gain":0,"player_choice":"Smashed Altar","damage_taken":0,"max_hp_gain":0,"max_hp_loss":0,"event_name":"Forgotten Altar","floor":21,"gold_loss":0,"cards_obtained":["Decay"]}],"is_beta":false,"boss_relics":[{"not_picked":["Sozu","Busted Crown"],"picked":"Philosopher\u0027s Stone"}],"items_purged_floors":[22],"is_endless":false,"potions_floor_spawned":[1,8,12,18],"killed_by":"Slavers","ascension_level":20}}