{"host":"mvtpegmks4ispacb","time":1609016403,"event":{"mods":["AchievementEnabler","Act Like it!","Aspiration","BaseMod","Beaked The Cultist","Clockwork Mod","Colored Map","Downfall","GifTheSpireLib","Gremlin Mod","Hubris","Infinite Spire","Minty Spire (QoL Compilation)","Permanent Neow","Replay The Spire","StSLib","Stuff the Spire"],"gold_per_floor":[115,190,290,306,326,326,342,342,342,417,429,442,230,249,249,346,346,363,363,413,413,413,413,427,627,651,677,695,695,695,726,726,822,822,834,834,834,207,227,227,227,227,309,320,380,390,390,410,410,410],"floor_reached":51,"playtime":4344,"items_purged":["Defend_B","Defend_B","Normality","Amnesia"],"score":777,"play_id":"b6169667-c09c-4768-9eab-9150fb24a193","local_time":"20201226150003","is_ascension_mode":false,"campfire_choices":[{"data":"Zap","floor":6,"key":"SMITH"},{"data":"Coolheaded","floor":8,"key":"SMITH"},{"data":"White Noise","floor":15,"key":"SMITH"},{"data":"Glacier","floor":23,"key":"SMITH"},{"data":"hubris:InfiniteBlow+12","floor":30,"key":"SMITH"},{"data":"StuffTheSpire:ShieldGenerator+1","floor":32,"key":"SMITH"},{"data":"hubris:InfiniteBlow+13","floor":40,"key":"SMITH"},{"data":"Replay:Fractal Strike","floor":42,"key":"SMITH"},{"floor":49,"key":"REST"}],"circlet_count":0,"master_deck":["Strike_B","Strike_B","Strike_B","Defend_B","Defend_B","Zap+1","Dualcast","Cold Snap","Coolheaded+1","Steam Power","Sweeping Beam","Glacier+1","Leap","White Noise+1","Capacitor","Capacitor","Core Surge","hubris:InfiniteBlow+14","StuffTheSpire:ShieldGenerator+2","Replay:Fractal Strike+1","Beam Cell+1","Storm+1","ReplayTheSpireMod:Splinters","Recycle+1","StuffTheSpire:BrainWave"],"relics":["Cracked Core","hubris:Zylophone","aspiration:BursterCore","Ring of Greed","hubris:MobiusCoin","The Courier","Ring of Panic","Eternal Feather","hubris:64BitClover","Replay:Baseball","StuffTheSpire:Barrel","infinitespire:Broken Mirror","DataDisk","hubris:TerracottaHorce","Membership Card","aspiration:Nostalgia","hexamod:SpiritBrand","TungstenRod","Replay:WaspNest","infinitespire:CheckeredPen","Replay:Antivirus Software","ReplayTheSpireMod:Lightbulb","Mummified Hand","ReplayTheSpireMod:Ninjato"],"acts_visited":["Exordium","TheCity","TheBeyond"],"potions_floor_usage":[16,16,33,33],"damage_taken":[{"damage":0,"enemies":"Small Slimes","floor":1,"turns":3},{"damage":0,"enemies":"Jaw Worm","floor":4,"turns":4},{"damage":0,"enemies":"Cultist","floor":5,"turns":3},{"damage":0,"enemies":"2 Fungi Beasts","floor":7,"turns":3},{"damage":0,"enemies":"Exordium Thugs","floor":11,"turns":4},{"damage":0,"enemies":"Blue Slaver","floor":12,"turns":4},{"damage":7,"enemies":"Large Slime","floor":14,"turns":6},{"damage":0,"enemies":"The Guardian","floor":16,"turns":11},{"damage":53,"enemies":"3 Byrds","floor":18,"turns":5},{"damage":1,"enemies":"Chosen","floor":24,"turns":2},{"damage":13,"enemies":"Replay:Snechameleon","floor":27,"turns":4},{"damage":0,"enemies":"3 Cultists","floor":28,"turns":4},{"damage":3,"enemies":"Gremlin Leader","floor":31,"turns":3},{"damage":15,"enemies":"hubris:MusketHawk","floor":33,"turns":4},{"damage":0,"enemies":"3 Shapes","floor":35,"turns":3},{"damage":0,"enemies":"Orb Walker","floor":39,"turns":2},{"damage":14,"enemies":"Maw","floor":44,"turns":4},{"damage":0,"enemies":"Sphere and 2 Shapes","floor":45,"turns":2},{"damage":0,"enemies":"3 Darklings","floor":46,"turns":3},{"damage":27,"enemies":"Jaw Worm Horde","floor":48,"turns":2},{"damage":16,"enemies":"Time Eater","floor":50,"turns":4}],"seed_played":"-6369745392302043879","potions_obtained":[{"floor":1,"key":"hexamod:EctoCoolerPotion"},{"floor":4,"key":"BlessingOfTheForge"},{"floor":7,"key":"FocusPotion"},{"floor":18,"key":"Strength Potion"},{"floor":27,"key":"ColorlessPotion"},{"floor":44,"key":"SteroidPotion"},{"floor":46,"key":"DuplicationPotion"}],"is_trial":false,"path_per_floor":["M","?","?","M","M","R","M","R","T","?","M","M","$","M","R_BF","B",null,"M","?","?","?","AVR","R","M","?","T","E","M","T","R","E","R","B",null,"M","AVR","?","$","M","R","?","R","T","M","M","M","?","M","R","B",null],"character_chosen":"DEFECT","items_purchased":["White Noise","Capacitor","aspiration:Nostalgia","TungstenRod","Replay:WaspNest","infinitespire:CheckeredPen","Replay:Antivirus Software","ReplayTheSpireMod:Lightbulb","Orichalcum"],"campfire_rested":1,"item_purchase_floors":[13,13,38,38,38,38,38,38,38],"current_hp_per_floor":[75,64,64,64,64,64,64,64,64,57,57,57,57,50,50,50,75,22,22,22,22,22,31,30,30,30,17,17,17,29,26,38,23,62,62,62,62,62,62,71,54,66,66,52,52,52,52,25,62,46],"gold":410,"neow_bonus":"REMOVE_CARD","is_daily":false,"chose_seed":false,"campfire_upgraded":8,"win_rate":0.0,"timestamp":1609016403,"path_taken":["M","?","?","M","M","R","?","R","T","?","M","M","$","M","R_BF","BOSS","M","?","?","?","AVR","R","M","?","T","E","?","?","R","E","R","BOSS","M","AVR","?","?","M","R","?","R","T","M","M","M","?","M","R","BOSS"],"items_purchased_type":["Card","Card","Relic","Relic","Relic","Relic","Relic","Relic","Relic"],"build_version":"2020-12-22","purchased_purges":4,"victory":true,"max_hp_per_floor":[75,75,75,75,75,75,75,75,75,75,75,75,75,75,75,75,75,75,75,75,75,75,75,75,75,75,75,75,75,75,75,75,75,75,75,75,75,75,75,75,75,75,75,75,75,75,75,75,75,75],"card_choices":[{"not_picked":["StuffTheSpire:Plugnplay","Beam Cell"],"picked":"Cold Snap","floor":1},{"not_picked":["Lockon","StuffTheSpire:Plugnplay"],"picked":"Coolheaded","floor":4},{"not_picked":["StuffTheSpire:Synthwave","Gash"],"picked":"Steam Power","floor":5},{"not_picked":["Turbo","Coolheaded"],"picked":"Sweeping Beam","floor":7},{"not_picked":["Crystallizer","Turbo"],"picked":"Glacier","floor":11},{"not_picked":["Turbo","StuffTheSpire:SnapShoot"],"picked":"Leap","floor":12},{"not_picked":["Sweeping Beam","Reprogram","Skim"],"picked":"SKIP","floor":14},{"not_picked":["ReplayRNGCard","StuffTheSpire:LaunchingStrike"],"picked":"Core Surge","floor":16},{"not_picked":["Streamline","Rebound+1","Leap"],"picked":"SKIP","floor":18},{"not_picked":["Darkness+1","ReplayTheSpireMod:System Scan","StuffTheSpire:Rend"],"picked":"SKIP","floor":24},{"not_picked":["ReplayTheSpireMod:GoodbyeWorld","Recycle","Barrage"],"picked":"SKIP","floor":27},{"not_picked":["Sweeping Beam","Turbo+1","Stack"],"picked":"SKIP","floor":28},{"not_picked":["Panic Button+1","Barrage"],"picked":"StuffTheSpire:ShieldGenerator+1","floor":31},{"not_picked":["Conserve Battery+1","Rebound+1","Gash+1"],"picked":"SKIP","floor":35},{"not_picked":["StuffTheSpire:CleanHardDrive","Hologram","Sunder"],"picked":"SKIP","floor":39},{"not_picked":["infinitespire:Menacing","infinitespire:Collect"],"picked":"Replay:Fractal Strike","floor":41},{"not_picked":["StuffTheSpire:Plugnplay","ReplayTheSpireMod:Repulse+1"],"picked":"Beam Cell+1","floor":44},{"not_picked":["Static Discharge+1","BasicCrystalCard"],"picked":"Storm+1","floor":45},{"not_picked":["FTL+1","Go for the Eyes"],"picked":"Recycle+1","floor":46},{"not_picked":["StuffTheSpire:Brawn","StuffTheSpire:Vigor"],"picked":"StuffTheSpire:BrainWave","floor":47},{"not_picked":["Ball Lightning","ReplayTheSpireMod:Repulse","hubris:DoWhile"],"picked":"SKIP","floor":48}],"player_experience":680788,"relics_obtained":[{"floor":9,"key":"hubris:Zylophone"},{"floor":20,"key":"Ring of Greed"},{"floor":20,"key":"hubris:MobiusCoin"},{"floor":20,"key":"The Courier"},{"floor":20,"key":"Ring of Panic"},{"floor":26,"key":"Replay:Baseball"},{"floor":27,"key":"StuffTheSpire:Barrel"},{"floor":29,"key":"infinitespire:Broken Mirror"},{"floor":31,"key":"DataDisk"},{"floor":43,"key":"Mummified Hand"},{"floor":45,"key":"ReplayTheSpireMod:Ninjato"}],"event_choices":[{"damage_healed":0,"gold_gain":75,"player_choice":"Gather Gold","damage_taken":11,"max_hp_gain":0,"max_hp_loss":0,"event_name":"World of Goop","floor":2,"gold_loss":0},{"damage_healed":0,"gold_gain":100,"player_choice":"Pray","damage_taken":0,"max_hp_gain":0,"max_hp_loss":0,"event_name":"Golden Shrine","floor":3,"gold_loss":0},{"damage_healed":0,"gold_gain":75,"player_choice":"Touch","damage_taken":7,"max_hp_gain":0,"max_hp_loss":0,"event_name":"FaceTrader","floor":10,"gold_loss":0},{"damage_healed":0,"gold_gain":200,"player_choice":"Gold","damage_taken":0,"max_hp_gain":0,"max_hp_loss":0,"event_name":"Wheel of Change","floor":25,"gold_loss":0},{"cards_removed":["Writhe"],"damage_healed":0,"gold_gain":0,"player_choice":"Purged","damage_taken":0,"max_hp_gain":0,"max_hp_loss":0,"event_name":"Purifier","floor":37,"gold_loss":0}],"is_beta":false,"boss_relics":[{"not_picked":["hubris:BlackHole","hubris:HollowSoul"],"picked":"aspiration:BursterCore"},{"not_picked":["Astrolabe","aspiration:FutureDiary"],"picked":"hubris:TerracottaHorce"}],"items_purged_floors":[13,22,36,38],"is_endless":false,"potions_floor_spawned":[1,4,7,12,18,27,44,46],"ascension_level":0}}