{"host":"ye7dkdlypz0ka1od","time":1609012542,"event":{"mods":["Act Like it!","Aspiration","BaseMod","Better Third Choice","Downfall","Gensokyo","Hallownest","Infinite Spire","Minty Spire (QoL Compilation)","StSLib","The Exalted","[IsaacMod]????"],"gold_per_floor":[119,132,11,28,53,53,53,79,79,79,79,79,41,41,41,137,137,157,157,172,190,200,200,120,135,186,186,186,186,101,128,128,233,233,252,252,252,352,352,381,431,431,431,431,446,465,484,15,15,113,113,119,121,63,63,99,99,29,31,31,277,277,277,278,285,285,368,368,368,69,69,71,152,152,174,174,174,0,0,0,0,169,169,481,481,480,480,0,7,7,25,25,25,25,28,28,35,61,65,65,107,107,114,125,125,125,111,135,19,19,68,69,66,66,62,69,69,105,105,108,113,113,113,108,108,123,123,123,117,117,124,124,151,151,190,190,195,195,200,200,200,210,210,217,244,244,466,466,467,469,469,499,499,499,266,280,388],"floor_reached":158,"playtime":7703,"items_purged":["Bromod:Strike_Bro","Bromod:Defend_Bro","Bromod:Defend_Bro","Bromod:Defend_Bro","expansioncontent:ManipulateTime"],"score":4799,"play_id":"550a3964-05bb-4590-8c17-f1d50fad953a","local_time":"20201226145542","is_ascension_mode":false,"campfire_choices":[{"data":"Bromod:Continuity","floor":6.0,"key":"SMITH"},{"data":"Bromod:SteelCharge","floor":10.0,"key":"SMITH"},{"data":"Bromod:QuickDraw","floor":12.0,"key":"SMITH"},{"data":"Bromod:Vitality","floor":15.0,"key":"SMITH"},{"data":"Bromod:QuickThinking","floor":23.0,"key":"SMITH"},{"data":"Bromod:Vitality","floor":27.0,"key":"SMITH"},{"data":"Bromod:SteelCharge","floor":29.0,"key":"SMITH"},{"data":"Bromod:ArchwingLauncher","floor":44,"key":"SMITH"},{"data":"Bromod:DriftingContact","floor":49,"key":"SMITH"},{"data":"Bromod:JaggedEdge","floor":57,"key":"SMITH"},{"data":"Pain","floor":63,"key":"PURGE"},{"data":"infinitespire:Collect","floor":66,"key":"SMITH"},{"data":"Barricade","floor":74,"key":"SMITH"},{"data":"Bromod:FastHands","floor":76,"key":"SMITH"},{"data":"Bromod:Berserker","floor":80,"key":"SMITH"},{"data":"Bloodletting","floor":83,"key":"PURGE"},{"data":"Writhe","floor":92,"key":"PURGE"},{"data":"Limit Break","floor":96,"key":"SMITH"},{"data":"Bromod:ExaltedBlade","floor":100,"key":"SMITH"},{"data":"Pain","floor":114,"key":"PURGE"},{"data":"Writhe","floor":117,"key":"PURGE"},{"data":"Double Tap","floor":125,"key":"SMITH"},{"data":"Berserk","floor":127,"key":"SMITH"},{"data":"Bromod:SlashDash","floor":130,"key":"SMITH"},{"data":"Master of Strategy","floor":132,"key":"SMITH"},{"data":"Berserk","floor":134,"key":"SMITH"},{"data":"Bromod:Thunderbolt","floor":143,"key":"SMITH"},{"data":"Shame","floor":146,"key":"PURGE"},{"data":"infinitespire:Execution","floor":148,"key":"SMITH"},{"data":"Berserk","floor":151,"key":"SMITH"},{"data":"Bromod:SlashDash","floor":154,"key":"SMITH"}],"circlet_count":1,"master_deck":["Bromod:SlashDash+1","Bromod:SlashDash+1","expansioncontent:GuardianWhirl+1","Bromod:SteelCharge+1","Bromod:QuickDraw+1","Bromod:SlashDash+1","Bromod:Vitality+1","Bromod:QuickThinking+1","Bromod:NorthWind+1","Bromod:Vitality+1","Bromod:SteelCharge+1","Bromod:EnergySiphon+1","Bromod:DriftingContact+1","Bromod:ArchwingLauncher+1","infinitespire:Collect+1","infinitespire:Gouge+1","Shrug It Off+1","Seeing Red+1","Bromod:JaggedEdge+1","Bromod:ShatteringImpact","Bromod:SlashDash+1","infinitespire:UltimateForm+1","Barricade+1","Bromod:ToxicBarrage+1","Berserk+1","Bromod:JaggedEdge","Bromod:Berserker+1","Bromod:ExaltedBlade+1","Limit Break+1","Master of Strategy+1","Violence","Heavy Blade+1","Berserk+1","Bromod:QuickThinking+1","Double Tap+1","Berserk+1","Bromod:Thunderbolt+1","infinitespire:Execution+1"],"relics":["Bromod:Ordis","Bromod:AscarisDevice","HushsDoor","SatanicBible","aspiration:ArtOfWarUpgrade","TheBean","The Courier","infinitespire:Beetle Shell","MagicMushroom","Bromod:ArcaneNullifier","Ancient Tea Set","Bottled Tornado","aspiration:IroncladSkillbook","Bromod:ArcaneVictory","Black Star","Bird Faced Urn","infinitespire:Satchel","Boot","Whetstone","Unceasing Top","DeathBook","Lee\u0027s Waffle","Peace Pipe","Pandora\u0027s Box","infinitespire:CheckeredPen","Oddly Smooth Stone","aspiration:ChemicalBlood","infinitespire:Bottled Soul","infinitespire:PuzzleCube","Bromod:ArcaneGuardian","Ornamental Fan","Gensokyo:LunaticRedEyes","Bromod:ArcaneGrace","ClockworkSouvenir","aspiration:DSix","Lizard Tail","SalivaCoin","aspiration:VileToxins","Cursed Key","Red Mask","aspiration:HatOfInfinitePower","infinitespire:WardingShard","Gremlin Horn","Blood Vial","infinitespire:BottledMercury","Vajra","Pen Nib","Torii","Philosopher\u0027s Stone","Hallownest:DreamNailRelic","Hallownest:SalubrasBlessingRelic","Bronze Scales","Dream Catcher","DollysMirror","Regal Pillow","Coffee Dripper","Hallownest:NailmastersGloryRelic","Juzu Bracelet","aspiration:HummingbirdHeart","Singing Bowl","SacredBark","Orichalcum","Bromod:ArcaneDeflection","BelialBook","Circlet","EdensBlessing","aspiration:FrozenJewel","Mercury Hourglass"],"acts_visited":["Exordium","TheCity","TheBeyond","TheBeyond","Gensokyo:Gensokyo","TheBeyond","TheBeyond","Hallownest:Greenpath","TheBeyond","TheEnding"],"potions_floor_usage":[47,53,75,95,126,126,157],"damage_taken":[{"damage":0.0,"enemies":"Cultist","floor":1.0,"turns":2.0},{"damage":0.0,"enemies":"2 Louse","floor":2.0,"turns":1.0},{"damage":1.0,"enemies":"Jaw Worm","floor":4.0,"turns":2.0},{"damage":0.0,"enemies":"Gremlin Nob","floor":8.0,"turns":2.0},{"damage":9.0,"enemies":"Hexaghost","floor":16.0,"turns":6.0},{"damage":0.0,"enemies":"3 Byrds","floor":18.0,"turns":2.0},{"damage":0.0,"enemies":"Shell Parasite","floor":20.0,"turns":3.0},{"damage":14.0,"enemies":"Snake Plant","floor":21.0,"turns":4.0},{"damage":0.0,"enemies":"Snecko","floor":22.0,"turns":4.0},{"damage":0.0,"enemies":"Cultist and Chosen","floor":25.0,"turns":6.0},{"damage":0.0,"enemies":"Nightmare","floor":31.0,"turns":5.0},{"damage":0.0,"enemies":"Champ","floor":33.0,"turns":10.0},{"damage":0.0,"enemies":"3 Shapes","floor":35.0,"turns":6.0},{"damage":2.0,"enemies":"infinitespire:Three Voidlings","floor":38.0,"turns":3.0},{"damage":13.0,"enemies":"Nightmare_Alpha","floor":38.0,"turns":14.0},{"damage":9,"enemies":"Nemesis","floor":40,"turns":7},{"damage":0,"enemies":"Mind Bloom Boss Battle","floor":41,"turns":5},{"damage":0,"enemies":"3 Darklings","floor":45,"turns":2},{"damage":0,"enemies":"Sphere and 2 Shapes","floor":46,"turns":3},{"damage":8,"enemies":"Transient","floor":47,"turns":5},{"damage":28,"enemies":"infinitespire:MassOfShapes","floor":50,"turns":8},{"damage":3,"enemies":"Gensokyo:Gryphon","floor":52,"turns":2},{"damage":0,"enemies":"Gensokyo:Python","floor":53,"turns":2},{"damage":3,"enemies":"Hiden Room Battle","floor":56,"turns":2},{"damage":0,"enemies":"Gensokyo:2_Kodama","floor":59,"turns":3},{"damage":3,"enemies":"Nightmare","floor":61,"turns":6},{"damage":0,"enemies":"Gensokyo:VengefulSpirit","floor":64,"turns":2},{"damage":3,"enemies":"Gensokyo:2_Rabbits","floor":65,"turns":2},{"damage":0,"enemies":"Gensokyo:Reimu","floor":67,"turns":4},{"damage":0,"enemies":"Gensokyo:2_Gloops","floor":69,"turns":3},{"damage":0,"enemies":"Gensokyo:CosmicMonolith","floor":72,"turns":2},{"damage":0,"enemies":"Gensokyo:CosmicMonolith","floor":73,"turns":4},{"damage":0,"enemies":"Gensokyo:Tenshi","floor":75,"turns":2},{"damage":0,"enemies":"Gensokyo:Slime_Group","floor":82,"turns":3},{"damage":0,"enemies":"Gensokyo:Kaguya","floor":84,"turns":9},{"damage":0,"enemies":"3 Shapes","floor":86,"turns":3},{"damage":0,"enemies":"Nemesis","floor":91,"turns":3},{"damage":0,"enemies":"3 Darklings","floor":95,"turns":2},{"damage":0,"enemies":"Giant Head","floor":97,"turns":3},{"damage":0,"enemies":"Mind Bloom Boss Battle","floor":98,"turns":4},{"damage":0,"enemies":"Jaw Worm Horde","floor":99,"turns":2},{"damage":0,"enemies":"LittleHush","floor":101,"turns":7},{"damage":0,"enemies":"2_ Uuma","floor":103,"turns":2},{"damage":0,"enemies":"Hallownest:2_Baldur","floor":104,"turns":2},{"damage":0,"enemies":"Hallownest:monsterMarmu","floor":107,"turns":2},{"damage":0,"enemies":"Nightmare","floor":108,"turns":3},{"damage":0,"enemies":"Hallownest:2_MossCreeps","floor":112,"turns":2},{"damage":0,"enemies":"Hallownest:1_Baldur_1_Crawlid_1_Warrior","floor":113,"turns":2},{"damage":0,"enemies":"Hallownest:Wandering_and_Horned","floor":115,"turns":3},{"damage":0,"enemies":"Hallownest:monsterMossCharger","floor":116,"turns":2},{"damage":6,"enemies":"LittleHush","floor":118,"turns":9},{"damage":0,"enemies":"Hallownest:2_Mistakes","floor":120,"turns":2},{"damage":0,"enemies":"Hallownest:3_Youths","floor":121,"turns":2},{"damage":0,"enemies":"Hallownest:Master_and_Novice","floor":124,"turns":3},{"damage":0,"enemies":"Nightmare_Alpha","floor":126,"turns":5},{"damage":0,"enemies":"Hallownest:Warrior_and_Youth","floor":129,"turns":2},{"damage":0,"enemies":"Hallownest:Warrior_and_Youth","floor":133,"turns":2},{"damage":0,"enemies":"Delirium","floor":135,"turns":8},{"damage":0,"enemies":"Orb Walker","floor":137,"turns":2},{"damage":0,"enemies":"3 Darklings","floor":139,"turns":2},{"damage":0,"enemies":"Reptomancer","floor":142,"turns":2},{"damage":0,"enemies":"Spire Growth","floor":149,"turns":2},{"damage":0,"enemies":"Maw","floor":150,"turns":3},{"damage":0,"enemies":"LittleHush","floor":152,"turns":10},{"damage":0,"enemies":"Shield and Spear","floor":156,"turns":2},{"damage":0,"enemies":"The Heart","floor":157,"turns":4}],"seed_played":"1149501658973282790","potions_obtained":[{"floor":4.0,"key":"sneckomod:MuddlingPotion"},{"floor":8.0,"key":"Guardian:BlockOnCardUsePotion"},{"floor":16.0,"key":"EssenceOfSteel"},{"floor":20.0,"key":"Regen Potion"},{"floor":21.0,"key":"Energy Potion"},{"floor":33.0,"key":"infinitespire:BlackPotion"},{"floor":40,"key":"Bromod:EnergyRestore"},{"floor":46,"key":"Bromod:Forma"},{"floor":47,"key":"CultistPotion"},{"floor":53,"key":"Fruit Juice"},{"floor":64,"key":"Slimebound:ThreeZeroPotion"},{"floor":75,"key":"Bromod:ClemClone"},{"floor":95,"key":"Strength Potion"},{"floor":108,"key":"infinitespire:BlackPotion"},{"floor":126,"key":"Bromod:ShieldRestore"},{"floor":129,"key":"Block Potion"},{"floor":139,"key":"Energy Potion"}],"is_trial":false,"path_per_floor":["M","M","$","M","T","R","?","E","T","R","?","R","$","?","R","B",null,"M","?","M","M","M","R","$","M","T","R","?","R","?","NM","R","B",null,"M","AVR","?","?","T","E","?","R","T","R","M","M","M","$","R","B",null,"M","M","COS","$","?","R","?","M","T","NM","?","R","M","M","R","B",null,"M","COS","?","M","?","R","E","R","T","?","?","R","$","M","R","B",null,"M","?","?","?","?","E","R","AVR","T","M","R","E","?","M","R","B",null,"M","M","?","?","?","NM","$","?","T","M","M","R","M","M","R","B",null,"M","M","?","?","M","R","NM","R","T","M","R","?","R","?","R","B",null,"M","$","M","?","?","E","R","?","T","R","?","R","M","M","R","B",null,"R","$","E","B",null],"character_chosen":"THE_EXALTED","items_purchased":["Bromod:QuickDraw","Bromod:Vitality","Bromod:ArchwingLauncher","Lee\u0027s Waffle","Peace Pipe","Bromod:ToxicBarrage","Berserk","Limit Break","DollysMirror","EdensBlessing"],"campfire_rested":0,"item_purchase_floors":[3,13,34,48,48,68,68,85,109,155],"current_hp_per_floor":[75,75,75,74,74,74,74,74,74,74,59,59,59,44,44,35,82,82,82,82,68,69,69,69,70,70,70,70,70,70,82,82,82,79,79,79,79,71,71,79,79,79,79,79,79,79,79,86,86,82,86,86,91,91,91,91,91,91,91,91,91,91,91,91,91,91,91,84,84,84,84,84,84,84,84,84,84,84,84,84,84,84,84,84,81,81,81,81,71,81,81,81,81,81,81,81,81,81,81,81,81,81,81,81,81,81,78,78,78,87,87,87,87,87,87,87,87,87,87,87,87,87,87,87,87,87,87,87,89,89,85,85,89,89,89,89,91,91,91,91,91,93,93,70,70,70,70,70,90,97,97,99,104,104,104,106,108],"gold":388,"neow_bonus":"RANDOM_COLORLESS","is_daily":false,"chose_seed":false,"campfire_upgraded":25,"win_rate":0.0,"timestamp":1609012542,"path_taken":["M","M","$","M","?","R","?","E","T","R","?","R","?","?","R","BOSS","M","?","?","M","M","R","$","M","T","R","?","R","?","NM","R","BOSS","M","AVR","?","?","?","E","?","R","T","R","M","?","M","$","R","BOSS","M","?","COS","?","?","R","?","M","T","NM","?","R","M","M","R","BOSS","M","COS","?","M","?","R","E","R","T","?","?","R","$","M","R","BOSS","M","?","?","?","?","E","R","AVR","T","?","R","E","?","?","R","BOSS","M","M","?","?","?","NM","$","?","T","M","M","R","M","?","R","BOSS","M","M","?","?","?","R","NM","R","T","M","R","?","R","?","R","BOSS","M","$","M","?","?","E","R","?","T","R","?","R","M","M","R","BOSS","R","$","E","BOSS"],"items_purchased_type":["Card","Card","Card","Relic","Relic","Card","Card","Card","Relic","Relic"],"build_version":"2020-12-22","purchased_purges":5,"victory":true,"max_hp_per_floor":[75,75,75,75,75,75,75,75,75,75,75,75,75,75,75,75,82,82,82,82,82,82,82,82,82,82,82,82,82,82,82,82,82,79,79,79,79,79,79,79,79,79,79,79,79,79,79,86,86,86,86,86,91,91,91,91,91,91,91,91,91,91,91,91,91,91,91,84,84,84,84,84,84,84,84,84,84,84,84,84,84,84,84,84,81,81,81,81,81,81,81,81,81,81,81,81,81,81,81,81,81,81,81,81,81,81,78,78,78,87,87,87,87,87,87,87,87,87,87,87,87,87,87,87,87,87,87,87,89,89,89,89,89,89,89,89,91,91,91,91,91,93,93,93,93,93,93,93,95,97,97,99,104,104,104,106,108],"card_choices":[{"not_picked":[],"picked":"ChaosCard","floor":0.0},{"not_picked":["expansioncontent:Torchfire","Mind Blast"],"picked":"expansioncontent:GuardianWhirl","floor":0.0},{"not_picked":["Bromod:Redirection","Bromod:FastHands"],"picked":"Bromod:SteelCharge","floor":1.0},{"not_picked":["Bromod:SlipMagazine","Bromod:RelentlessCombination"],"picked":"Bromod:Continuity","floor":2.0},{"not_picked":["Bromod:ShatteringImpact","Bromod:Stormbringer"],"picked":"Bromod:SlashDash","floor":4.0},{"not_picked":["Bromod:PointStrike","Bromod:BodyCount"],"picked":"Bromod:QuickDraw","floor":8.0},{"not_picked":["Bromod:ExaltedBlade","Bromod:Berserker"],"picked":"Bromod:QuickThinking","floor":16.0},{"not_picked":["Bromod:PointBlank+1","Bromod:Maglev"],"picked":"Bromod:NorthWind","floor":18.0},{"not_picked":["Bromod:QuickDraw+1","Bromod:NorthWind"],"picked":"Bromod:Vitality","floor":20.0},{"not_picked":["Bromod:OrganShatter","Bromod:Patagium","Bromod:BulletJump"],"picked":"SKIP","floor":21.0},{"not_picked":["Bromod:BriefRespite","Bromod:BulletJump"],"picked":"Bromod:SteelCharge","floor":22.0},{"not_picked":["Bromod:BodyCount","Bromod:RelentlessCombination","Bromod:PointStrike"],"picked":"SKIP","floor":25.0},{"not_picked":["Bromod:ShatteringImpact+1","Bromod:FastHands"],"picked":"Bromod:EnergySiphon+1","floor":31.0},{"not_picked":["Bromod:Rage","Bromod:ExaltedBlade"],"picked":"Bromod:DriftingContact","floor":33.0},{"not_picked":["Evolve+1","Bromod:SpeedTrigger","Havoc"],"picked":"Bromod:Stormbringer+1","floor":35.0},{"not_picked":["infinitespire:SealOfDarkness+","infinitespire:SevenWalls"],"picked":"infinitespire:Gouge","floor":38},{"not_picked":["Heavy Blade","Flex+1","Headbutt+1"],"picked":"Shrug It Off+1","floor":38},{"not_picked":["Flex","Bromod:BriefRespite+1","Bromod:PressurePoint"],"picked":"Seeing Red+1","floor":40},{"not_picked":["Bromod:ShatteringImpact","Bromod:SteelCharge","Bromod:PointStrike","Sever Soul+1"],"picked":"SKIP","floor":45},{"not_picked":["Perfected Strike","Cleave","Clash","Bromod:Serration"],"picked":"SKIP","floor":46},{"not_picked":["Heavy Blade+1","Headbutt+1","Pummel+1","Rage+1"],"picked":"SKIP","floor":47},{"not_picked":["Bromod:Flow","Bromod:SplitChamber","Brutality"],"picked":"Bromod:JaggedEdge","floor":50},{"not_picked":["Armaments","Shrug It Off","Wild Strike","Bromod:PointStrike"],"picked":"SKIP","floor":52},{"not_picked":["Bromod:Vitality","Body Slam","Bromod:Flow"],"picked":"Bromod:ShatteringImpact","floor":53},{"not_picked":["Bromod:Foundry","Evolve","Bromod:HornetStrike","Flex"],"picked":"SKIP","floor":59},{"not_picked":["Flame Barrier","Blood for Blood","Bromod:FastHands","Dark Embrace"],"picked":"SKIP","floor":61},{"not_picked":["Warcry","Bromod:Rejuvenation","Reckless Charge","Bromod:BodyCount"],"picked":"SKIP","floor":64},{"not_picked":["Burning Pact","Reckless Charge","Armaments"],"picked":"Bromod:SlashDash","floor":65},{"not_picked":["infinitespire:SealOfDarkness+","infinitespire:DeathsTouch"],"picked":"infinitespire:UltimateForm","floor":67},{"not_picked":["Bromod:DriftingContact","Bromod:HellsChamber","Bromod:ThermiteRounds"],"picked":"Barricade","floor":67},{"not_picked":["Uppercut","Bromod:Stretch","Wild Strike","Pommel Strike"],"picked":"SKIP","floor":69},{"not_picked":["Intimidate","Havoc+1","Spot Weakness","Bromod:EnergySiphon+1"],"picked":"SKIP","floor":72},{"not_picked":["Bromod:FastHands","Carnage+1","Bromod:ContagiousSpread"],"picked":"Bromod:JaggedEdge","floor":73},{"not_picked":["Headbutt","Bromod:PointStrike","Sentinel+1"],"picked":"Bromod:FastHands","floor":75},{"not_picked":["Bromod:HornetStrike","Sword Boomerang","Bromod:ReflexCoil","Bromod:BloodRush+1"],"picked":"SKIP","floor":82},{"not_picked":["Bromod:LethalTorrent","Bromod:VoltaicStrike","Immolate"],"picked":"Bromod:ExaltedBlade","floor":84},{"not_picked":["Bromod:SlipMagazine","Headbutt","Shockwave","True Grit"],"picked":"SKIP","floor":86},{"not_picked":["BettingIsNotGood","BloodyBrimstone","expansioncontent:SuperHexaguard"],"picked":"expansioncontent:ManipulateTime","floor":89},{"not_picked":["expansioncontent:FaceSlap","Chrysalis","Bomb"],"picked":"Master of Strategy","floor":89},{"not_picked":["expansioncontent:Sear","Mind Blast","BettingIsNotGood"],"picked":"Violence","floor":89},{"not_picked":["Clash","Flex+1","Bromod:Redirection+1","Bromod:EnergySiphon"],"picked":"SKIP","floor":91},{"not_picked":["Bludgeon","Bromod:SeismicWave","infinitespire:OneForAll+1","Ghostly Armor"],"picked":"SKIP","floor":95},{"not_picked":["Sentinel+1","Bromod:FormaBlueprint+1","Bromod:SlipMagazine+1","Bromod:SteelFiber"],"picked":"SKIP","floor":97},{"not_picked":["Bromod:SlashDash+1","Wild Strike+1","Bromod:ThermiteRounds"],"picked":"Heavy Blade+1","floor":99},{"not_picked":["Limit Break","Exhume","Bromod:HellsChamber"],"picked":"Berserk","floor":101},{"not_picked":["Body Slam","True Grit","Bromod:Redirection","Bromod:BriefRespite"],"picked":"SKIP","floor":103},{"not_picked":["Bromod:BriefRespite","Bromod:ShatteringImpact","Bromod:FormaBlueprint","Pommel Strike"],"picked":"SKIP","floor":104},{"not_picked":["Entrench","Infernal Blade","Bromod:Vitality","Bromod:FocusEnergy"],"picked":"SKIP","floor":108},{"not_picked":["Bromod:ContagiousSpread","Bromod:Maglev","Rampage","Warcry"],"picked":"SKIP","floor":112},{"not_picked":["Clash","Bromod:Reflection","Bromod:RadialJavelin","Cleave"],"picked":"SKIP","floor":113},{"not_picked":["Bromod:Patagium","Bromod:SlipMagazine","Bromod:ShatteringImpact","Clothesline"],"picked":"SKIP","floor":115},{"not_picked":["Bromod:SlashDash","Disarm","Metallicize","Bromod:BulletJump"],"picked":"SKIP","floor":116},{"not_picked":["Bromod:Adaptation","Impervious","Corruption"],"picked":"Double Tap","floor":118},{"not_picked":["Blood for Blood+1","Bromod:KillingBlow","Thunderclap+1","Bromod:BloodRush"],"picked":"SKIP","floor":120},{"not_picked":["Cleave","Clash","Bromod:BulletJump","Bromod:Provoked"],"picked":"SKIP","floor":121},{"not_picked":["Bromod:SteelCharge","infinitespire:OneForAll+1","True Grit","Bromod:Rejuvenation"],"picked":"SKIP","floor":124},{"not_picked":["Intimidate","Uppercut+1","Thunderclap+1","Bromod:PressurePoint"],"picked":"SKIP","floor":126},{"not_picked":["Sentinel","Bromod:SlipMagazine","Perfected Strike","Clothesline+1"],"picked":"Singing Bowl","floor":129},{"not_picked":["Brutality","Feed","Barricade"],"picked":"Berserk","floor":135},{"not_picked":["Body Slam+1","Havoc","Bromod:EnergySiphon","Headbutt+1"],"picked":"Singing Bowl","floor":137},{"not_picked":["Perfected Strike+1","Havoc","Bromod:BodyCount"],"picked":"Bromod:Thunderbolt","floor":139},{"not_picked":["Bromod:SteelFiber+1","Entrench+1","Bromod:Foundry+1","Pommel Strike"],"picked":"Singing Bowl","floor":142},{"not_picked":["infinitespire:SealOfDarkness+","infinitespire:Gouge"],"picked":"infinitespire:Execution","floor":144},{"not_picked":["Thunderclap","Feed","Bromod:SlashDash","Bromod:RelentlessCombination"],"picked":"Singing Bowl","floor":149},{"not_picked":["Bromod:Foundry+1","Infernal Blade+1","Body Slam","Armaments"],"picked":"Singing Bowl","floor":150},{"not_picked":["Bromod:VoltaicStrike","Feed","Fiend Fire","Bromod:Frostbite"],"picked":"Singing Bowl","floor":152},{"not_picked":["Sword Boomerang+1","Headbutt+1","Bromod:Serration+1","Disarm+1"],"picked":"Singing Bowl","floor":156},{"not_picked":["Bromod:Flow","Bromod:ToxicFlight","Bromod:Adaptation","Brutality"],"picked":"Singing Bowl","floor":157}],"player_experience":1405172,"relics_obtained":[{"floor":5.0,"key":"Art of War"},{"floor":8.0,"key":"TheBean"},{"floor":9.0,"key":"The Courier"},{"floor":26.0,"key":"Bromod:ArcaneNullifier"},{"floor":31.0,"key":"Bottled Tornado"},{"floor":38,"key":"Bird Faced Urn"},{"floor":39,"key":"infinitespire:Satchel"},{"floor":40,"key":"Boot"},{"floor":40,"key":"Whetstone"},{"floor":41,"key":"Unceasing Top"},{"floor":43,"key":"DeathBook"},{"floor":56,"key":"infinitespire:CheckeredPen"},{"floor":56,"key":"Oddly Smooth Stone"},{"floor":60,"key":"infinitespire:Bottled Soul"},{"floor":61,"key":"Bromod:ArcaneGuardian"},{"floor":61,"key":"Ornamental Fan"},{"floor":73,"key":"aspiration:DSix"},{"floor":73,"key":"Lizard Tail"},{"floor":75,"key":"SalivaCoin"},{"floor":77,"key":"aspiration:VileToxins"},{"floor":91,"key":"infinitespire:WardingShard"},{"floor":91,"key":"Gremlin Horn"},{"floor":94,"key":"infinitespire:BottledMercury"},{"floor":97,"key":"Vajra"},{"floor":97,"key":"Pen Nib"},{"floor":98,"key":"Torii"},{"floor":108,"key":"Bronze Scales"},{"floor":108,"key":"Dream Catcher"},{"floor":111,"key":"Regal Pillow"},{"floor":126,"key":"Juzu Bracelet"},{"floor":126,"key":"aspiration:HummingbirdHeart"},{"floor":128,"key":"Singing Bowl"},{"floor":142,"key":"Orichalcum"},{"floor":142,"key":"Bromod:ArcaneDeflection"},{"floor":145,"key":"BelialBook"},{"floor":156,"key":"aspiration:FrozenJewel"},{"floor":156,"key":"Mercury Hourglass"}],"event_choices":[{"damage_healed":74.0,"max_hp_gain":0.0,"max_hp_loss":75.0,"gold_gain":0.0,"event_name":"betterThird:BetterShining","player_choice":"Upgrade","floor":11.0,"gold_loss":0.0,"damage_taken":15.0,"cards_upgraded":["Bromod:SlashDash","Bromod:SlashDash"]},{"damage_healed":0.0,"max_hp_gain":0.0,"max_hp_loss":0.0,"gold_gain":0.0,"event_name":"Vampires","player_choice":"Ignored","floor":28.0,"gold_loss":0.0,"damage_taken":0.0},{"damage_healed":0.0,"max_hp_gain":0.0,"max_hp_loss":0.0,"gold_gain":0.0,"event_name":"Addict","player_choice":"Obtained Relic","floor":30.0,"gold_loss":85.0,"damage_taken":0.0,"relics_obtained":["Ancient Tea Set"]},{"cards_removed":["Bromod:SlashDash"],"damage_healed":0.0,"max_hp_gain":0.0,"max_hp_loss":0.0,"gold_gain":0.0,"event_name":"Falling","player_choice":"Removed Attack","floor":37.0,"gold_loss":0.0,"damage_taken":0.0},{"cards_removed":["Bromod:Defend_Bro"],"damage_healed":0,"gold_gain":0,"player_choice":"Removed Skill","damage_taken":0,"max_hp_gain":0,"max_hp_loss":0,"event_name":"Falling","floor":38,"gold_loss":0},{"damage_healed":0,"gold_gain":0,"player_choice":"Fight","damage_taken":0,"max_hp_gain":0,"max_hp_loss":0,"event_name":"MindBloom","floor":41,"gold_loss":0},{"damage_healed":0,"gold_gain":0,"player_choice":"Fight","damage_taken":0,"max_hp_gain":0,"max_hp_loss":0,"event_name":"HidenRoomEvent","floor":56,"gold_loss":0},{"cards_removed":["Bromod:Continuity"],"damage_healed":0,"gold_gain":0,"player_choice":"Card Removal","damage_taken":0,"max_hp_gain":0,"max_hp_loss":0,"event_name":"Wheel of Change","floor":87,"gold_loss":0},{"damage_healed":0,"gold_gain":0,"player_choice":"Paid","damage_taken":0,"relics_obtained":["Red Mask"],"max_hp_gain":0,"max_hp_loss":0,"event_name":"Tomb of Lord Red Mask","floor":88,"gold_loss":480},{"damage_healed":0,"gold_gain":0,"player_choice":"Memory 3","damage_taken":10,"max_hp_gain":0,"max_hp_loss":0,"event_name":"SensoryStone","floor":89,"gold_loss":0},{"damage_healed":20,"gold_gain":0,"player_choice":"Writhe","damage_taken":0,"max_hp_gain":0,"max_hp_loss":0,"event_name":"Winding Halls","floor":90,"gold_loss":0,"cards_obtained":["Writhe"]},{"damage_healed":0,"gold_gain":0,"player_choice":"Fight","damage_taken":0,"max_hp_gain":0,"max_hp_loss":0,"event_name":"MindBloom","floor":98,"gold_loss":0},{"damage_healed":0,"gold_gain":0,"player_choice":"1 cards matched","damage_taken":0,"max_hp_gain":0,"max_hp_loss":0,"event_name":"Match and Keep!","floor":140,"gold_loss":0,"cards_obtained":["Doubt"]},{"cards_removed":["Doubt"],"damage_healed":0,"gold_gain":0,"player_choice":"Purged","damage_taken":0,"max_hp_gain":0,"max_hp_loss":0,"event_name":"Purifier","floor":141,"gold_loss":0},{"damage_healed":0,"gold_gain":222,"player_choice":"Wore Mask","damage_taken":0,"max_hp_gain":0,"max_hp_loss":0,"event_name":"Tomb of Lord Red Mask","floor":147,"gold_loss":0}],"is_beta":false,"boss_relics":[{"not_picked":["Tiny House","Astrolabe"],"picked":"MagicMushroom"},{"not_picked":[]},{"not_picked":["Empty Cage","aspiration:WatcherSkillbook"],"picked":"aspiration:IroncladSkillbook"},{"not_picked":[]},{"not_picked":["Velvet Choker","Runic Dome"],"picked":"Pandora\u0027s Box"},{"not_picked":[]},{"not_picked":["aspiration:RitualDagger","infinitespire:Cupcake"],"picked":"Bromod:ArcaneGrace"},{"not_picked":[]},{"not_picked":["SlaversCollar","Bromod:ArcaneBarrier"],"picked":"Cursed Key"},{"not_picked":[]},{"not_picked":["aspiration:RunicSpoon","ChampionBelt"],"picked":"Philosopher\u0027s Stone"},{"not_picked":[]},{"not_picked":["Snecko Eye","aspiration:PoetsPen_weak"],"picked":"Coffee Dripper"},{"not_picked":[]},{"not_picked":["Busted Crown","aspiration:FutureDiary"],"picked":"SacredBark"},{"not_picked":[]},{"not_picked":["Calling Bell","Circlet"],"picked":"Circlet"},{"not_picked":[]}],"items_purged_floors":[3,24,36,48,93],"is_endless":true,"potions_floor_spawned":[4,8,16,20,21,33,38,40,46,47,53,64,67,75,84,86,95,98,101,104,112,113,118,121,129,133,139,149,150,152],"ascension_level":0}}