{"host":"pf47v7h0307523iy","time":1609012807,"event":{"mods":["BaseMod","Minty Spire (QoL Compilation)"],"gold_per_floor":[118,131,151,20,20,46,66,94,94,94,94,137,137,160,160,249,249,268,193,193,207,232,248,248,267,267,267,300,300,323,338,338,436,436,455,455,468,468,468,468,468,468,468,468,501,501,541,562,562,562,562,562],"floor_reached":51,"playtime":3320,"items_purged":["Strike_G"],"score":1440,"play_id":"68c5eed5-d38b-4aeb-a294-a08e9939a23c","local_time":"20201226220007","is_ascension_mode":true,"campfire_choices":[{"floor":10.0,"key":"REST"},{"data":"Noxious Fumes","floor":13.0,"key":"SMITH"},{"data":"Leg Sweep","floor":15.0,"key":"SMITH"},{"data":"Crippling Poison","floor":24.0,"key":"SMITH"},{"data":"Footwork","floor":27.0,"key":"SMITH"},{"floor":29.0,"key":"REST"},{"data":"Catalyst","floor":32.0,"key":"SMITH"},{"data":"Bouncing Flask","floor":40.0,"key":"SMITH"},{"data":"Dodge and Roll","floor":42.0,"key":"SMITH"},{"data":"Noxious Fumes","floor":44.0,"key":"SMITH"},{"floor":46.0,"key":"RECALL"},{"data":"Dodge and Roll","floor":49.0,"key":"SMITH"}],"circlet_count":0,"master_deck":["AscendersBane","Strike_G+1","Defend_G","Defend_G","Defend_G","Defend_G+1","Defend_G","Survivor","Neutralize","Flying Knee","Poisoned Stab","Bouncing Flask+1","Noxious Fumes+1","Leg Sweep+1","Dodge and Roll+1","Noxious Fumes+1","Leg Sweep","Storm of Steel","Crippling Poison+1","Escape Plan","Dodge and Roll+1","Footwork+1","Backflip+1","Catalyst+1","Wraith Form v2+1","Footwork+1"],"relics":["Ring of the Serpent","Regal Pillow","Oddly Smooth Stone","Ninja Scroll","Letter Opener","Golden Idol","Sundial","Frozen Egg 2","Dream Catcher","Coffee Dripper","Eternal Feather","Ancient Tea Set","Bottled Lightning"],"acts_visited":["Exordium","TheCity","TheBeyond"],"potions_floor_usage":[],"damage_taken":[{"damage":3.0,"enemies":"2 Louse","floor":1.0,"turns":3.0},{"damage":8.0,"enemies":"Small Slimes","floor":2.0,"turns":5.0},{"damage":0.0,"enemies":"Jaw Worm","floor":3.0,"turns":5.0},{"damage":13.0,"enemies":"3 Sentries","floor":6.0,"turns":12.0},{"damage":6.0,"enemies":"Large Slime","floor":7.0,"turns":5.0},{"damage":5.0,"enemies":"Lagavulin","floor":8.0,"turns":6.0},{"damage":8.0,"enemies":"Gremlin Nob","floor":12.0,"turns":3.0},{"damage":0.0,"enemies":"2 Fungi Beasts","floor":14.0,"turns":4.0},{"damage":2.0,"enemies":"Hexaghost","floor":16.0,"turns":9.0},{"damage":4.0,"enemies":"Chosen","floor":18.0,"turns":4.0},{"damage":7.0,"enemies":"3 Byrds","floor":21.0,"turns":6.0},{"damage":0.0,"enemies":"Centurion and Healer","floor":22.0,"turns":7.0},{"damage":0.0,"enemies":"Cultist and Chosen","floor":23.0,"turns":6.0},{"damage":5.0,"enemies":"Snake Plant","floor":25.0,"turns":6.0},{"damage":28.0,"enemies":"Slavers","floor":28.0,"turns":7.0},{"damage":2.0,"enemies":"Snecko","floor":30.0,"turns":5.0},{"damage":10.0,"enemies":"Centurion and Healer","floor":31.0,"turns":7.0},{"damage":17.0,"enemies":"Champ","floor":33.0,"turns":14.0},{"damage":0.0,"enemies":"Orb Walker","floor":35.0,"turns":4.0},{"damage":8.0,"enemies":"3 Darklings","floor":37.0,"turns":5.0},{"damage":2.0,"enemies":"Giant Head","floor":45.0,"turns":10.0},{"damage":4.0,"enemies":"Nemesis","floor":47.0,"turns":11.0},{"damage":0.0,"enemies":"Spire Growth","floor":48.0,"turns":7.0},{"damage":45.0,"enemies":"Time Eater","floor":50.0,"turns":16.0},{"damage":20,"enemies":"Awakened One","floor":51,"turns":8}],"seed_played":"6687469662240412807","potions_obtained":[{"floor":1.0,"key":"Block Potion"},{"floor":7.0,"key":"FearPotion"},{"floor":8.0,"key":"AttackPotion"},{"floor":14.0,"key":"EssenceOfSteel"},{"floor":16.0,"key":"Regen Potion"},{"floor":18.0,"key":"PowerPotion"},{"floor":22.0,"key":"GamblersBrew"},{"floor":23.0,"key":"Strength Potion"},{"floor":33.0,"key":"ColorlessPotion"},{"floor":35.0,"key":"SkillPotion"},{"floor":48.0,"key":"SpeedPotion"}],"is_trial":false,"path_per_floor":["M","M","M","$","?","E","M","E","T","R","?","E","R","M","R","B",null,"M","?","?","M","M","M","R","M","T","R","E","R","M","M","R","B",null,"M","?","M","?","?","R","T","R","T","R","E","R","E","M","R","B","B"],"character_chosen":"THE_SILENT","items_purchased":["PowerPotion"],"campfire_rested":2,"item_purchase_floors":[4],"current_hp_per_floor":[56,48,48,48,28,15,9,4,4,38,38,30,30,30,30,28,52,48,48,48,56,56,56,56,51,51,51,23,56,54,44,44,27,52,52,52,44,44,44,44,44,44,44,57,55,57,53,53,57,12,0,0],"gold":562,"neow_bonus":"RANDOM_COMMON_RELIC","is_daily":false,"chose_seed":false,"campfire_upgraded":9,"win_rate":0.0,"timestamp":1609012807,"path_taken":["M","M","M","$","?","E","M","E","T","R","?","E","R","M","R","BOSS","M","?","?","M","M","M","R","M","T","R","E","R","M","M","R","BOSS","M","?","M","?","?","R","?","R","T","R","E","R","E","M","R","BOSS","BOSS"],"items_purchased_type":["Potion"],"build_version":"2020-12-22","purchased_purges":1,"victory":false,"max_hp_per_floor":[66,66,66,66,66,66,66,66,66,66,60,60,60,60,60,60,60,60,60,60,60,60,60,60,60,60,60,60,60,60,60,60,60,60,60,60,60,60,57,57,57,57,57,57,57,57,57,57,57,57,57,57],"card_choices":[{"not_picked":["Finisher","Bane"],"picked":"Flying Knee","floor":1.0},{"not_picked":["Terror","Flying Knee"],"picked":"Poisoned Stab","floor":2.0},{"not_picked":["Slice","Skewer"],"picked":"Dagger Spray","floor":3.0},{"not_picked":["Predator","PiercingWail"],"picked":"Bouncing Flask","floor":6.0},{"not_picked":["Heel Hook","Dagger Spray"],"picked":"Noxious Fumes","floor":7.0},{"not_picked":["Sucker Punch","Heel Hook"],"picked":"Leg Sweep","floor":8.0},{"not_picked":["Cloak And Dagger","Heel Hook"],"picked":"Dodge and Roll","floor":12.0},{"not_picked":["Predator","Acrobatics"],"picked":"Noxious Fumes","floor":14.0},{"not_picked":["Backflip","Accuracy"],"picked":"Leg Sweep","floor":18.0},{"not_picked":["Slice","Flying Knee"],"picked":"Escape Plan","floor":21.0},{"not_picked":["Backstab","Blade Dance"],"picked":"Dodge and Roll","floor":22.0},{"not_picked":["Flying Knee","All Out Attack+1","Underhanded Strike"],"picked":"SKIP","floor":23.0},{"not_picked":["Prepared","Bane"],"picked":"Footwork","floor":25.0},{"not_picked":["Dash+1","Backflip","Poisoned Stab"],"picked":"SKIP","floor":28.0},{"not_picked":["Dash+1","Backflip","Poisoned Stab"],"picked":"SKIP","floor":28.0},{"not_picked":["Outmaneuver","Slice"],"picked":"Backflip+1","floor":29.0},{"not_picked":["Doppelganger","Sucker Punch"],"picked":"Catalyst","floor":30.0},{"not_picked":["Choke","Cloak And Dagger","Calculated Gamble"],"picked":"SKIP","floor":31.0},{"not_picked":["Unload","Night Terror"],"picked":"Wraith Form v2+1","floor":33.0},{"not_picked":["Blade Dance","Sucker Punch","Accuracy+1"],"picked":"SKIP","floor":35.0},{"not_picked":["Flechettes","Backstab","Catalyst"],"picked":"SKIP","floor":37.0},{"not_picked":["Deadly Poison","Slice","Infinite Blades+1"],"picked":"SKIP","floor":45.0},{"not_picked":["PiercingWail","Dagger Throw"],"picked":"Footwork+1","floor":47.0},{"not_picked":["Backstab+1","Bouncing Flask","Dagger Spray+1"],"picked":"SKIP","floor":48.0}],"player_experience":1525289,"relics_obtained":[{"floor":6.0,"key":"Oddly Smooth Stone"},{"floor":8.0,"key":"Ninja Scroll"},{"floor":9.0,"key":"Letter Opener"},{"floor":12.0,"key":"Sundial"},{"floor":26.0,"key":"Frozen Egg 2"},{"floor":28.0,"key":"Dream Catcher"},{"floor":43.0,"key":"Eternal Feather"},{"floor":45.0,"key":"Ancient Tea Set"},{"floor":47.0,"key":"Bottled Lightning"}],"event_choices":[{"damage_healed":0.0,"max_hp_gain":0.0,"max_hp_loss":0.0,"gold_gain":0.0,"event_name":"Shining Light","player_choice":"Entered Light","floor":5.0,"gold_loss":0.0,"damage_taken":20.0,"cards_upgraded":["Strike_G","Defend_G"]},{"damage_healed":0.0,"max_hp_gain":0.0,"max_hp_loss":6.0,"gold_gain":0.0,"event_name":"Golden Idol","player_choice":"Lose Max HP","floor":11.0,"gold_loss":0.0,"damage_taken":0.0,"relics_obtained":["Golden Idol"]},{"cards_removed":["Strike_G"],"damage_healed":0.0,"max_hp_gain":0.0,"max_hp_loss":0.0,"gold_gain":0.0,"event_name":"Beggar","player_choice":"Gave Gold","floor":19.0,"gold_loss":75.0,"damage_taken":0.0},{"damage_healed":0.0,"max_hp_gain":0.0,"max_hp_loss":0.0,"gold_gain":0.0,"cards_transformed":["Strike_G","Strike_G"],"event_name":"Drug Dealer","player_choice":"Became Test Subject","floor":20.0,"gold_loss":0.0,"damage_taken":0.0,"cards_obtained":["Storm of Steel","Crippling Poison"]},{"damage_healed":0.0,"max_hp_gain":0.0,"max_hp_loss":0.0,"gold_gain":0.0,"event_name":"Tomb of Lord Red Mask","player_choice":"Ignored","floor":36.0,"gold_loss":0.0,"damage_taken":0.0},{"cards_removed":["Dagger Spray"],"damage_healed":0.0,"max_hp_gain":0.0,"max_hp_loss":0.0,"gold_gain":0.0,"event_name":"Falling","player_choice":"Removed Attack","floor":38.0,"gold_loss":0.0,"damage_taken":0.0},{"damage_healed":0.0,"max_hp_gain":0.0,"max_hp_loss":3.0,"gold_gain":0.0,"event_name":"Winding Halls","player_choice":"Max HP","floor":39.0,"gold_loss":0.0,"damage_taken":0.0}],"is_beta":false,"boss_relics":[{"not_picked":["WristBlade","Black Star"],"picked":"Ring of the Serpent"},{"not_picked":["Velvet Choker","Runic Dome"],"picked":"Coffee Dripper"}],"items_purged_floors":[4],"is_endless":false,"potions_floor_spawned":[1,7,8,14,16,18,22,23,33,35,48],"killed_by":"Awakened One","ascension_level":20}}