{"host":"cziotie8mnsl18m5","time":1609017224,"event":{"mods":["BaseMod","Minty Spire (QoL Compilation)","StSLib","The Animator","The Construct"],"gold_per_floor":[117,117,142,173,183,183,208,208,287,287,303,320,320,355,355,462,462,478,129,154,204,261,261,300,300,347,388,388,140,168,211,211,308,308,345,143,162,162,162,230,277,277,324,400,400,413,1,29,29,37,57,57,57,540,702,869,940,940,114,231,353,353,90,231,231,293,30,174,316,350],"floor_reached":71,"playtime":10966,"items_purged":["animator:Strike","animator:Defend","animator:Strike_Konosuba+1","animator:Defend_Konosuba"],"score":3138,"play_id":"114b4aaf-9772-4510-98ba-b374818d4928","local_time":"20201226161344","is_ascension_mode":true,"campfire_choices":[{"data":"animator:Guren","floor":6.0,"key":"SMITH"},{"data":"animator:IzunaHatsuse","floor":8.0,"key":"SMITH"},{"data":"animator:Aqua","floor":10.0,"key":"SMITH"},{"floor":15.0,"key":"RECALL"},{"data":"animator:Kaijin","floor":23.0,"key":"SMITH"},{"data":"animator:Mitsurugi","floor":25.0,"key":"SMITH"},{"data":"animator:PinaCoLada","floor":32.0,"key":"SMITH"},{"data":"animator:Albedo","floor":45.0,"key":"SMITH"},{"data":"animator:Ainz","floor":49.0,"key":"SMITH"},{"data":"animator:Hans","floor":53.0,"key":"SMITH"}],"circlet_count":0,"master_deck":["AscendersBane","animator:Aqua+1","animator:FeridBathory+1","animator:Shion+1","animator:IzunaHatsuse+1","animator:Guren+1","animator:Mitsurugi+1","animator:Ainz+1","animator:YunYun+1","animator:Rimuru","animator:Mitsurugi+1","animator:Kazuma+1","animator:Hans+1","animator:Megumin+32","animator:Kaijin+1","animator:Darkness+1","animator:FeridBathory+1","animator:GuildGirl+1","animator:PandorasActor+1","animator:Tet+1","animator:PinaCoLada+1","animator:Shizu+1","animator:LeleiLaLalena+1","animator:Chris+1","animator:HigakiRinne+1","animator:Albedo+1","animator:Chris+1","animator:MisakiNakahara+1","animator:DolaStephanie+1","animator:Rimuru","animator:Verdia+1","animator:Ainz+1","animator:Vesta+1","animator:Yuuichirou+1"],"relics":["animator:TheEgnaroPiece","animator:AncientMedallion"],"acts_visited":["Exordium","TheCity","TheBeyond","TheEnding","EYB:TheUnnamedReign"],"potions_floor_usage":[69,69],"damage_taken":[{"damage":3.0,"enemies":"Jaw Worm","floor":1.0,"turns":8.0},{"damage":0.0,"enemies":"Cultist","floor":3.0,"turns":3.0},{"damage":0.0,"enemies":"Small Slimes","floor":4.0,"turns":4.0},{"damage":0.0,"enemies":"Blue Slaver","floor":5.0,"turns":6.0},{"damage":3.0,"enemies":"3 Sentries","floor":7.0,"turns":5.0},{"damage":0.0,"enemies":"3 Louse","floor":11.0,"turns":2.0},{"damage":1.0,"enemies":"Gremlin Gang","floor":12.0,"turns":3.0},{"damage":0.0,"enemies":"Lagavulin","floor":14.0,"turns":5.0},{"damage":27.0,"enemies":"Slime Boss","floor":16.0,"turns":9.0},{"damage":0.0,"enemies":"3 Byrds","floor":18.0,"turns":8.0},{"damage":17.0,"enemies":"Shell Parasite","floor":20.0,"turns":6.0},{"damage":0.0,"enemies":"Masked Bandits","floor":22.0,"turns":3.0},{"damage":29.0,"enemies":"animator:HornedBat","floor":24.0,"turns":6.0},{"damage":0.0,"enemies":"Gremlin Leader","floor":27.0,"turns":6.0},{"damage":8.0,"enemies":"Centurion and Healer","floor":30.0,"turns":7.0},{"damage":20.0,"enemies":"Book of Stabbing","floor":31.0,"turns":4.0},{"damage":21.0,"enemies":"Collector","floor":33.0,"turns":8.0},{"damage":16.0,"enemies":"3 Shapes","floor":35.0,"turns":4.0},{"damage":0.0,"enemies":"Orb Walker","floor":37.0,"turns":2.0},{"damage":0.0,"enemies":"Giant Head","floor":40.0,"turns":6.0},{"damage":43.0,"enemies":"Nemesis","floor":44.0,"turns":7.0},{"damage":0.0,"enemies":"4 Shapes","floor":46.0,"turns":1.0},{"damage":12.0,"enemies":"Maw","floor":48.0,"turns":6.0},{"damage":18.0,"enemies":"Time Eater","floor":50.0,"turns":11.0},{"damage":8.0,"enemies":"Donu and Deca","floor":51.0,"turns":5.0},{"damage":0.0,"enemies":"animator:UNNAMED_HAT","floor":55.0,"turns":18.0},{"damage":30.0,"enemies":"animator:UNNAMED_CULTIST_1","floor":56.0,"turns":18.0},{"damage":44.0,"enemies":"animator:LARGE_CRYSTAL","floor":60.0,"turns":9.0},{"damage":1.0,"enemies":"animator:UNNAMED_CULTIST_2","floor":61.0,"turns":13.0},{"damage":27.0,"enemies":"animator:ULTIMATE_CRYSTAL","floor":64.0,"turns":13.0},{"damage":27,"enemies":"animator:ULTIMATE_CUBE","floor":68,"turns":11},{"damage":22,"enemies":"animator:ULTIMATE_WISP","floor":69,"turns":10}],"seed_played":"-8733388348331770796","potions_obtained":[{"floor":3.0,"key":"LiquidBronze"},{"floor":4.0,"key":"Fruit Juice"},{"floor":5.0,"key":"Strength Potion"},{"floor":7.0,"key":"Block Potion"},{"floor":22.0,"key":"SteroidPotion"},{"floor":27.0,"key":"FearPotion"},{"floor":33.0,"key":"FearPotion"},{"floor":55.0,"key":"animator:FalseLifePotion"},{"floor":56.0,"key":"animator:FalseLifePotion"},{"floor":60.0,"key":"animator:FalseLifePotion"},{"floor":61.0,"key":"animator:FalseLifePotion"},{"floor":64.0,"key":"animator:FalseLifePotion"},{"floor":68,"key":"animator:FalseLifePotion"},{"floor":69,"key":"animator:FalseLifePotion"}],"is_trial":false,"path_per_floor":["M","?","M","M","M","R","E","R","T","R","M","M","?","E","R","B",null,"M","$","M","?","?","R","E","R","T","E","?","$","M","E","R","B",null,"M","$","M","?","?","E","T","?","T","E","R","M","$","M","R","B","B",null,"R","??","M","M","T","?","$","M","M","?","$","E","T","?","$","E","E","B",null],"character_chosen":"THE_ANIMATOR","items_purchased":["Pantograph","Orrery","animator:Chris","animator:MisakiNakahara+1","Anchor","animator:AncientMedallion","animator:AncientMedallion","animator:AncientMedallion","animator:AncientMedallion","animator:AncientMedallion"],"campfire_rested":0,"item_purchase_floors":[19,29,36,47,47,59,59,59,63,67],"current_hp_per_floor":[51,51,53,54,60,60,57,57,57,57,63,63,57,60,60,33,53,60,60,46,46,52,52,26,26,26,32,32,33,28,11,11,27,60,44,44,53,41,61,64,64,64,64,21,21,29,29,22,22,34,56,64,64,91,91,63,63,63,63,37,56,56,56,51,51,51,51,42,39,62],"gold":350,"neow_bonus":"TRANSFORM_TWO_CARDS","is_daily":false,"chose_seed":false,"campfire_upgraded":9,"win_rate":0.0,"timestamp":1609017224,"path_taken":["M","?","M","?","M","R","E","R","T","R","M","M","?","E","R","BOSS","M","$","M","?","?","R","E","R","T","E","?","$","M","E","R","BOSS","M","$","?","?","?","E","?","?","T","E","R","M","?","M","R","BOSS","BOSS","R","??","M","M","T","?","$","M","M","?","$","E","T","?","$","E","E","BOSS"],"items_purchased_type":["Relic","Relic","Card","Card","Relic","Relic","Relic","Relic","Relic","Relic"],"build_version":"2020-12-22","purchased_purges":4,"victory":true,"max_hp_per_floor":[54,54,54,54,60,60,60,60,60,60,63,63,57,60,60,60,60,64,64,64,64,67,67,67,67,67,70,70,71,71,71,71,71,71,71,71,74,74,61,64,64,64,64,64,64,67,67,67,67,67,67,67,67,91,91,93,93,93,93,93,93,93,93,93,93,93,93,93,93,93],"card_choices":[{"not_picked":["animator:Millim","animator:Spearman"],"picked":"animator:IzunaHatsuse","floor":1.0},{"not_picked":["animator:Entoma","animator:Bozes"],"picked":"animator:Mitsurugi","floor":3.0},{"not_picked":["animator:YaoHaDucy","animator:Entoma"],"picked":"animator:Ainz","floor":4.0},{"not_picked":["animator:Verdia","animator:Kazuma"],"picked":"animator:YunYun","floor":5.0},{"not_picked":["animator:Priestess+1","animator:Aqua+1"],"picked":"animator:Rimuru","floor":7.0},{"not_picked":["animator:Mitsuba","animator:YunYun"],"picked":"animator:Mitsurugi","floor":11.0},{"not_picked":["animator:Mikaela","animator:Shalltear","animator:Souei+1"],"picked":"SKIP","floor":12.0},{"not_picked":["animator:Mitsurugi","animator:Aqua+1"],"picked":"animator:Kazuma+1","floor":14.0},{"not_picked":["animator:GoblinSlayer","animator:Wiz+1"],"picked":"animator:Hans","floor":16.0},{"not_picked":["animator:Vesta+1","animator:LeleiLaLalena+1"],"picked":"animator:Megumin","floor":18.0},{"not_picked":["animator:FielNirvalen","animator:Megumin"],"picked":"animator:Kaijin","floor":20.0},{"not_picked":["animator:Sebas+1","animator:YunYun"],"picked":"animator:Darkness","floor":22.0},{"not_picked":["animator:Shalltear+1","animator:Bozes","animator:DolaCouronne+1"],"picked":"SKIP","floor":24.0},{"not_picked":["animator:HiiragiShinya+1","animator:KrulTepes"],"picked":"animator:FeridBathory","floor":27.0},{"not_picked":["animator:ItamiYouji","animator:Sebas+1"],"picked":"animator:GuildGirl+1","floor":29.0},{"not_picked":["animator:Spearman","animator:Entoma"],"picked":"animator:PandorasActor+1","floor":29.0},{"not_picked":["animator:SwordMaiden+1","animator:Arpeggio"],"picked":"animator:Tet+1","floor":30.0},{"not_picked":["animator:Shalltear","animator:Kazuma+1"],"picked":"animator:PinaCoLada","floor":31.0},{"not_picked":["animator:Rimuru","animator:SwordMaiden+1"],"picked":"animator:Shizu","floor":33.0},{"not_picked":["animator:DolaSchwi","animator:DolaCouronne+1"],"picked":"animator:LeleiLaLalena+1","floor":35.0},{"not_picked":["animator:KrulTepes+1","animator:Souei+1","animator:Shion"],"picked":"SKIP","floor":40.0},{"not_picked":["animator:Demiurge+1","animator:Cocytus"],"picked":"animator:Albedo","floor":44.0},{"not_picked":["animator:Benimaru","animator:Mitsuba"],"picked":"animator:Chris","floor":46.0},{"not_picked":["animator:DolaRiku+1","animator:IzunaHatsuse+1"],"picked":"animator:DolaStephanie+1","floor":48.0},{"not_picked":["animator:ChlammyZell","animator:CowGirl"],"picked":"animator:Rimuru","floor":55.0},{"not_picked":["animator:DolaStephanie","animator:Shion"],"picked":"animator:Verdia","floor":56.0},{"not_picked":["animator:Sora+1","animator:ItamiYouji+1"],"picked":"animator:Ainz+1","floor":58.0},{"not_picked":["animator:Shuna","animator:Cocytus","animator:TukaLunaMarceau"],"picked":"SKIP","floor":60.0},{"not_picked":["animator:GuildGirl","animator:Mikaela"],"picked":"animator:Vesta","floor":61.0},{"not_picked":["animator:FielNirvalen","animator:Sebas","animator:Verdia"],"picked":"SKIP","floor":64.0},{"not_picked":["animator:CowGirl","animator:DolaRiku"],"picked":"animator:Yuuichirou","floor":68},{"not_picked":["animator:Shion","animator:Darkness","animator:KrulTepes"],"picked":"SKIP","floor":69}],"player_experience":2544332,"relics_obtained":[{"floor":7.0,"key":"Toxic Egg 2"},{"floor":9.0,"key":"animator:Hoodie"},{"floor":14.0,"key":"Gremlin Horn"},{"floor":22.0,"key":"Red Mask"},{"floor":24.0,"key":"Red Skull"},{"floor":27.0,"key":"Oddly Smooth Stone"},{"floor":31.0,"key":"Mummified Hand"},{"floor":40.0,"key":"Boot"},{"floor":41.0,"key":"Blood Vial"},{"floor":43.0,"key":"Whetstone"},{"floor":44.0,"key":"Nunchaku"},{"floor":54.0,"key":"animator:TheEgnaroPiece"},{"floor":54.0,"key":"animator:AncientMedallion"},{"floor":57.0,"key":"animator:AncientMedallion"},{"floor":64.0,"key":"animator:AncientMedallion"},{"floor":65.0,"key":"animator:AncientMedallion"},{"floor":66,"key":"animator:AncientMedallion"},{"floor":68,"key":"animator:AncientMedallion"},{"floor":69,"key":"animator:AncientMedallion"}],"event_choices":[{"damage_healed":0.0,"max_hp_gain":0.0,"max_hp_loss":0.0,"gold_gain":0.0,"event_name":"Match and Keep!","player_choice":"1 cards matched","floor":2.0,"gold_loss":0.0,"damage_taken":0.0,"cards_obtained":["animator:Guren"]},{"damage_healed":0.0,"max_hp_gain":0.0,"max_hp_loss":6.0,"gold_gain":0.0,"event_name":"Golden Idol","player_choice":"Lose Max HP","floor":13.0,"gold_loss":0.0,"damage_taken":0.0,"relics_obtained":["Golden Idol"]},{"damage_healed":0.0,"max_hp_gain":0.0,"max_hp_loss":0.0,"gold_gain":50.0,"event_name":"Nest","player_choice":"Stole From Cult","floor":21.0,"gold_loss":0.0,"damage_taken":0.0},{"damage_healed":0.0,"max_hp_gain":0.0,"max_hp_loss":0.0,"gold_gain":0.0,"event_name":"Masked Bandits","player_choice":"Fought Bandits","floor":22.0,"gold_loss":0.0,"damage_taken":0.0},{"damage_healed":0.0,"max_hp_gain":0.0,"max_hp_loss":0.0,"gold_gain":0.0,"event_name":"N\u0027loth","player_choice":"Traded Relic","floor":28.0,"relics_lost":["animator:LivingPicture"],"gold_loss":0.0,"damage_taken":0.0,"relics_obtained":["Nloth\u0027s Gift"]},{"damage_healed":0.0,"max_hp_gain":0.0,"max_hp_loss":0.0,"gold_gain":0.0,"event_name":"Winding Halls","player_choice":"Embrace Madness","floor":38.0,"gold_loss":0.0,"damage_taken":12.0,"cards_obtained":["animator:HigakiRinne"]},{"damage_healed":61.0,"max_hp_gain":0.0,"max_hp_loss":13.0,"gold_gain":0.0,"event_name":"The Moai Head","player_choice":"Heal","floor":39.0,"gold_loss":0.0,"damage_taken":0.0},{"cards_removed":["animator:Kazuma"],"damage_healed":0.0,"max_hp_gain":0.0,"max_hp_loss":0.0,"gold_gain":0.0,"event_name":"Falling","player_choice":"Removed Skill","floor":42.0,"gold_loss":0.0,"damage_taken":0.0},{"damage_healed":0.0,"max_hp_gain":0.0,"max_hp_loss":0.0,"gold_gain":0.0,"event_name":"SensoryStone","player_choice":"Memory 1","floor":62.0,"gold_loss":0.0,"damage_taken":0.0}],"is_beta":false,"boss_relics":[{"not_picked":["Coffee Dripper","Tiny House"],"picked":"Empty Cage"},{"not_picked":["Astrolabe","Calling Bell"],"picked":"Sozu"}],"items_purged_floors":[19,29,36,47],"is_endless":false,"potions_floor_spawned":[3,4,5,7,14,22,27,30,33,44,48,64,69],"ascension_level":20}}