{"host":"1kq2ingo3j45gyyp","time":1609025534,"event":{"mods":["BaseMod","Better Note","Better Third Choice","Minty Spire (QoL Compilation)","StSLib","The Gatherer"],"gold_per_floor":[114,129,144,44,44,74,89,51,51,51,66,66,81,96,96,196,196,211,310,60,60,75,105,105,135,160,175,175,190,190,205,205,305,305,320,335,350,350,365,365,15,15,40,40,40,40,0,15,15,15],"floor_reached":51,"playtime":1241,"items_purged":["Anger"],"score":739,"play_id":"9711f74b-2741-499f-abf0-edfeb68f16ac","local_time":"20201226183214","daily_mods":["SealedDeck","Diverse","Binary"],"is_ascension_mode":false,"campfire_choices":[{"data":"White Noise","floor":10,"key":"SMITH"},{"data":"White Noise","floor":12,"key":"SMITH"},{"data":"BattleHymn","floor":15,"key":"SMITH"},{"data":"Cloak And Dagger","floor":24,"key":"SMITH"},{"data":"FlyingSleeves","floor":28,"key":"SMITH"},{"data":"Sunder","floor":32,"key":"SMITH"},{"floor":40,"key":"REST"},{"floor":42,"key":"REST"},{"floor":49,"key":"REST"}],"circlet_count":0,"master_deck":["FlyingSleeves+1","BattleHymn+1","Thunderclap","Thunderclap","Anger","Gatherer:ScherryThrow","Fasting2+1","White Noise+1","White Noise+1","Cloak And Dagger+1","Gatherer:ScherryThrow","Sunder+1","Chill+1","Dagger Spray","Alpha","Gatherer:Pollute","Consecrate"],"relics":["Burning Blood","Blood Vial","Sundial","Runic Cube","Ornamental Fan","MutagenicStrength","PreservedInsect","Champion Belt","Bronze Scales","Fusion Hammer","Self Forming Clay","Nunchaku","Mercury Hourglass","Red Mask"],"acts_visited":["Exordium","TheCity","TheBeyond"],"potions_floor_usage":[31,50,50,50],"damage_taken":[{"damage":6,"enemies":"Cultist","floor":1,"turns":3},{"damage":0,"enemies":"Small Slimes","floor":2,"turns":2},{"damage":0,"enemies":"2 Louse","floor":3,"turns":2},{"damage":36,"enemies":"Lagavulin","floor":6,"turns":4},{"damage":11,"enemies":"Large Slime","floor":7,"turns":3},{"damage":0,"enemies":"Gremlin Gang","floor":11,"turns":2},{"damage":1,"enemies":"2 Fungi Beasts","floor":13,"turns":2},{"damage":10,"enemies":"Exordium Thugs","floor":14,"turns":3},{"damage":2,"enemies":"Slime Boss","floor":16,"turns":3},{"damage":10,"enemies":"Chosen","floor":18,"turns":3},{"damage":10,"enemies":"Shell Parasite","floor":22,"turns":3},{"damage":31,"enemies":"Book of Stabbing","floor":23,"turns":4},{"damage":18,"enemies":"Slavers","floor":25,"turns":3},{"damage":8,"enemies":"Chosen and Byrds","floor":27,"turns":3},{"damage":4,"enemies":"Centurion and Healer","floor":29,"turns":3},{"damage":12,"enemies":"Shelled Parasite and Fungi","floor":31,"turns":3},{"damage":19,"enemies":"Collector","floor":33,"turns":5},{"damage":11,"enemies":"3 Darklings","floor":35,"turns":3},{"damage":13,"enemies":"Orb Walker","floor":36,"turns":2},{"damage":5,"enemies":"Maw","floor":37,"turns":5},{"damage":9,"enemies":"Sphere and 2 Shapes","floor":39,"turns":3},{"damage":22,"enemies":"Writhing Mass","floor":48,"turns":5},{"damage":51,"enemies":"Time Eater","floor":50,"turns":7}],"seed_played":"5451747836825439005","potions_obtained":[{"floor":3,"key":"Energy Potion"},{"floor":6,"key":"SneckoOil"},{"floor":7,"key":"Energy Potion"},{"floor":14,"key":"Ancient Potion"},{"floor":27,"key":"ColorlessPotion"},{"floor":31,"key":"LiquidBronze"}],"is_trial":false,"path_per_floor":["M","M","M","$","?","E","M","$","T","R","M","R","M","M","R","B",null,"M","?","$","?","M","E","R","E","T","M","R","M","?","M","R","B",null,"M","M","M","?","M","R","$","R","T","$","T","$","?","M","R","B",null],"character_chosen":"IRONCLAD","items_purchased":["Cloak And Dagger","Gatherer:ScherryThrow","Sunder","Ornamental Fan","Consecrate","Self Forming Clay"],"campfire_rested":3,"item_purchase_floors":[4,4,8,20,41,41],"current_hp_per_floor":[80,80,80,80,80,50,47,47,47,47,55,55,62,60,60,66,80,76,76,76,76,74,51,51,41,41,41,41,45,45,41,41,30,80,75,70,73,73,72,80,80,80,80,80,80,80,80,64,80,35],"gold":15,"neow_bonus":"","is_daily":true,"chose_seed":false,"campfire_upgraded":6,"win_rate":0.0,"timestamp":1609025534,"path_taken":["M","?","M","$","?","E","M","?","T","R","M","R","M","M","R","BOSS","M","?","$","?","M","E","R","E","T","M","R","M","?","M","R","BOSS","M","M","?","?","M","R","$","R","T","$","?","?","?","M","R","BOSS"],"items_purchased_type":["Card","Card","Card","Relic","Card","Relic"],"build_version":"2020-12-22","purchased_purges":1,"victory":true,"max_hp_per_floor":[80,80,80,80,80,80,80,80,80,80,80,80,80,80,80,80,80,80,80,80,80,80,80,80,80,80,80,80,80,80,80,80,80,80,80,80,80,80,80,80,80,80,80,80,80,80,80,80,80,80],"card_choices":[{"not_picked":["Gatherer:ScrollOfWall","Warcry"],"picked":"SKIP","floor":1},{"not_picked":["Gatherer:Duality","Headbutt"],"picked":"SKIP","floor":2},{"not_picked":["Noxious Fumes","Stack"],"picked":"SKIP","floor":3},{"not_picked":["Halt","PathToVictory"],"picked":"SKIP","floor":6},{"not_picked":["Gatherer:BalancedGrowth","Nirvana"],"picked":"SKIP","floor":7},{"not_picked":["EmptyBody","Heel Hook"],"picked":"SKIP","floor":11},{"not_picked":["Gatherer:TreeGrowth","Deadly Poison"],"picked":"SKIP","floor":13},{"not_picked":["Acrobatics","Gatherer:PotentialSlash"],"picked":"SKIP","floor":14},{"not_picked":["Streamline"],"picked":"Chill+1","floor":18},{"not_picked":["Gatherer:CollectorsShot","Hemokinesis"],"picked":"SKIP","floor":22},{"not_picked":["Gatherer:FlowerBeam","Gatherer:Nutrients"],"picked":"SKIP","floor":23},{"not_picked":["Blade Dance","Flechettes"],"picked":"SKIP","floor":25},{"not_picked":["Gatherer:PotentialSlash","Heavy Blade"],"picked":"SKIP","floor":27},{"not_picked":["Sever Soul","Weave"],"picked":"SKIP","floor":29},{"not_picked":["Gatherer:FragileHammer"],"picked":"Dagger Spray","floor":31},{"not_picked":["Gatherer:StoneFence"],"picked":"Alpha","floor":33},{"not_picked":["Gatherer:AcidicSpray","Outmaneuver"],"picked":"SKIP","floor":35},{"not_picked":["Perfected Strike","Nirvana"],"picked":"SKIP","floor":36},{"not_picked":["EmptyFist","Gatherer:CarefulStrike+1"],"picked":"SKIP","floor":37},{"not_picked":["FlurryOfBlows+1","Leap+1"],"picked":"SKIP","floor":39},{"not_picked":["CutThroughFate+1","CrushJoints+1"],"picked":"SKIP","floor":48}],"player_experience":822723,"relics_obtained":[{"floor":6,"key":"Blood Vial"},{"floor":9,"key":"Sundial"},{"floor":23,"key":"PreservedInsect"},{"floor":25,"key":"Champion Belt"},{"floor":26,"key":"Bronze Scales"},{"floor":43,"key":"Nunchaku"},{"floor":45,"key":"Mercury Hourglass"}],"event_choices":[{"damage_healed":0,"gold_gain":0,"player_choice":"Upgraded","damage_taken":0,"max_hp_gain":0,"max_hp_loss":0,"event_name":"Upgrade Shrine","floor":5,"gold_loss":0,"cards_upgraded":["Fasting2"]},{"damage_healed":0,"gold_gain":99,"player_choice":"Steal","damage_taken":0,"max_hp_gain":0,"max_hp_loss":0,"event_name":"betterThird:BetterNest","floor":19,"gold_loss":0},{"damage_healed":0,"gold_gain":0,"player_choice":"Inject Mutagens","damage_taken":0,"relics_obtained":["MutagenicStrength"],"max_hp_gain":0,"max_hp_loss":0,"event_name":"Drug Dealer","floor":21,"gold_loss":0},{"damage_healed":0,"gold_gain":0,"player_choice":"Bought 0 Potions","damage_taken":0,"max_hp_gain":0,"max_hp_loss":0,"event_name":"The Woman in Blue","floor":30,"gold_loss":0},{"damage_healed":0,"gold_gain":0,"player_choice":"1 cards matched","damage_taken":0,"max_hp_gain":0,"max_hp_loss":0,"event_name":"Match and Keep!","floor":38,"gold_loss":0,"cards_obtained":["Gatherer:Pollute"]},{"damage_healed":0,"gold_gain":0,"player_choice":"Paid","damage_taken":0,"relics_obtained":["Red Mask"],"max_hp_gain":0,"max_hp_loss":0,"event_name":"Tomb of Lord Red Mask","floor":47,"gold_loss":40}],"is_beta":false,"boss_relics":[{"not_picked":["Cursed Key","Velvet Choker"],"picked":"Runic Cube"},{"not_picked":["Coffee Dripper","SlaversCollar"],"picked":"Fusion Hammer"}],"items_purged_floors":[41],"is_endless":false,"potions_floor_spawned":[3,6,7,13,14,23,25,27,31,35,37],"ascension_level":0}}