{"host":"jwvz9sqego1wo43x","time":1609006581,"event":{"mods":["AchievementEnabler","BaseMod","Colored Map","Downfall","GifTheSpireLib","Minty Spire (QoL Compilation)","StSLib"],"gold_per_floor":[99,99,99,99,99,99,126,126,126,152,152,185,203,218,229,325,325,250,46,46,46,146,172,172,187,212,212,212,247,261,281,293,398,398,398,409,424,440,245,261,261,179,179,214,230,161,161,196,215,215],"floor_reached":51,"playtime":1825,"items_purged":[],"score":871,"play_id":"76f8bff2-4de2-4c33-b7cb-ca6533f500c6","local_time":"20201226181621","is_ascension_mode":false,"campfire_choices":[{"data":"champ:Taunt","floor":1,"key":"SMITH"},{"data":"champ:GladiatorStyle","floor":6,"key":"SMITH"},{"data":"champ:RapidStrikes","floor":8,"key":"SMITH"},{"data":"champ:Haymaker","floor":11,"key":"SMITH"},{"data":"champ:Devastate","floor":18,"key":"SMITH"},{"floor":27,"key":"REST"},{"data":"Apotheosis","floor":35,"key":"SMITH"},{"floor":47,"key":"RECALL"}],"circlet_count":0,"master_deck":["champ:Strike","champ:Strike","champ:Strike","champ:Defend+1","champ:Defend","champ:Defend","champ:Defend+1","champ:Taunt+1","champ:GladiatorStyle+1","champ:RapidStrikes+1","champ:Haymaker+1","champ:GladiatorStyle","champ:Haymaker","champ:ViciousMockery","champ:FanOfKnives","champ:FaceSlap","champ:Devastate+1","Apotheosis+1","champ:FocusedGladiator","champ:RapidStrikes+1","champ:Duel","champ:StanceDance+1","champ:Duel","champ:FalseCounter","champ:RisingSlash"],"relics":["champ:ChampionCrown","downfall:HeartsMalice","War Paint","Ornamental Fan","Frozen Egg 2","Busted Crown","downfall:HeartBlessingGreen","champ:DefensiveTrainingManual","champ:BlackKnightHelmet","Shuriken","Blood Vial","Bag of Preparation","HornCleat","Ancient Tea Set","Philosopher\u0027s Stone","DollysMirror","Torii","InkBottle","Blue Candle","Akabeko"],"acts_visited":["Exordium","TheCity","TheBeyond"],"potions_floor_usage":[15,16,16,22,29,31,33,33],"damage_taken":[{"damage":0,"enemies":"Small Slimes","floor":3,"turns":1},{"damage":0,"enemies":"Cultist","floor":4,"turns":1},{"damage":0,"enemies":"2 Louse","floor":5,"turns":1},{"damage":15,"enemies":"Gremlin Nob","floor":10,"turns":3},{"damage":18,"enemies":"3 Sentries","floor":12,"turns":7},{"damage":10,"enemies":"Large Slime","floor":13,"turns":3},{"damage":9,"enemies":"Exordium Thugs","floor":14,"turns":4},{"damage":0,"enemies":"Red Slaver","floor":15,"turns":3},{"damage":7,"enemies":"downfall:Ironclad","floor":16,"turns":5},{"damage":8,"enemies":"downfall:FleeingMerchant","floor":19,"turns":4},{"damage":21,"enemies":"downfall:FleeingMerchant","floor":22,"turns":6},{"damage":45,"enemies":"Book of Stabbing","floor":23,"turns":5},{"damage":8,"enemies":"Shell Parasite","floor":25,"turns":3},{"damage":15,"enemies":"Gremlin Leader","floor":26,"turns":5},{"damage":15,"enemies":"Book of Stabbing","floor":29,"turns":7},{"damage":0,"enemies":"Chosen","floor":30,"turns":3},{"damage":8,"enemies":"Shelled Parasite and Fungi","floor":31,"turns":3},{"damage":5,"enemies":"Sentry and Sphere","floor":32,"turns":4},{"damage":28,"enemies":"downfall:Silent","floor":33,"turns":6},{"damage":0,"enemies":"3 Shapes","floor":36,"turns":3},{"damage":20,"enemies":"3 Darklings","floor":37,"turns":3},{"damage":11,"enemies":"Transient","floor":38,"turns":5},{"damage":6,"enemies":"downfall:FleeingMerchant","floor":39,"turns":4},{"damage":0,"enemies":"Spire Growth","floor":40,"turns":4},{"damage":0,"enemies":"Giant Head","floor":44,"turns":5},{"damage":29,"enemies":"4 Shapes","floor":45,"turns":3},{"damage":3,"enemies":"Reptomancer","floor":48,"turns":3},{"damage":4,"enemies":"Sphere and 2 Shapes","floor":49,"turns":2},{"damage":1,"enemies":"downfall:Watcher","floor":50,"turns":4}],"seed_played":"-3570100718739871756","potions_obtained":[{"floor":10,"key":"ColorlessPotion"},{"floor":12,"key":"PowerPotion"},{"floor":13,"key":"SkillPotion"},{"floor":16,"key":"Explosive Potion"},{"floor":23,"key":"champ:TechniquePotion"},{"floor":26,"key":"Fire Potion"},{"floor":29,"key":"DuplicationPotion"},{"floor":31,"key":"EntropicBrew"},{"floor":32,"key":"SteroidPotion"},{"floor":36,"key":"Fire Potion"},{"floor":40,"key":"EssenceOfSteel"}],"is_trial":false,"path_per_floor":["R","?","M","M","M","R","T","R","?","E","R","E","M","M","M","B",null,"R","$","?","?","?","E","T","M","E","R","?","E","M","M","M","B",null,"R","M","M","M","$","M","T","$","?","E","M","$","R","E","M","B",null],"character_chosen":"THE_CHAMP","items_purchased":["Apotheosis","DollysMirror","Torii","champ:Duel","champ:Duel","champ:RisingSlash"],"campfire_rested":1,"item_purchase_floors":[19,39,39,39,42,46],"current_hp_per_floor":[90,55,55,55,55,55,55,55,55,45,45,27,17,8,8,1,90,90,90,90,90,74,41,41,35,28,55,55,42,44,38,38,15,90,90,90,70,72,68,70,70,70,70,72,51,51,51,53,54,55],"gold":215,"neow_bonus":"THREE_ENEMY_KILL","is_daily":false,"chose_seed":false,"campfire_upgraded":6,"win_rate":0.0,"timestamp":1609006581,"path_taken":["R","?","M","?","M","R","T","R","?","E","R","E","?","M","M","BOSS","R","$","?","?","?","E","T","M","E","R","?","E","M","M","M","BOSS","R","M","M","M","$","M","T","$","?","E","M","$","R","E","M","BOSS"],"items_purchased_type":["Card","Relic","Relic","Card","Card","Card"],"build_version":"2020-12-22","purchased_purges":0,"victory":true,"max_hp_per_floor":[90,90,90,90,90,90,90,90,90,90,90,90,90,90,90,90,90,90,90,90,90,90,90,90,90,90,90,90,90,90,90,90,90,90,90,90,90,90,90,90,90,90,90,90,90,90,90,90,90,90],"card_choices":[{"not_picked":["champ:BerserkersShout","champ:Circumvent"],"picked":"champ:GladiatorStyle","floor":3},{"not_picked":["champ:IronFortress","champ:Encircle"],"picked":"champ:RapidStrikes","floor":4},{"not_picked":["champ:HeartStrike","champ:PerfectedStrike"],"picked":"champ:Haymaker","floor":5},{"not_picked":["champ:BerserkerStyle","champ:FanOfKnives"],"picked":"champ:Haymaker","floor":10},{"not_picked":["champ:Circumvent","champ:DefensiveShout"],"picked":"champ:ViciousMockery","floor":12},{"not_picked":["champ:PerfectedStrike","champ:Backstep","champ:CrookedStrike"],"picked":"SKIP","floor":13},{"not_picked":["champ:Haymaker","champ:EnragedBash"],"picked":"champ:FanOfKnives","floor":14},{"not_picked":["champ:Circumvent","champ:FanOfKnives"],"picked":"champ:FaceSlap","floor":15},{"not_picked":["champ:DancingMaster+1","champ:MurderStrike"],"picked":"champ:Devastate","floor":16},{"not_picked":["champ:AdrenalArmor+1"],"picked":"SKIP","floor":19},{"not_picked":["champ:Encircle"],"picked":"SKIP","floor":23},{"not_picked":["champ:DeathBlow+1"],"picked":"SKIP","floor":25},{"not_picked":[],"picked":"champ:FocusedGladiator","floor":26},{"not_picked":["champ:Backstep"],"picked":"SKIP","floor":29},{"not_picked":["champ:DefensiveShout"],"picked":"SKIP","floor":30},{"not_picked":["champ:FocusedDefense"],"picked":"SKIP","floor":31},{"not_picked":["champ:Haymaker"],"picked":"SKIP","floor":32},{"not_picked":["champ:GutPunch"],"picked":"SKIP","floor":36},{"not_picked":["champ:GutPunch+1"],"picked":"SKIP","floor":37},{"not_picked":["champ:FlashCut+1"],"picked":"SKIP","floor":38},{"not_picked":["champ:Circumvent"],"picked":"SKIP","floor":39},{"not_picked":[],"picked":"champ:StanceDance+1","floor":40},{"not_picked":["champ:FocusedBerserking"],"picked":"SKIP","floor":44},{"not_picked":["champ:ShieldWall+1"],"picked":"SKIP","floor":45},{"not_picked":["champ:FlashCut+1"],"picked":"SKIP","floor":48},{"not_picked":["champ:GladiatorsShout"],"picked":"SKIP","floor":49}],"player_experience":491735,"relics_obtained":[{"floor":7,"key":"War Paint"},{"floor":10,"key":"Ornamental Fan"},{"floor":12,"key":"Frozen Egg 2"},{"floor":22,"key":"champ:BlackKnightHelmet"},{"floor":22,"key":"Shuriken"},{"floor":23,"key":"Blood Vial"},{"floor":24,"key":"Bag of Preparation"},{"floor":26,"key":"HornCleat"},{"floor":29,"key":"Ancient Tea Set"},{"floor":41,"key":"InkBottle"},{"floor":44,"key":"Blue Candle"},{"floor":48,"key":"Akabeko"}],"event_choices":[{"damage_healed":0,"gold_gain":0,"cards_transformed":["champ:Strike"],"player_choice":"Transformed","damage_taken":0,"max_hp_gain":0,"max_hp_loss":0,"event_name":"Transmorgrifier","floor":9,"gold_loss":0,"cards_obtained":["champ:GladiatorStyle"]},{"damage_healed":0,"gold_gain":0,"cards_transformed":["champ:Execute"],"player_choice":"Transformed","damage_taken":0,"max_hp_gain":0,"max_hp_loss":0,"event_name":"Transmorgrifier","floor":43,"gold_loss":0,"cards_obtained":["champ:FalseCounter"]}],"is_beta":false,"boss_relics":[{"not_picked":["Velvet Choker","Runic Dome"],"picked":"Busted Crown"},{"not_picked":["Empty Cage","SacredBark"],"picked":"Philosopher\u0027s Stone"}],"items_purged_floors":[],"is_endless":false,"potions_floor_spawned":[10,12,13,16,23,26,29,31,32,36,40,44,45],"ascension_level":0}}