{"host":"omylnquk44sko533","time":1609027045,"event":{"mods":["A Magickal Journey","BaseMod","Downfall","Marisa????????","Minty Spire (QoL Compilation)","Quick Restart","StSLib","Td1madao Mod","The Administrix","The Disciple","The Mystic","The Necromancer","The Servant 0.9.4","The Wild Card"],"gold_per_floor":[110,123,137,312,67,67,87,105,105,119,119,119,148,148,148,250,250,262,276,2,17,28,57,74,74,74,90,119,133,133,149,149,244,244,264,278,278,290,304,338,338,217,268,10,10,35,35,55,55,55,55,55,55,86,86,86],"floor_reached":55,"playtime":6016,"items_purged":["Doubt"],"score":873,"play_id":"bd00930b-6239-4b5c-a4ea-cc8b02fc9dcb","local_time":"20201226175725","is_ascension_mode":false,"campfire_choices":[{"data":"theWildCard:Arsene","floor":6,"key":"SMITH"},{"data":"theWildCard:SeveringSlash","floor":11,"key":"SMITH"},{"data":"theWildCard:ArcaneArts","floor":15,"key":"SMITH"},{"floor":25,"key":"REST"},{"data":"theWildCard:TheGreatSeal","floor":30,"key":"SMITH"},{"floor":32,"key":"REST"},{"floor":41,"key":"REST"},{"floor":47,"key":"REST"},{"floor":49,"key":"RECALL"},{"data":"theWildCard:PowerOfTheArcana","floor":52,"key":"SMITH"}],"circlet_count":0,"master_deck":["theWildCard:BasicStrike","theWildCard:BasicStrike","theWildCard:BasicStrike","theWildCard:BasicStrike","theWildCard:BasicDefend","theWildCard:BasicDefend","theWildCard:BasicDefend+1","theWildCard:BasicDefend","theWildCard:CallToAdventure","theWildCard:Arsene+1","theWildCard:SeveringSlash+1","theWildCard:ArcaneArts+1","theWildCard:ArchaicAssault","theWildCard:MaskChange+1","theWildCard:MagicalMight","theWildCard:Caesar","theWildCard:Patience+1","theWildCard:Metatron+1","theWildCard:StingingStrike","theWildCard:ChangingDestiny+1","theWildCard:Michael+1","theWildCard:UnendingRitual+1","theWildCard:StingingStrike","theWildCard:PaleRider+1","theWildCard:ArcaneArts+1","theWildCard:ArcanaArtistry+1","theWildCard:Proficiency+1","theWildCard:Sakuya+1","theWildCard:TheGreatSeal+1","theWildCard:MaskChange+1","theWildCard:StingingStrike","theWildCard:Lucifer+1","theWildCard:Patience+1","theWildCard:ArcaneArts+1","theWildCard:ArcaneArts+1","theWildCard:Odin+1","theWildCard:MagicalMight+1","theWildCard:PowerOfTheArcana+1","theWildCard:StingingStrike+1","theWildCard:UnendingRitual+1","theWildCard:UnendingRitual+1","theWildCard:StalwartBlade+1","theWildCard:MaskChange+1"],"relics":["theWildCard:VelvetContract","Vajra","Toxic Egg 2","Mercury Hourglass","Sozu","Gremlin Horn","Sundial","Ornamental Fan","War Paint","Molten Egg 2","Oddly Smooth Stone","Pantograph","Boot","Bag of Marbles"],"acts_visited":["Exordium","TheCity","TheBeyond","TheEnding"],"potions_floor_usage":[54,54],"damage_taken":[{"damage":0,"enemies":"Cultist","floor":1,"turns":4},{"damage":0,"enemies":"2 Louse","floor":2,"turns":3},{"damage":2,"enemies":"Small Slimes","floor":3,"turns":4},{"damage":0,"enemies":"Exordium Wildlife","floor":7,"turns":4},{"damage":0,"enemies":"Red Slaver","floor":8,"turns":3},{"damage":9,"enemies":"3 Louse","floor":10,"turns":3},{"damage":0,"enemies":"Gremlin Nob","floor":13,"turns":3},{"damage":3,"enemies":"The Guardian","floor":16,"turns":10},{"damage":1,"enemies":"Shell Parasite","floor":18,"turns":3},{"damage":0,"enemies":"Chosen","floor":19,"turns":2},{"damage":0,"enemies":"Centurion and Healer","floor":21,"turns":1},{"damage":0,"enemies":"Snake Plant","floor":22,"turns":2},{"damage":26,"enemies":"Slavers","floor":23,"turns":2},{"damage":6,"enemies":"Cultist and Chosen","floor":24,"turns":2},{"damage":0,"enemies":"Sentry and Sphere","floor":27,"turns":2},{"damage":3,"enemies":"Book of Stabbing","floor":28,"turns":5},{"damage":0,"enemies":"Centurion and Healer","floor":29,"turns":1},{"damage":16,"enemies":"Snake Plant","floor":31,"turns":3},{"damage":39,"enemies":"Champ","floor":33,"turns":6},{"damage":9,"enemies":"3 Shapes","floor":35,"turns":1},{"damage":0,"enemies":"3 Darklings","floor":36,"turns":1},{"damage":9,"enemies":"Writhing Mass","floor":38,"turns":6},{"damage":0,"enemies":"Maw","floor":39,"turns":3},{"damage":12,"enemies":"Nemesis","floor":40,"turns":5},{"damage":25,"enemies":"Giant Head","floor":46,"turns":6},{"damage":18,"enemies":"Spire Growth","floor":48,"turns":5},{"damage":52,"enemies":"Time Eater","floor":50,"turns":12},{"damage":10,"enemies":"Shield and Spear","floor":54,"turns":2},{"damage":67,"enemies":"The Heart","floor":55,"turns":5}],"seed_played":"-3387032051324560561","potions_obtained":[{"floor":2,"key":"SneckoOil"},{"floor":8,"key":"Energy Potion"},{"floor":10,"key":"Block Potion"}],"is_trial":false,"path_per_floor":["M","M","M","?","$","R","M","M","T","M","R","?","E","?","R","B",null,"M","M","$","M","M","E","M","R","T","M","E","M","R","M","R","B",null,"M","M","?","M","M","E","R","$","T","$","?","E","R","M","R","B",null,"R","$","E","B"],"character_chosen":"THE_WILD_CARD","items_purchased":["Vajra","theWildCard:MaskChange","Gremlin Horn","theWildCard:StingingStrike","theWildCard:PowerOfTheArcana","theWildCard:StingingStrike+1","Pantograph"],"campfire_rested":4,"item_purchase_floors":[5,5,20,20,42,42,44],"current_hp_per_floor":[66,66,64,64,64,64,64,64,64,55,55,55,55,55,55,52,66,65,65,65,65,65,39,33,52,52,52,49,49,49,33,52,13,66,57,57,57,48,48,36,55,55,55,55,55,30,49,31,31,4,66,66,66,56,0,0],"gold":86,"neow_bonus":"TEN_PERCENT_HP_BONUS","is_daily":false,"chose_seed":false,"campfire_upgraded":5,"win_rate":0.0,"timestamp":1609027045,"path_taken":["M","M","M","?","$","R","M","M","T","M","R","?","E","?","R","BOSS","M","M","$","M","M","E","M","R","T","M","E","M","R","M","R","BOSS","M","M","?","?","M","E","R","$","T","$","?","E","R","M","R","BOSS","R","$","E","BOSS"],"items_purchased_type":["Relic","Card","Relic","Card","Card","Card","Relic"],"build_version":"2020-12-22","purchased_purges":1,"victory":false,"max_hp_per_floor":[66,66,66,66,66,66,66,66,66,66,66,66,66,66,66,66,66,66,66,66,66,66,66,66,66,66,66,66,66,66,66,66,66,66,66,66,66,66,66,66,66,66,66,66,66,66,66,66,66,66,66,66,66,66,66,66],"card_choices":[{"not_picked":["theWildCard:Unburden","theWildCard:BladeOfGenerations"],"picked":"theWildCard:SeveringSlash","floor":1},{"not_picked":["theWildCard:BladeOfGenerations","theWildCard:Unburden"],"picked":"theWildCard:ArcaneArts","floor":2},{"not_picked":["theWildCard:Impatience","theWildCard:ArcanaArtistry"],"picked":"theWildCard:ArchaicAssault","floor":3},{"not_picked":["theWildCard:Patience","theWildCard:PowerOfTheArcana"],"picked":"theWildCard:MagicalMight","floor":7},{"not_picked":["theWildCard:MagicalMight","theWildCard:ShieldOfMany"],"picked":"theWildCard:Caesar","floor":8},{"not_picked":["theWildCard:Unburden+1","theWildCard:Abstinence"],"picked":"theWildCard:Patience+1","floor":10},{"not_picked":["theWildCard:SeveringSlash","theWildCard:Proficiency+1"],"picked":"theWildCard:StingingStrike","floor":13},{"not_picked":["theWildCard:Satanael+1","theWildCard:TheArcanaUnleashed"],"picked":"theWildCard:ChangingDestiny+1","floor":16},{"not_picked":["theWildCard:Alice+1","theWildCard:StingingStrike"],"picked":"theWildCard:Michael+1","floor":18},{"not_picked":["theWildCard:Unburden+1","theWildCard:EnergizedStroke"],"picked":"theWildCard:UnendingRitual+1","floor":19},{"not_picked":["theWildCard:Patience+1","theWildCard:Impatience+1"],"picked":"theWildCard:PaleRider+1","floor":21},{"not_picked":["theWildCard:MaskChange+1","theWildCard:MasterPlan+1"],"picked":"theWildCard:ArcaneArts+1","floor":22},{"not_picked":["theWildCard:Loki+1","theWildCard:StingingStrike"],"picked":"theWildCard:ArcanaArtistry+1","floor":23},{"not_picked":["theWildCard:ManOfManyFaces","theWildCard:MagicalMight+1"],"picked":"theWildCard:Proficiency+1","floor":24},{"not_picked":["theWildCard:Proficiency+1","theWildCard:Ruination"],"picked":"theWildCard:Sakuya+1","floor":27},{"not_picked":["theWildCard:ArcaneArts+1","theWildCard:StingingStrike"],"picked":"theWildCard:TheGreatSeal","floor":28},{"not_picked":["theWildCard:LadyLuck+1","theWildCard:Unburden+1"],"picked":"theWildCard:MaskChange+1","floor":29},{"not_picked":["theWildCard:Abstinence","theWildCard:Michael+1"],"picked":"theWildCard:StingingStrike","floor":31},{"not_picked":["theWildCard:TheArcanaUnleashed","theWildCard:Deicide+1"],"picked":"theWildCard:Lucifer+1","floor":33},{"not_picked":["theWildCard:StingingStrike","theWildCard:Metatron+1"],"picked":"theWildCard:Patience+1","floor":35},{"not_picked":["theWildCard:SeveringSlash","theWildCard:ArchaicAssault"],"picked":"theWildCard:ArcaneArts+1","floor":36},{"not_picked":["theWildCard:SeveringSlash","theWildCard:StalwartBlade+1"],"picked":"theWildCard:ArcaneArts+1","floor":38},{"not_picked":["theWildCard:StalwartBlade+1","theWildCard:Metatron+1"],"picked":"theWildCard:Odin+1","floor":39},{"not_picked":["theWildCard:Abstinence+1","theWildCard:EnergizedStroke+1"],"picked":"theWildCard:MagicalMight+1","floor":40},{"not_picked":["theWildCard:StingingStrike+1","theWildCard:Polydeuces+1"],"picked":"theWildCard:UnendingRitual+1","floor":46},{"not_picked":["theWildCard:Lucifer+1","theWildCard:Patience+1"],"picked":"theWildCard:StalwartBlade+1","floor":48},{"not_picked":["theWildCard:MagicMettle+1","theWildCard:MagicalMight+1"],"picked":"theWildCard:MaskChange+1","floor":54}],"player_experience":149973,"relics_obtained":[{"floor":9,"key":"Toxic Egg 2"},{"floor":13,"key":"Mercury Hourglass"},{"floor":23,"key":"Sundial"},{"floor":28,"key":"Ornamental Fan"},{"floor":37,"key":"War Paint"},{"floor":40,"key":"Molten Egg 2"},{"floor":43,"key":"Oddly Smooth Stone"},{"floor":46,"key":"Boot"},{"floor":54,"key":"Bag of Marbles"}],"event_choices":[{"damage_healed":0,"gold_gain":175,"player_choice":"AGREE","damage_taken":0,"max_hp_gain":0,"max_hp_loss":0,"event_name":"Liars Game","floor":4,"gold_loss":0,"cards_obtained":["Doubt"]},{"damage_healed":0,"gold_gain":0,"player_choice":"Ignored","damage_taken":0,"max_hp_gain":0,"max_hp_loss":0,"event_name":"Golden Idol","floor":14,"gold_loss":0},{"damage_healed":0,"gold_gain":0,"player_choice":"Relic","damage_taken":0,"max_hp_gain":0,"max_hp_loss":0,"event_name":"Wheel of Change","floor":37,"gold_loss":0},{"damage_healed":0,"gold_gain":0,"player_choice":"Copied","damage_taken":0,"max_hp_gain":0,"max_hp_loss":0,"event_name":"Duplicator","floor":45,"gold_loss":0,"cards_obtained":["theWildCard:UnendingRitual"]}],"is_beta":false,"boss_relics":[{"not_picked":["SlaversCollar","Black Star"],"picked":"Sozu"},{"not_picked":["Snecko Eye","Empty Cage","SacredBark"]}],"items_purged_floors":[5],"is_endless":false,"potions_floor_spawned":[2,8,10,13,18,21,22,24,33,35,36,48],"killed_by":"The Heart","ascension_level":0}}