{"host":"52zmxm0oht7x0uft","time":1609000402,"event":{"mods":["AchievementEnabler","BaseMod","Minty Spire (QoL Compilation)","Quick Restart"],"gold_per_floor":[109,109,119,138,151,151,180,26,94,129,144,154,171,198,198,198,198],"floor_reached":16,"playtime":1527,"items_purged":[],"score":143,"play_id":"2b4dce8a-0507-4f97-b96e-b24f1413dec2","local_time":"20201226173322","is_ascension_mode":true,"campfire_choices":[{"data":"Endless Agony","floor":6,"key":"SMITH"},{"floor":15,"key":"REST"}],"circlet_count":0,"master_deck":["Strike_G","Strike_G","Strike_G","Strike_G","Strike_G","Defend_G","Defend_G","Defend_G","Defend_G","Defend_G","Survivor","Neutralize","Deadly Poison","Pain","Slice","Eviscerate","Endless Agony+1","Footwork","Well Laid Plans","Noxious Fumes","Escape Plan","Unload","Dagger Spray","Bouncing Flask"],"relics":["Ring of the Snake","WarpedTongs","Prayer Wheel","Lee\u0027s Waffle","The Courier","Snake Skull","Odd Mushroom"],"acts_visited":["Exordium"],"potions_floor_usage":[7,16],"damage_taken":[{"damage":0,"enemies":"Small Slimes","floor":1,"turns":3},{"damage":3,"enemies":"Cultist","floor":3,"turns":4},{"damage":1,"enemies":"Jaw Worm","floor":4,"turns":4},{"damage":22,"enemies":"Exordium Thugs","floor":5,"turns":4},{"damage":35,"enemies":"Gremlin Nob","floor":7,"turns":4},{"damage":27,"enemies":"Lagavulin","floor":10,"turns":10},{"damage":13,"enemies":"Large Slime","floor":11,"turns":4},{"damage":23,"enemies":"Lots of Slimes","floor":12,"turns":4},{"damage":12,"enemies":"Exordium Thugs","floor":13,"turns":5},{"damage":4,"enemies":"The Mushroom Lair","floor":14,"turns":2},{"damage":30,"enemies":"Slime Boss","floor":16,"turns":6}],"seed_played":"-936612837569194295","potions_obtained":[{"floor":3,"key":"ColorlessPotion"},{"floor":5,"key":"Weak Potion"},{"floor":11,"key":"LiquidBronze"},{"floor":14,"key":"Weak Potion"}],"is_trial":false,"path_per_floor":["M","?","M","M","M","R","E","$","T","E","M","M","M","?","R","B"],"character_chosen":"THE_SILENT","items_purchased":["Lee\u0027s Waffle"],"campfire_rested":1,"item_purchase_floors":[8],"current_hp_per_floor":[77,77,74,73,51,51,16,84,84,57,44,21,9,5,30,0,0],"gold":198,"neow_bonus":"TEN_PERCENT_HP_BONUS","is_daily":false,"chose_seed":false,"campfire_upgraded":1,"win_rate":0.0,"timestamp":1609000402,"path_taken":["M","?","M","M","M","R","E","$","T","E","?","?","M","?","R","BOSS"],"items_purchased_type":["Relic"],"build_version":"2020-12-22","purchased_purges":0,"victory":false,"max_hp_per_floor":[77,77,77,77,77,77,77,84,84,84,84,84,84,84,84,84,84],"card_choices":[{"not_picked":["Prepared","Slice"],"picked":"Deadly Poison","floor":1},{"not_picked":["Deadly Poison","Catalyst"],"picked":"Slice","floor":3},{"not_picked":["Deadly Poison","Terror"],"picked":"Eviscerate","floor":4},{"not_picked":["Dagger Throw","Riddle With Holes"],"picked":"Endless Agony","floor":5},{"not_picked":["Masterful Stab","Dodge and Roll"],"picked":"Footwork","floor":7},{"not_picked":["PiercingWail","Acrobatics"],"picked":"Well Laid Plans","floor":10},{"not_picked":["Footwork","Dagger Throw"],"picked":"Noxious Fumes","floor":11},{"not_picked":["Phantasmal Killer","Slice","Acrobatics"],"picked":"SKIP","floor":11},{"not_picked":["Dagger Throw","Flechettes"],"picked":"Escape Plan","floor":12},{"not_picked":["Blade Dance","Sucker Punch","Well Laid Plans"],"picked":"SKIP","floor":12},{"not_picked":["Outmaneuver","Finisher"],"picked":"Unload","floor":13},{"not_picked":["Bane","Well Laid Plans"],"picked":"Dagger Spray","floor":13},{"not_picked":["Acrobatics","Quick Slash"],"picked":"Bouncing Flask","floor":14}],"player_experience":312687,"relics_obtained":[{"floor":7,"key":"Prayer Wheel"},{"floor":9,"key":"The Courier"},{"floor":10,"key":"Snake Skull"},{"floor":14,"key":"Odd Mushroom"}],"event_choices":[{"damage_healed":0,"gold_gain":0,"player_choice":"Rummage","damage_taken":0,"relics_obtained":["WarpedTongs"],"max_hp_gain":0,"max_hp_loss":0,"event_name":"Accursed Blacksmith","floor":2,"gold_loss":0,"cards_obtained":["Pain"]},{"damage_healed":0,"gold_gain":0,"player_choice":"Fought Mushrooms","damage_taken":0,"max_hp_gain":0,"max_hp_loss":0,"event_name":"Mushrooms","floor":14,"gold_loss":0}],"is_beta":false,"boss_relics":[],"items_purged_floors":[],"is_endless":false,"potions_floor_spawned":[3,5,11,14],"killed_by":"Slime Boss","ascension_level":5}}