{"host":"tx5rs9w5gu6e5gf0","time":1609025389,"event":{"mods":["BaseMod","Colored Map","Filter the Spire","Minty Spire (QoL Compilation)","Relic Stats","StSLib"],"gold_per_floor":[12,12,28,28,41,77,77,120,120,151,151,171,8,8,8,8,8],"floor_reached":16,"playtime":571,"items_purged":[],"score":124,"play_id":"a9b49c25-92ed-47f3-9082-1508ef7be8dd","local_time":"20201227002949","is_ascension_mode":true,"campfire_choices":[{"data":"Choke","floor":7,"key":"SMITH"},{"data":"Well Laid Plans","floor":15,"key":"SMITH"}],"circlet_count":0,"master_deck":["Strike_G","Strike_G","Defend_G+1","Defend_G","Defend_G","Defend_G","Defend_G","Survivor","Neutralize","Blade Dance","Masterful Stab","Endless Agony+1","Choke+1","Distraction","Blur","Calculated Gamble","Prepared","Finisher","Well Laid Plans+1","Blade Dance","Backstab"],"relics":["Ring of the Snake","Golden Idol","Mercury Hourglass","Paper Crane","Meat on the Bone","Regal Pillow"],"acts_visited":["Exordium"],"potions_floor_usage":[6,10,16,16],"damage_taken":[{"damage":0,"enemies":"Jaw Worm","floor":1,"turns":3},{"damage":0,"enemies":"Small Slimes","floor":3,"turns":2},{"damage":0,"enemies":"2 Louse","floor":5,"turns":2},{"damage":22,"enemies":"Lagavulin","floor":6,"turns":9},{"damage":4,"enemies":"3 Sentries","floor":8,"turns":5},{"damage":17,"enemies":"Lagavulin","floor":10,"turns":4},{"damage":1,"enemies":"Large Slime","floor":12,"turns":4},{"damage":27,"enemies":"Slime Boss","floor":16,"turns":6}],"seed_played":"-5324031403838728264","potions_obtained":[{"floor":1,"key":"FearPotion"},{"floor":5,"key":"LiquidMemories"},{"floor":8,"key":"SkillPotion"},{"floor":10,"key":"Dexterity Potion"}],"is_trial":false,"path_per_floor":["M","?","M","?","M","E","R","E","T","E","?","M","$","?","R","B"],"character_chosen":"THE_SILENT","items_purchased":["Well Laid Plans","Blade Dance","Backstab"],"campfire_rested":0,"item_purchase_floors":[13,13,13],"current_hp_per_floor":[70,53,53,53,53,31,31,27,27,22,8,19,19,24,24,0,0],"gold":8,"neow_bonus":"TRANSFORM_TWO_CARDS","is_daily":false,"chose_seed":false,"campfire_upgraded":2,"win_rate":0.0,"timestamp":1609025389,"path_taken":["M","?","M","?","M","E","R","E","T","E","?","M","$","?","R","BOSS"],"items_purchased_type":["Card","Card","Card"],"build_version":"2020-12-22","purchased_purges":0,"victory":false,"max_hp_per_floor":[70,70,70,70,70,70,70,70,70,70,70,70,70,75,75,75,75],"relic_stats":{"Regal Pillow":0,"counters":[8,34],"Golden Idol":32,"obtain_stats":[{"Regal Pillow":10,"Golden Idol":2,"Paper Crane":8,"Ring of the Snake":0,"Mercury Hourglass":6,"Meat on the Bone":9},{"Regal Pillow":6,"Golden Idol":1,"Paper Crane":5,"Ring of the Snake":0,"Mercury Hourglass":4,"Meat on the Bone":5},{"Regal Pillow":25,"Golden Idol":3,"Paper Crane":21,"Ring of the Snake":0,"Mercury Hourglass":16,"Meat on the Bone":21}],"Ring of the Snake":[16],"Mercury Hourglass":[95],"Meat on the Bone":24},"card_choices":[{"not_picked":["Expertise","Predator"],"picked":"Endless Agony","floor":1},{"not_picked":["Quick Slash","Eviscerate"],"picked":"Choke","floor":3},{"not_picked":["Bane","Escape Plan"],"picked":"Blur","floor":5},{"not_picked":["Predator","Acrobatics"],"picked":"Calculated Gamble","floor":6},{"not_picked":["Distraction","Dagger Throw","Poisoned Stab"],"picked":"SKIP","floor":8},{"not_picked":["Outmaneuver","Doppelganger"],"picked":"Prepared","floor":10},{"not_picked":["Bane","Dagger Throw"],"picked":"Finisher","floor":12}],"player_experience":9767,"relics_obtained":[{"floor":6,"key":"Mercury Hourglass"},{"floor":8,"key":"Paper Crane"},{"floor":9,"key":"Meat on the Bone"},{"floor":10,"key":"Regal Pillow"}],"event_choices":[{"damage_healed":0,"gold_gain":0,"player_choice":"Take Damage","damage_taken":17,"relics_obtained":["Golden Idol"],"max_hp_gain":0,"max_hp_loss":0,"event_name":"Golden Idol","floor":2,"gold_loss":0},{"damage_healed":0,"gold_gain":0,"cards_transformed":["Strike_G"],"player_choice":"Change","damage_taken":0,"max_hp_gain":0,"max_hp_loss":0,"event_name":"Living Wall","floor":4,"gold_loss":0,"cards_obtained":["Distraction"]},{"damage_healed":0,"gold_gain":0,"player_choice":"Entered Light","damage_taken":14,"max_hp_gain":0,"max_hp_loss":0,"event_name":"Shining Light","floor":11,"gold_loss":0,"cards_upgraded":["Defend_G","Endless Agony"]},{"damage_healed":0,"gold_gain":0,"player_choice":"Donut","damage_taken":0,"max_hp_gain":5,"max_hp_loss":0,"event_name":"Big Fish","floor":14,"gold_loss":0}],"is_beta":false,"boss_relics":[],"items_purged_floors":[],"is_endless":false,"potions_floor_spawned":[1,5,8,10],"killed_by":"Slime Boss","ascension_level":1}}