{"host":"pr6x8hyknev46vut","time":1609022146,"event":{"mods":["BaseMod","Colored Map","Downfall","Googly Eyes","Hermit","Highlight Path","Minty Spire (QoL Compilation)","Permanent Neow","Replay The Spire","Shop Mod","StSLib","The Bug Knight","The Construct","The Cursed","The Disciple","The Necromancer","The Runesmith","The Servant 0.9.4","[IsaacMod]????"],"gold_per_floor":[99,113,132,132,132,152,152,172,187,37,22,35,35,64,78,176,176,176,23,34,34,52,65,65,82,82,82],"floor_reached":26,"playtime":1948,"items_purged":[],"score":212,"play_id":"f29dcc35-68c3-4ba2-afbf-5d520a8dd7e4","local_time":"20201226233546","is_ascension_mode":false,"campfire_choices":[{"floor":1,"key":"RECALL"},{"floor":10,"key":"REST"},{"data":"sneckomod:RainOfDice","floor":13,"key":"SMITH"},{"data":"sneckomod:UnlimitedRolls","floor":18,"key":"SMITH"}],"circlet_count":0,"master_deck":["sneckomod:Strike","sneckomod:Strike","sneckomod:Strike","sneckomod:Defend","sneckomod:Defend","sneckomod:Defend","sneckomod:TailWhip","sneckomod:SnekBite","sneckomod:Unknown","sneckomod:Unknown","sneckomod:UnknownClassSLIMEBOUND","sneckomod:RainOfDice+1","CommonCold","sneckomod:DiceBlock","sneckomod:Unknown1Cost","sneckomod:QuickBite","sneckomod:UnknownVulnerable","sneckomod:UnknownClassDEFAULT_GRAY_COLOR","sneckomod:DiceCrush","sneckomod:Restock","sneckomod:UnlimitedRolls+1","sneckomod:UnlimitedRolls","sneckomod:WideSting","sneckomod:UnknownRareAttack","sneckomod:SlitherStrike+1","sneckomod:SnakeSap+1","sneckomod:UnknownClassBLUE","sneckomod:Nope","sneckomod:DiceBoulder+1","sneckomod:IronFang","sneckomod:IronFang"],"relics":["sneckomod:SneckoSoul","HushsDoor","KeepersGift","Potion Belt","Orichalcum","downfall:HeartBlessingRed","downfall:HeartBlessingBlue","Torii","Replay:Ancient Bell","Oddly Smooth Stone","SatanicBible"],"acts_visited":["Exordium","TheCity"],"potions_floor_usage":[16,23,25],"damage_taken":[{"damage":0,"enemies":"2 Louse","floor":2,"turns":3},{"damage":13,"enemies":"Jaw Worm","floor":3,"turns":3},{"damage":0,"enemies":"Small Slimes","floor":6,"turns":3},{"damage":24,"enemies":"Exordium Wildlife","floor":8,"turns":7},{"damage":9,"enemies":"Red Slaver","floor":9,"turns":4},{"damage":0,"enemies":"downfall:FleeingMerchant","floor":11,"turns":4},{"damage":0,"enemies":"Large Slime","floor":12,"turns":5},{"damage":39,"enemies":"HollowMod:MossKnight","floor":14,"turns":10},{"damage":4,"enemies":"3 Louse","floor":15,"turns":3},{"damage":13,"enemies":"downfall:Watcher","floor":16,"turns":11},{"damage":2,"enemies":"downfall:FleeingMerchant","floor":19,"turns":4},{"damage":16,"enemies":"Shell Parasite","floor":20,"turns":7},{"damage":17,"enemies":"Snake Plant","floor":22,"turns":4},{"damage":26,"enemies":"Shelled Parasite and Fungi","floor":23,"turns":6},{"damage":33,"enemies":"3 Cultists","floor":25,"turns":7},{"damage":21,"enemies":"Slavers","floor":26,"turns":1}],"seed_played":"6888585753523822342","potions_obtained":[{"floor":8,"key":"construct:ShiftPotion"},{"floor":14,"key":"DistilledChaos"},{"floor":15,"key":"Dexterity Potion"},{"floor":16,"key":"LiquidMemories"},{"floor":20,"key":"LiquidMemories"},{"floor":22,"key":"Elixir"},{"floor":23,"key":"Languid Potion"}],"is_trial":false,"path_per_floor":["R","M","M","?","?","M","T","M","M","R","$","M","R","E","M","B",null,"R","$","M","?","M","M","T","M","E"],"character_chosen":"THE_SNECKO","items_purchased":["sneckomod:UnlimitedRolls","sneckomod:WideSting","sneckomod:UnknownRareAttack","Regen Potion","sneckomod:SnakeSap+1","sneckomod:UnknownClassBLUE"],"campfire_rested":1,"item_purchase_floors":[17,17,17,17,19,19],"current_hp_per_floor":[90,91,78,78,60,60,60,37,32,72,73,76,76,37,37,24,93,93,92,76,76,59,48,48,15,0,0],"gold":82,"neow_bonus":"RANDOM_COMMON_RELIC","is_daily":false,"chose_seed":false,"campfire_upgraded":2,"win_rate":0.0,"timestamp":1609022146,"path_taken":["R","M","M","?","?","M","T","M","M","R","?","M","R","E","M","BOSS","R","$","M","?","M","M","T","M","E"],"items_purchased_type":["Card","Card","Card","Potion","Card","Card"],"build_version":"2020-12-22","purchased_purges":0,"victory":false,"max_hp_per_floor":[90,91,91,91,91,91,91,92,92,102,103,104,104,104,104,104,93,93,94,94,94,94,94,94,94,94,94],"card_choices":[{"not_picked":["sneckomod:UnknownClassWHITE","Bomb"],"picked":"sneckomod:UnknownClassSLIMEBOUND","floor":2},{"not_picked":["sneckomod:UnknownClassHEXA_GHOST_PURPLE","sneckomod:UnknownEthereal"],"picked":"sneckomod:RainOfDice","floor":3},{"not_picked":["sneckomod:IronFang","sneckomod:SoulRoll"],"picked":"sneckomod:DiceBlock","floor":6},{"not_picked":["sneckomod:UnknownBlock","sneckomod:CheapStock"],"picked":"sneckomod:Unknown1Cost","floor":8},{"not_picked":["sneckomod:Unknown1Cost","sneckomod:DiceBlock"],"picked":"sneckomod:QuickBite","floor":9},{"not_picked":["sneckomod:SoulExchange","sneckomod:UnknownExhaust"],"picked":"sneckomod:UnknownVulnerable","floor":11},{"not_picked":["sneckomod:UnknownX","sneckomod:UnknownStrike"],"picked":"sneckomod:UnknownClassDEFAULT_GRAY_COLOR","floor":12},{"not_picked":["sneckomod:UnknownBlock","sneckomod:QuickBite"],"picked":"sneckomod:DiceCrush","floor":14},{"not_picked":["sneckomod:UnknownCommonAttack","sneckomod:DiceBlock"],"picked":"sneckomod:Restock","floor":15},{"not_picked":["sneckomod:SoulExchange","sneckomod:SerpentMind"],"picked":"sneckomod:UnlimitedRolls","floor":16},{"not_picked":["sneckomod:CheapStock","sneckomod:UnknownStrike+1"],"picked":"sneckomod:SlitherStrike+1","floor":19},{"not_picked":["sneckomod:UnknownStrike+1","sneckomod:UnknownClassSILVER"],"picked":"sneckomod:Nope","floor":20},{"not_picked":["sneckomod:UnknownCommonAttack","sneckomod:SoulRoll"],"picked":"sneckomod:DiceBoulder+1","floor":22},{"not_picked":["sneckomod:WideSting","sneckomod:UnknownClassPURPLE"],"picked":"sneckomod:IronFang","floor":23},{"not_picked":["sneckomod:UnknownWeak","sneckomod:UnknownClassGUARDIAN"],"picked":"sneckomod:IronFang","floor":25}],"player_experience":22220,"relics_obtained":[{"floor":14,"key":"Torii"},{"floor":24,"key":"SatanicBible"}],"event_choices":[{"damage_healed":0,"gold_gain":0,"player_choice":"Success","damage_taken":18,"relics_obtained":["Orichalcum"],"max_hp_gain":0,"max_hp_loss":0,"event_name":"Scrap Ooze","floor":5,"gold_loss":0}],"is_beta":false,"boss_relics":[{"not_picked":["ReplayTheSpireMod:DimensionalGlitch","Painkiller Herb"],"picked":"Replay:Ancient Bell"},{"not_picked":["Runesmith:AutoHammer","ReplayTheSpireMod:TigerMarble"],"picked":"Oddly Smooth Stone"},{"not_picked":[]}],"items_purged_floors":[],"is_endless":false,"potions_floor_spawned":[8,14,15,16,20,22,23],"killed_by":"Slavers","ascension_level":0}}