{"host":"3j2m8n0ywf988fwb","time":1609004315,"event":{"mods":["2.2 Compatiblity","Act Like it!","Aspiration","BaseMod","Beaked The Cultist","Better Altar","Better Match","Better Note","Better Sensory Stone","Better Skull","Better Third Choice","CCEM","Colored Map","Colored Powertips","Conspire","Energized Spire","GifTheSpireLib","Googly Eyes","Halation","Hallownest","Highlight Path","Hubris","Infinite Spire","Jedi Mod","Marisa????????","Marked Mod","Mimic Mod","Minty Spire (QoL Compilation)","Random Character Button","Relic Stats","Replay The Spire","Robot Space Explorer","Shop Mod","Somnambulant","StSLib","Stuff the Spire","The Bug Knight","The Hierophant","The Marked","The Runesmith","TheFirefly","Unceasing Turn Reminder","everything is the same but u backflip on backflip"],"gold_per_floor":[113,288,288,288,111,111,136,136,186,186,198,22,110,110,110,110,110,110,110,110,110],"floor_reached":20,"playtime":624,"items_purged":["Doubt","beaked:Strike_Y"],"score":233,"play_id":"87293a1a-a1fd-4e0b-a63b-f0c40fbaba0c","local_time":"20201226113835","is_ascension_mode":true,"campfire_choices":[{"data":"beaked:Ceremony","floor":6,"key":"SMITH"},{"data":"beaked:Ceremony","floor":8,"key":"SMITH"},{"data":"beaked:Ceremony","floor":10,"key":"SMITH"},{"data":"beaked:Tweet","floor":15,"key":"SMITH"}],"circlet_count":0,"master_deck":["beaked:Strike_Y","beaked:Strike_Y","beaked:Strike_Y","beaked:Strike_Y","beaked:Strike_Y","beaked:Defend_Y","beaked:Defend_Y","beaked:Defend_Y","beaked:Defend_Y","beaked:Ceremony+1","beaked:Ceremony+1","beaked:Ceremony+1","beaked:Windmill","beaked:BraceForImpact","beaked:SacrificialScars","ReplayTheSpireMod:Prepare the Ceremony","beaked:BraceForImpact","beaked:Tweet+1","beaked:ScreechingChant","beaked:BloodRitual+1","beaked:Foresight"],"relics":["beaked:MendingPlumage","NeowsBlessing","conspire:Boomerang","conspire:DeflatedDodgeball","infinitespire:Lucky Rock","jedi:ominousloannote","Pantograph","StuffTheSpire:TintedRock","energizedSpire:MagnifyingGlass"],"acts_visited":["Exordium","TheCity"],"potions_floor_usage":[20],"damage_taken":[{"damage":0,"enemies":"Small Slimes","floor":1,"turns":1},{"damage":0,"enemies":"Lagavulin","floor":7,"turns":1},{"damage":0,"enemies":"2 Louse","floor":11,"turns":1},{"damage":38,"enemies":"3 Sentries","floor":14,"turns":6},{"damage":25,"enemies":"Hexaghost","floor":16,"turns":7},{"damage":31,"enemies":"3 Byrds","floor":18,"turns":5},{"damage":33,"enemies":"Shell Parasite","floor":19,"turns":5},{"damage":57,"enemies":"Snecko","floor":20,"turns":6}],"seed_played":"-310499536912498361","potions_obtained":[{"floor":7,"key":"Fire Potion"},{"floor":14,"key":"FearPotion"},{"floor":16,"key":"Elixir"},{"floor":18,"key":"jedi:holywater"}],"is_trial":false,"path_per_floor":["M","?","?","T","$","R","E","R","T","R","M","$","$","E","R","B",null,"M","M","M"],"character_chosen":"BEAKED_THE_CULTIST","items_purchased":["beaked:Windmill","beaked:BraceForImpact","ReplayTheSpireMod:Prepare the Ceremony","jedi:ominousloannote","Pantograph","beaked:BraceForImpact"],"campfire_rested":0,"item_purchase_floors":[5,5,12,13,13,13],"current_hp_per_floor":[50,50,50,50,50,50,50,50,50,50,50,50,50,19,19,44,54,29,21,0,0],"gold":110,"neow_bonus":"THREE_ENEMY_KILL","is_daily":false,"chose_seed":false,"campfire_upgraded":4,"win_rate":0.0,"timestamp":1609004315,"path_taken":["M","?","?","?","$","R","E","R","T","R","?","?","$","E","R","BOSS","M","M","M"],"items_purchased_type":["Card","Card","Card","Relic","Relic","Card"],"build_version":"2020-12-22","purchased_purges":2,"victory":false,"max_hp_per_floor":[50,50,50,50,50,50,50,50,50,50,50,50,50,52,52,54,54,56,56,56,56],"relic_stats":{"counters":[8,32],"Pantograph":25,"obtain_stats":[{"StuffTheSpire:TintedRock":14,"NeowsBlessing":0,"jedi:ominousloannote":13,"Pantograph":13,"conspire:Boomerang":4,"energizedSpire:MagnifyingGlass":17,"infinitespire:Lucky Rock":9,"beaked:MendingPlumage":0,"conspire:DeflatedDodgeball":7},{"StuffTheSpire:TintedRock":4,"NeowsBlessing":0,"jedi:ominousloannote":3,"Pantograph":3,"conspire:Boomerang":1,"energizedSpire:MagnifyingGlass":5,"infinitespire:Lucky Rock":2,"beaked:MendingPlumage":0,"conspire:DeflatedDodgeball":2},{"StuffTheSpire:TintedRock":9,"NeowsBlessing":0,"jedi:ominousloannote":3,"Pantograph":3,"conspire:Boomerang":1,"energizedSpire:MagnifyingGlass":16,"infinitespire:Lucky Rock":2,"beaked:MendingPlumage":0,"conspire:DeflatedDodgeball":2}]},"card_choices":[{"not_picked":["beaked:BarbedWire","beaked:SurvivalInstinct","beaked:DigDeeper"],"picked":"SKIP","floor":1},{"not_picked":["beaked:Foresight","beaked:BloodForTheGods"],"picked":"beaked:SacrificialScars","floor":7},{"not_picked":["beaked:WarriorEssence","beaked:Overpower","beaked:MimicWarrior"],"picked":"SKIP","floor":11},{"not_picked":["beaked:DesperateSwing","beaked:Daydream"],"picked":"beaked:Tweet","floor":14},{"not_picked":["beaked:SacrificialScars","beaked:DarkTribute"],"picked":"beaked:ScreechingChant","floor":16},{"not_picked":["beaked:FeelMyPain","beaked:Negation"],"picked":"beaked:BloodRitual+1","floor":18},{"not_picked":["beaked:SurvivalInstinct","beaked:Cower"],"picked":"beaked:Foresight","floor":19}],"player_experience":1021483,"relics_obtained":[{"floor":4,"key":"conspire:Boomerang"},{"floor":7,"key":"conspire:DeflatedDodgeball"},{"floor":9,"key":"infinitespire:Lucky Rock"},{"floor":14,"key":"StuffTheSpire:TintedRock"}],"event_choices":[{"damage_healed":0,"gold_gain":175,"player_choice":"AGREE","damage_taken":113,"max_hp_gain":0,"max_hp_loss":0,"event_name":"betterThird:BetterSerpent","floor":2,"gold_loss":0}],"is_beta":false,"boss_relics":[{"not_picked":["Pandora\u0027s Box","halation:CatFaceCupcake"],"picked":"energizedSpire:MagnifyingGlass"}],"items_purged_floors":[5,12],"is_endless":false,"potions_floor_spawned":[7,14,16,18,19],"killed_by":"Snecko","ascension_level":3}}