{"host":"viziole1rlq0xdmf","time":1609014040,"event":{"mods":["AchievementEnabler","AlwaysNeverKeys","Ascension Reborn","Aspiration","BaseMod","Better Note","Better Skull","Better Third Choice","Better Vampires","BetterRewards","Card Filter","Card Forge","Colored Map","Emptier Cage","Energized Spire","Friendly Minions","GifTheSpireLib","Infinite Spire","Ironclad Rager","Minty Spire (QoL Compilation)","Relic Filter","Relic Sorter","Replay The Spire","Shop Mod","Spicy Shops","Spikes Relics","StSLib","Stuff the Spire","SuperFastMode","Transform Curses","Treasure Hunter","Uncapped","vexMod"],"gold_per_floor":[116,116,136,151,170,170,190,190,190,202,49,49,49,65,65,163,163,179,179,104,124,142,142,158,158,184,199,199,199,209,223,223,223,223],"floor_reached":33,"playtime":1538,"items_purged":["StuffTheSpire:CuriosityCurse"],"score":243,"play_id":"6f37387d-3d3a-48d4-a024-8b7d44846a48","local_time":"20201226212040","is_ascension_mode":false,"campfire_choices":[{"data":"Bane","floor":6,"key":"SMITH"},{"data":"Deadly Poison","floor":8,"key":"SMITH"},{"data":"StuffTheSpire:BrimstoneBlast","floor":13,"key":"SMITH"},{"data":"Catalyst","floor":15,"key":"SMITH"},{"floor":25,"key":"REST"},{"data":"Envenom","floor":29,"key":"SMITH"},{"floor":32,"key":"REST"}],"circlet_count":0,"master_deck":["Survivor","Neutralize","ICR:VenomStrike","ICR:VenomStrike","ICR:VenomStrike","ICR:VenomStrike","ICR:Dodge","ICR:Dodge","ICR:Dodge","ICR:Dodge","ICR:Dodge","Bane+1","Pace","Deadly Poison+1","StuffTheSpire:Injection","StuffTheSpire:BrimstoneBlast+1","Catalyst+1","Envenom+1","Prepared","PiercingWail","Terror"],"relics":["Ring of the Snake","Hammer of Thor","Seething Fire","Anvil of the Gods","Replay:Rubber Ducky","Replay:Baseball","Sozu","Question Card","SnailShell"],"acts_visited":["Exordium","TheCity"],"potions_floor_usage":[16,16,33],"damage_taken":[{"damage":0,"enemies":"Jaw Worm","floor":1,"turns":4},{"damage":0,"enemies":"Cultist","floor":3,"turns":3},{"damage":0,"enemies":"2 Louse","floor":4,"turns":3},{"damage":2,"enemies":"Large Slime","floor":5,"turns":7},{"damage":13,"enemies":"Exordium Wildlife","floor":7,"turns":5},{"damage":0,"enemies":"3 Louse","floor":10,"turns":4},{"damage":0,"enemies":"Blue Slaver","floor":14,"turns":2},{"damage":26,"enemies":"Fading Forest","floor":16,"turns":11},{"damage":0,"enemies":"Chosen","floor":18,"turns":3},{"damage":17,"enemies":"2 Thieves","floor":21,"turns":4},{"damage":35,"enemies":"Shelled Parasite and Fungi","floor":22,"turns":6},{"damage":12,"enemies":"Centurion and Healer","floor":24,"turns":7},{"damage":0,"enemies":"Snecko","floor":27,"turns":3},{"damage":17,"enemies":"Cultist and Chosen","floor":30,"turns":5},{"damage":0,"enemies":"Snake Plant","floor":31,"turns":4},{"damage":34,"enemies":"Collector","floor":33,"turns":5}],"seed_played":"130343506211995579","potions_obtained":[{"floor":1,"key":"Swift Potion"},{"floor":5,"key":"Elixir"},{"floor":10,"key":"GamblersBrew"}],"is_trial":false,"path_per_floor":["M","?","M","M","M","R","M","R","T","M","$","?","R","M","R","B",null,"M","?","?","M","M","?","M","R","T","M","?","R","M","M","R","B"],"character_chosen":"THE_SILENT","items_purchased":["StuffTheSpire:BrimstoneBlast"],"campfire_rested":2,"item_purchase_floors":[11],"current_hp_per_floor":[70,70,70,70,68,68,55,55,55,55,55,55,55,55,55,39,70,70,70,70,53,18,18,6,27,27,27,27,27,10,10,31,0,0],"gold":223,"neow_bonus":"SILENT_POISONER","is_daily":false,"chose_seed":false,"campfire_upgraded":5,"win_rate":0.0,"timestamp":1609014040,"path_taken":["M","?","M","M","M","R","M","R","T","M","$","?","R","M","R","BOSS","M","?","?","M","M","?","?","R","T","M","?","R","M","M","R","BOSS"],"items_purchased_type":["Card"],"build_version":"2020-12-22","purchased_purges":1,"victory":false,"max_hp_per_floor":[70,70,70,70,70,70,70,70,70,70,70,70,70,70,70,70,70,70,70,70,70,70,70,70,70,70,70,70,70,70,70,70,70,70],"card_choices":[{"not_picked":["Outmaneuver","Reflex"],"picked":"Bane","floor":1},{"not_picked":["Outmaneuver","Tactician","Grand Finale"],"picked":"SKIP","floor":3},{"not_picked":["Outmaneuver","Endless Agony"],"picked":"Pace","floor":4},{"not_picked":["PiercingWail","Poisoned Stab"],"picked":"Deadly Poison","floor":5},{"not_picked":["Backflip","Dagger Spray","Pace"],"picked":"SKIP","floor":7},{"not_picked":["TH:ElvenBoots","TH:ArmorSpikes"],"picked":"SKIP","floor":9},{"not_picked":["Flying Knee","Hidden Blade"],"picked":"StuffTheSpire:Injection","floor":10},{"not_picked":["Bouncing Flask","Dagger Spray"],"picked":"Catalyst","floor":14},{"not_picked":["ReplayTheSpireMod:From All Sides","Wraith Form v2"],"picked":"Envenom","floor":16},{"not_picked":["Flying Knee","Dagger Spray"],"picked":"Prepared","floor":18},{"not_picked":["StuffTheSpire:DoubleShiv+1","Night Terror","Deflect+1"],"picked":"PiercingWail","floor":21},{"not_picked":["StuffTheSpire:Repulse","Dagger Spray","Reflex","Backstab"],"picked":"SKIP","floor":22},{"not_picked":["Prepared","Backstab","Cloak And Dagger","Slice"],"picked":"SKIP","floor":24},{"not_picked":["TH:Mimic","TH:ArmorSpikes","TH:EnergyPotion"],"picked":"SKIP","floor":26},{"not_picked":["Blade Dance","Quick Slash","Die Die Die","ReplayTheSpireMod:Tripwire+1"],"picked":"SKIP","floor":27},{"not_picked":["StuffTheSpire:BumpUp","Flying Knee+1","StuffTheSpire:Python"],"picked":"Terror","floor":30},{"not_picked":["Slice","StuffTheSpire:Injection","ReplayTheSpireMod:Shiv Toss","Envenom"],"picked":"SKIP","floor":31}],"player_experience":199156,"relics_obtained":[{"floor":9,"key":"Replay:Baseball"},{"floor":26,"key":"SnailShell"}],"event_choices":[{"cards_removed":["ICR:VenomStrike"],"damage_healed":0,"gold_gain":0,"player_choice":"Give","damage_taken":0,"max_hp_gain":0,"max_hp_loss":0,"event_name":"betterNote:BetterNote","floor":12,"gold_loss":0,"cards_obtained":["Voices"]},{"cards_removed":["ICR:VenomStrike"],"damage_healed":0,"gold_gain":0,"player_choice":"Gave Gold","damage_taken":0,"max_hp_gain":0,"max_hp_loss":0,"event_name":"Beggar","floor":20,"gold_loss":75},{"damage_healed":0,"gold_gain":0,"player_choice":"Ignored","damage_taken":0,"max_hp_gain":0,"max_hp_loss":0,"event_name":"Vampires","floor":28,"gold_loss":0}],"is_beta":false,"boss_relics":[{"not_picked":["aspiration:WatcherSkillbook","vexMod:MysteryBossChallenge"],"picked":"Sozu"}],"items_purged_floors":[11],"is_endless":false,"potions_floor_spawned":[1,5,10,14,21,27,30,31],"killed_by":"Collector","ascension_level":0}}