{"host":"3y2rtlgteqp2nuo3","time":1609000453,"event":{"mods":["2.2 Compatiblity","AchievementEnabler","BaseMod","Colored Map","DeckTracker","Highlight Path","Keyboard Shortcuts","Minty Spire (QoL Compilation)","Permanent Neow","Quick Restart","StSLib","SuperFastMode","everything is the same but u backflip on backflip"],"gold_per_floor":[115,126,140,65,76,76,109,109,109,139,139,174,174,191,191,292,292,308,308,318,330,349,349,361,388,414,447,459,459,14,14,14,112,112,126,145,145,190,208,208,242,242,242,255,255,9,38,49,49,49,49],"floor_reached":50,"playtime":1355,"items_purged":["Strike_B","Strike_B"],"score":796,"play_id":"a8941f9e-2d81-4718-903b-6abc1e10a28e","local_time":"20201227013413","is_ascension_mode":true,"campfire_choices":[{"data":"Zap","floor":6.0,"key":"SMITH"},{"data":"Darkness","floor":8.0,"key":"SMITH"},{"data":"Lockon","floor":13.0,"key":"SMITH"},{"floor":15.0,"key":"REST"},{"floor":23.0,"key":"REST"},{"floor":32.0,"key":"REST"},{"data":"Thunder Strike","floor":40.0,"key":"SMITH"},{"floor":45.0,"key":"REST"},{"floor":49.0,"key":"REST"}],"circlet_count":0,"master_deck":["Zap+1","Dualcast","Rebound","Beam Cell","Barrage","Darkness+1","Lockon+1","Zap+1","Leap+1","Coolheaded+1","Thunder Strike+1","Ball Lightning","Glacier+1","FTL+1","Go for the Eyes","Skim+1","Clumsy","Turbo+1","Darkness+1","Secret Technique+1","Seek+1","Chaos+1","Hologram+1","Echo Form","Hologram+1","Redo+1","White Noise+1","Sweeping Beam+1","Apotheosis+1","Reinforced Body+1","Glacier+1","Undo+1"],"relics":["Cracked Core","StrikeDummy","Toxic Egg 2","Turnip","Orichalcum","Cursed Key","Blood Vial","Potion Belt","Akabeko","Anchor","Pandora\u0027s Box","Bird Faced Urn","Juzu Bracelet","HornCleat"],"acts_visited":["Exordium","TheCity","TheBeyond"],"potions_floor_usage":[50,50],"damage_taken":[{"damage":7.0,"enemies":"Jaw Worm","floor":1.0,"turns":3.0},{"damage":1.0,"enemies":"Cultist","floor":2.0,"turns":3.0},{"damage":0.0,"enemies":"Small Slimes","floor":3.0,"turns":3.0},{"damage":12.0,"enemies":"3 Louse","floor":5.0,"turns":4.0},{"damage":6.0,"enemies":"3 Sentries","floor":7.0,"turns":5.0},{"damage":20.0,"enemies":"Lagavulin","floor":10.0,"turns":5.0},{"damage":15.0,"enemies":"3 Sentries","floor":12.0,"turns":6.0},{"damage":1.0,"enemies":"Exordium Wildlife","floor":14.0,"turns":3.0},{"damage":0.0,"enemies":"Slime Boss","floor":16.0,"turns":5.0},{"damage":0.0,"enemies":"Chosen","floor":18.0,"turns":3.0},{"damage":5.0,"enemies":"Spheric Guardian","floor":20.0,"turns":3.0},{"damage":7.0,"enemies":"Shelled Parasite and Fungi","floor":21.0,"turns":4.0},{"damage":20.0,"enemies":"Snake Plant","floor":22.0,"turns":3.0},{"damage":0.0,"enemies":"Centurion and Healer","floor":24.0,"turns":5.0},{"damage":0.0,"enemies":"Gremlin Leader","floor":25.0,"turns":5.0},{"damage":8.0,"enemies":"Book of Stabbing","floor":27.0,"turns":4.0},{"damage":6.0,"enemies":"Chosen and Byrds","floor":28.0,"turns":3.0},{"damage":6.0,"enemies":"Collector","floor":33.0,"turns":6.0},{"damage":0.0,"enemies":"Orb Walker","floor":35.0,"turns":3.0},{"damage":12.0,"enemies":"3 Shapes","floor":36.0,"turns":3.0},{"damage":7.0,"enemies":"2 Orb Walkers","floor":38.0,"turns":3.0},{"damage":4.0,"enemies":"Spire Growth","floor":39.0,"turns":3.0},{"damage":39.0,"enemies":"Nemesis","floor":41.0,"turns":3.0},{"damage":10.0,"enemies":"Writhing Mass","floor":44.0,"turns":4.0},{"damage":28.0,"enemies":"Giant Head","floor":47.0,"turns":6.0},{"damage":0.0,"enemies":"Maw","floor":48.0,"turns":5.0},{"damage":55,"enemies":"Time Eater","floor":50,"turns":3}],"seed_played":"4704818566992736955","potions_obtained":[{"floor":3.0,"key":"BlessingOfTheForge"},{"floor":5.0,"key":"Swift Potion"},{"floor":10.0,"key":"PowerPotion"},{"floor":12.0,"key":"Block Potion"},{"floor":20.0,"key":"Weak Potion"},{"floor":21.0,"key":"LiquidBronze"},{"floor":24.0,"key":"EntropicBrew"},{"floor":28.0,"key":"Strength Potion"},{"floor":33.0,"key":"Energy Potion"},{"floor":39.0,"key":"GamblersBrew"},{"floor":41.0,"key":"Ancient Potion"},{"floor":44.0,"key":"BlessingOfTheForge"}],"is_trial":false,"path_per_floor":["M","M","M","$","M","R","E","R","T","E","?","E","R","M","R","B",null,"M","?","M","M","M","R","M","E","T","E","M","?","$","?","R","B",null,"M","M","?","?","M","R","E","?","T","M","R","$","E","M","R","B"],"character_chosen":"DEFECT","items_purchased":["Secret Technique+1","Anchor","Apotheosis+1","Reinforced Body+1"],"campfire_rested":5,"item_purchase_floors":[30,30,46,46],"current_hp_per_floor":[68,67,67,67,55,55,49,49,49,29,29,14,14,13,35,35,65,65,65,60,53,33,55,55,55,55,49,45,45,45,31,55,51,73,75,65,65,60,58,58,25,25,25,21,43,43,23,27,49,0,0],"gold":49,"neow_bonus":"REMOVE_CARD","is_daily":false,"chose_seed":false,"campfire_upgraded":4,"win_rate":0.0,"timestamp":1609000453,"path_taken":["M","M","M","$","M","R","E","R","T","E","?","E","R","?","R","BOSS","M","?","M","M","M","R","M","E","T","E","M","?","$","?","R","BOSS","M","M","?","?","M","R","E","?","T","M","R","$","E","M","R","BOSS"],"items_purchased_type":["Card","Relic","Card","Card"],"build_version":"2020-12-22","purchased_purges":2,"victory":false,"max_hp_per_floor":[75,75,75,75,75,75,75,75,75,75,75,75,75,75,75,75,75,75,75,75,75,75,75,75,75,75,75,75,75,75,80,80,80,80,80,80,76,76,76,76,76,76,76,76,76,76,76,76,76,76,76],"card_choices":[{"not_picked":["Conserve Battery","Turbo"],"picked":"Rebound","floor":1.0},{"not_picked":["Turbo","Skim"],"picked":"Beam Cell","floor":2.0},{"not_picked":["Hologram","Stack"],"picked":"Barrage","floor":3.0},{"not_picked":["Loop","Redo","Undo"],"picked":"SKIP","floor":5.0},{"not_picked":["Storm","Steam"],"picked":"Darkness","floor":7.0},{"not_picked":["Coolheaded+1","Hologram+1"],"picked":"Lockon","floor":10.0},{"not_picked":["Capacitor","Biased Cognition"],"picked":"Leap+1","floor":12.0},{"not_picked":["Static Discharge","Capacitor"],"picked":"Coolheaded+1","floor":14.0},{"not_picked":["Creative AI","Buffer"],"picked":"Thunder Strike","floor":16.0},{"not_picked":["Static Discharge","Gash"],"picked":"Ball Lightning","floor":18.0},{"not_picked":["Sweeping Beam","Barrage"],"picked":"Glacier+1","floor":20.0},{"not_picked":["Chaos+1","Redo+1"],"picked":"FTL+1","floor":21.0},{"not_picked":["Barrage","Rebound"],"picked":"Go for the Eyes","floor":22.0},{"not_picked":["Conserve Battery+1","Glacier+1"],"picked":"Skim+1","floor":24.0},{"not_picked":["Sweeping Beam","Rebound+1","Stack+1"],"picked":"SKIP","floor":25.0},{"not_picked":["Leap+1","Streamline"],"picked":"Turbo+1","floor":27.0},{"not_picked":["Sweeping Beam","Cold Snap"],"picked":"Darkness+1","floor":28.0},{"not_picked":["Hyperbeam","Thunder Strike"],"picked":"Seek+1","floor":33.0},{"not_picked":["Steam+1","Ball Lightning"],"picked":"Hologram+1","floor":35.0},{"not_picked":["Glacier+1","Conserve Battery+1"],"picked":"Redo+1","floor":36.0},{"not_picked":["Conserve Battery+1","Capacitor+1"],"picked":"White Noise+1","floor":38.0},{"not_picked":["Turbo+1","Auto Shields+1"],"picked":"Sweeping Beam+1","floor":39.0},{"not_picked":["Sweeping Beam","Conserve Battery+1","Gash"],"picked":"SKIP","floor":41.0},{"not_picked":["Barrage","Compile Driver+1","Gash"],"picked":"SKIP","floor":44.0},{"not_picked":["Hologram+1","Glacier+1","Go for the Eyes"],"picked":"SKIP","floor":47.0},{"not_picked":["Hologram+1","Go for the Eyes"],"picked":"Glacier+1","floor":47.0},{"not_picked":["Self Repair+1","Rebound"],"picked":"Undo+1","floor":48.0}],"player_experience":654824,"relics_obtained":[{"floor":7.0,"key":"StrikeDummy"},{"floor":9.0,"key":"Toxic Egg 2"},{"floor":10.0,"key":"Turnip"},{"floor":12.0,"key":"Orichalcum"},{"floor":25.0,"key":"Blood Vial"},{"floor":26.0,"key":"Potion Belt"},{"floor":27.0,"key":"Akabeko"},{"floor":38.0,"key":"Bird Faced Urn"},{"floor":41.0,"key":"Juzu Bracelet"},{"floor":47.0,"key":"HornCleat"}],"event_choices":[{"damage_healed":0.0,"max_hp_gain":0.0,"max_hp_loss":0.0,"gold_gain":0.0,"event_name":"Match and Keep!","player_choice":"1 cards matched","floor":11.0,"gold_loss":0.0,"damage_taken":0.0,"cards_obtained":["Zap"]},{"cards_removed":["Strike_B"],"damage_healed":0.0,"max_hp_gain":0.0,"max_hp_loss":0.0,"gold_gain":0.0,"event_name":"Back to Basics","player_choice":"Elegance","floor":19.0,"gold_loss":0.0,"damage_taken":0.0},{"damage_healed":0.0,"max_hp_gain":0.0,"max_hp_loss":0.0,"gold_gain":0.0,"event_name":"The Mausoleum","player_choice":"Ignored","floor":29.0,"gold_loss":0.0,"damage_taken":0.0},{"damage_healed":0.0,"max_hp_gain":5.0,"max_hp_loss":0.0,"gold_gain":0.0,"event_name":"Forgotten Altar","player_choice":"Shed Blood","floor":31.0,"gold_loss":0.0,"damage_taken":19.0},{"damage_healed":0.0,"max_hp_gain":0.0,"max_hp_loss":4.0,"gold_gain":0.0,"event_name":"Winding Halls","player_choice":"Max HP","floor":37.0,"gold_loss":0.0,"damage_taken":0.0},{"damage_healed":0.0,"max_hp_gain":0.0,"max_hp_loss":0.0,"gold_gain":0.0,"event_name":"Mysterious Sphere","player_choice":"Fight","floor":38.0,"gold_loss":0.0,"damage_taken":0.0},{"cards_removed":["Heatsinks"],"damage_healed":0.0,"max_hp_gain":0.0,"max_hp_loss":0.0,"gold_gain":0.0,"event_name":"Falling","player_choice":"Removed Power","floor":42.0,"gold_loss":0.0,"damage_taken":0.0}],"is_beta":false,"boss_relics":[{"not_picked":["Fusion Hammer","SacredBark"],"picked":"Cursed Key"},{"not_picked":["Black Star","Snecko Eye"],"picked":"Pandora\u0027s Box"}],"items_purged_floors":[4,30],"is_endless":false,"potions_floor_spawned":[3,5,10,12,20,21,24,28,33,39,41,44],"killed_by":"Time Eater","ascension_level":5}}