{"host":"diy71vlueofrnn1o","time":1609009150,"event":{"mods":["2.2 Compatiblity","AchievementEnabler","BaseMod","Best Route Mod","Colored Map","Curses Come First","DeckTracker","Minty Spire (QoL Compilation)","Quick Restart","Rare Cards Sparkle","StSLib","SuperFastMode"],"gold_per_floor":[114,134,145,95,107,138,164,192,192,203,214,214,214],"floor_reached":12,"playtime":474,"items_purged":[],"score":129,"play_id":"9f480fe6-16cf-4a03-8493-b15bb5cdbb6d","local_time":"20201226195910","is_ascension_mode":true,"campfire_choices":[],"circlet_count":0,"master_deck":["Strike_G","Strike_G","Strike_G","Strike_G","Defend_G+1","Defend_G","Defend_G","Defend_G","Defend_G+1","Survivor","Neutralize","Flying Knee","Masterful Stab","Backflip","Riddle With Holes","Backstab","Expertise","Flechettes","Prepared"],"relics":["Ring of the Snake","NeowsBlessing","War Paint","Smiling Mask","Anchor","Regal Pillow"],"acts_visited":["Exordium"],"potions_floor_usage":[6,6,8],"damage_taken":[{"damage":0,"enemies":"Jaw Worm","floor":1,"turns":1},{"damage":0,"enemies":"Cultist","floor":2,"turns":1},{"damage":0,"enemies":"Small Slimes","floor":3,"turns":1},{"damage":21,"enemies":"Exordium Thugs","floor":5,"turns":6},{"damage":16,"enemies":"Gremlin Nob","floor":6,"turns":4},{"damage":24,"enemies":"Lagavulin","floor":8,"turns":5},{"damage":0,"enemies":"Exordium Wildlife","floor":10,"turns":5},{"damage":0,"enemies":"3 Louse","floor":11,"turns":2},{"damage":10,"enemies":"3 Sentries","floor":12,"turns":4}],"seed_played":"-5579470367851109529","potions_obtained":[{"floor":1,"key":"ColorlessPotion"},{"floor":5,"key":"AttackPotion"},{"floor":6,"key":"BlessingOfTheForge"},{"floor":11,"key":"Dexterity Potion"}],"is_trial":false,"path_per_floor":["M","M","M","?","M","E","T","E","T","M","M","E"],"character_chosen":"THE_SILENT","items_purchased":[],"campfire_rested":0,"item_purchase_floors":[],"current_hp_per_floor":[63,63,63,63,42,26,26,2,2,2,2,0,0],"gold":214,"neow_bonus":"THREE_ENEMY_KILL","is_daily":false,"chose_seed":false,"campfire_upgraded":0,"win_rate":0.0,"timestamp":1609009150,"path_taken":["M","M","M","?","M","E","?","E","T","M","M","E"],"items_purchased_type":[],"build_version":"2020-12-22","purchased_purges":0,"victory":false,"max_hp_per_floor":[70,70,70,70,70,70,70,70,70,70,70,70,70],"card_choices":[{"not_picked":["Riddle With Holes","Deflect"],"picked":"Flying Knee","floor":1},{"not_picked":["Backflip","Concentrate"],"picked":"Masterful Stab","floor":2},{"not_picked":["Accuracy","Dodge and Roll"],"picked":"Backflip","floor":3},{"not_picked":["Blade Dance","Setup"],"picked":"Riddle With Holes","floor":5},{"not_picked":["Reflex","Slice"],"picked":"Backstab","floor":6},{"not_picked":["Bane","Deadly Poison"],"picked":"Expertise","floor":8},{"not_picked":["Flying Knee","Poisoned Stab"],"picked":"Flechettes","floor":10},{"not_picked":["Bane","Choke"],"picked":"Prepared","floor":11}],"player_experience":397339,"relics_obtained":[{"floor":6,"key":"War Paint"},{"floor":7,"key":"Smiling Mask"},{"floor":8,"key":"Anchor"},{"floor":9,"key":"Regal Pillow"}],"event_choices":[{"cards_removed":["Strike_G"],"damage_healed":0,"gold_gain":0,"player_choice":"Card Removal","damage_taken":0,"max_hp_gain":0,"max_hp_loss":0,"event_name":"The Cleric","floor":4,"gold_loss":50}],"is_beta":false,"boss_relics":[],"items_purged_floors":[],"is_endless":false,"potions_floor_spawned":[1,5,6,11],"killed_by":"3 Sentries","ascension_level":8}}