{"host":"1g0zx6fxgd1m75qs","time":1609007829,"event":{"mods":["Act Like it!","BaseMod","GifTheSpireLib","Googly Eyes","Hallownest","Minty Spire (QoL Compilation)","StSLib","The Bug Knight"],"gold_per_floor":[115,40,40,60,60,91,107,107,154,154,56,56,91,107,107,107,107],"floor_reached":16,"playtime":1442,"items_purged":[],"score":108,"play_id":"20ff0c3c-d714-412c-be41-5dc50d4e3e9f","local_time":"20201226193709","is_ascension_mode":false,"campfire_choices":[{"data":"HollowMod:SoulMaster","floor":8,"key":"SMITH"},{"floor":10,"key":"REST"},{"floor":15,"key":"REST"}],"circlet_count":0,"master_deck":["HollowMod:NailStrikeStart","HollowMod:NailStrikeStart","HollowMod:NailStrikeStart","HollowMod:NailStrikeStart+1","HollowMod:QuickDashStart","HollowMod:QuickDashStart","HollowMod:QuickDashStart","HollowMod:QuickDashStart","HollowMod:FocusHealStart","HollowMod:PogoStrike+1","HollowMod:SoulMaster+1","HollowMod:VengefulVoid","HollowMod:ShadowDash","HollowMod:CrystalDash","HollowMod:AbyssShriek","HollowMod:VoidDash","HollowMod:SoulMaster"],"relics":["HollowMod:VesselMask","Hallownest:BankAccountRelic","Hallownest:DreamNailRelic","HollowMod:PaleOreRelic","Juzu Bracelet"],"acts_visited":["Hallownest:Greenpath"],"potions_floor_usage":[13,16,16,16],"damage_taken":[{"damage":5,"enemies":"Hallownest:monsterHuskGuard","floor":1,"turns":7},{"damage":11,"enemies":"Hallownest:monsterHuskWarrior","floor":4,"turns":4},{"damage":31,"enemies":"Hallownest:eliteMossKnight","floor":6,"turns":22},{"damage":13,"enemies":"2_ Uuma","floor":7,"turns":4},{"damage":14,"enemies":"Hallownest:eliteVengeflyKing","floor":13,"turns":9},{"damage":21,"enemies":"Hallownest:Guard_and_Warrior","floor":14,"turns":6},{"damage":46,"enemies":"Hallownest:BossHornet","floor":16,"turns":20}],"seed_played":"2735009250698949272","potions_obtained":[{"floor":4,"key":"Regen Potion"},{"floor":6,"key":"GamblersBrew"},{"floor":13,"key":"DistilledChaos"},{"floor":14,"key":"SkillPotion"}],"is_trial":false,"path_per_floor":["M","?","?","M","?","E","M","R","T","R","$","?","E","M","R","B"],"character_chosen":"THE_BUGKNIGHT","items_purchased":["HollowMod:VoidDash"],"campfire_rested":2,"item_purchase_floors":[11],"current_hp_per_floor":[75,75,75,64,55,36,23,23,23,45,45,45,36,15,37,0,0],"gold":107,"neow_bonus":"ONE_RANDOM_RARE_CARD","is_daily":false,"chose_seed":false,"campfire_upgraded":1,"win_rate":0.0,"timestamp":1609007829,"path_taken":["M","?","?","?","?","E","M","R","T","R","$","?","E","M","R","BOSS"],"items_purchased_type":["Card"],"build_version":"2020-12-22","purchased_purges":0,"victory":false,"max_hp_per_floor":[75,75,75,75,75,75,75,75,75,75,75,75,75,75,75,75,75],"card_choices":[{"not_picked":["HollowMod:DoubleDash","HollowMod:InfectedAttack"],"picked":"HollowMod:VengefulVoid","floor":1},{"not_picked":["HollowMod:PureNailStrike","HollowMod:SiblingsSouls"],"picked":"HollowMod:ShadowDash","floor":4},{"not_picked":["HollowMod:TaintedHusks","HollowMod:SoulShaman"],"picked":"HollowMod:CrystalDash","floor":6},{"not_picked":["HollowMod:CrystalDash","HollowMod:SiblingsSouls"],"picked":"HollowMod:AbyssShriek","floor":7},{"not_picked":["HollowMod:CornifersMapStart","HollowMod:SharpenedNail","HollowMod:SoulShaman"],"picked":"SKIP","floor":13},{"not_picked":["HollowMod:HowlingWraiths","HollowMod:GreatSlash"],"picked":"HollowMod:SoulMaster","floor":14}],"player_experience":401918,"relics_obtained":[{"floor":6,"key":"HollowMod:PaleOreRelic"},{"floor":13,"key":"Juzu Bracelet"}],"event_choices":[],"is_beta":false,"boss_relics":[],"items_purged_floors":[],"is_endless":false,"potions_floor_spawned":[4,6,13,14],"killed_by":"Hallownest:BossHornet","ascension_level":0}}