{"host":"ixtszv54kd1m8623","time":1609020376,"event":{"mods":["Act Like it!","Aspiration","BaseMod","Beaked The Cultist","ChefMod","Colored Map","Colored Powertips","Conspire","Downfall","Gensokyo","Halation","Hermit","Hubris","Infinite Spire","Jorbs\u0027s Wanderer Trilogy","Minty Spire (QoL Compilation)","Replay The Spire","Robot Space Explorer","Shade Mod","Shop Mod","StSLib","The Blackbeard","The Bug Knight","The Cursed","The Dragon Tamer","The Marked","The Runesmith"],"gold_per_floor":[110,122,140,160,221,221,221,221,247,260,276,276,292,312,312,312,312],"floor_reached":16,"playtime":826,"items_purged":[],"score":96,"play_id":"1439e9ce-e6fb-417d-ab2e-5975b8da8e6d","local_time":"20201226140616","is_ascension_mode":false,"campfire_choices":[{"data":"hermit:FatalDesire","floor":6,"key":"SMITH"},{"data":"hermit:Snapshot","floor":6,"key":"SMITH"},{"data":"hermit:HoleUp","floor":8,"key":"SMITH"},{"data":"hermit:TakeAim","floor":8,"key":"SMITH"},{"data":"hermit:ShadowCloak","floor":12,"key":"SMITH"},{"data":"hermit:GoldenBullet","floor":12,"key":"SMITH"},{"floor":15,"key":"DIG"}],"circlet_count":0,"master_deck":["hermit:Strike_Hermit","hermit:Strike_Hermit","hermit:Strike_Hermit","hermit:Strike_Hermit","hermit:Defend_Hermit","hermit:Defend_Hermit","hermit:Defend_Hermit","hermit:Defend_Hermit","hermit:Snapshot+1","hermit:Covet","stsjorbsmod:Defend_Wanderer","RobotSpaceExplorer:Strike","hermit:HighCaliber+1","hermit:TakeAim+1","hermit:HoleUp+1","hermit:FatalDesire+1","hermit:GoldenBullet+1","hermit:ShadowCloak+1","hermit:PistolWhip","hermit:Spite"],"relics":["hermit:Momento","halation:PenCase","hubris:OldNail","aspiration:TomeofQuesting"],"acts_visited":["Exordium"],"potions_floor_usage":[13,14,16],"damage_taken":[{"damage":0,"enemies":"Cultist","floor":1,"turns":4},{"damage":5,"enemies":"Small Slimes","floor":2,"turns":3},{"damage":8,"enemies":"2 Louse","floor":3,"turns":3},{"damage":9,"enemies":"Red Slaver","floor":4,"turns":6},{"damage":20,"enemies":"Exordium Wildlife","floor":10,"turns":5},{"damage":13,"enemies":"Exordium Thugs","floor":11,"turns":7},{"damage":10,"enemies":"Large Slime","floor":13,"turns":9},{"damage":0,"enemies":"2 Fungi Beasts","floor":14,"turns":4},{"damage":11,"enemies":"The Guardian","floor":16,"turns":3}],"seed_played":"-4857506338467310177","potions_obtained":[{"floor":4,"key":"Weak Potion"},{"floor":10,"key":"hermit:Tonic"},{"floor":11,"key":"LiquidMemories"},{"floor":13,"key":"GamblersBrew"},{"floor":14,"key":"Weak Potion"}],"is_trial":false,"path_per_floor":["M","M","M","M","?","R","?","R","T","M","M","R","M","M","R_BF","B"],"character_chosen":"HERMIT","items_purchased":[],"campfire_rested":0,"item_purchase_floors":[],"current_hp_per_floor":[75,70,62,53,53,53,53,53,53,33,20,20,10,10,10,0,0],"gold":312,"neow_bonus":"ONE_RARE_RELIC","is_daily":false,"chose_seed":false,"campfire_upgraded":6,"win_rate":0.0,"timestamp":1609020376,"path_taken":["M","M","?","M","?","R","?","R","T","M","?","R","M","M","R_BF","BOSS"],"items_purchased_type":[],"build_version":"2020-12-22","purchased_purges":0,"victory":false,"max_hp_per_floor":[75,75,75,75,75,75,75,75,75,75,75,75,75,75,75,75,75],"card_choices":[{"not_picked":["hermit:TrackingShot","hermit:HoleUp"],"picked":"hermit:HighCaliber","floor":1},{"not_picked":["hermit:Coalescence","hermit:CalledShot"],"picked":"hermit:TakeAim","floor":2},{"not_picked":["hermit:TakeAim","hermit:WideOpen"],"picked":"hermit:HoleUp","floor":3},{"not_picked":["hermit:Coalescence","hermit:HoleUp"],"picked":"hermit:FatalDesire","floor":4},{"not_picked":["hermit:Roulette","hermit:SprayPray"],"picked":"hermit:GoldenBullet","floor":10},{"not_picked":["hermit:Vantage","hermit:Horror"],"picked":"hermit:ShadowCloak","floor":11},{"not_picked":["hermit:Midnight","hermit:Headshot"],"picked":"hermit:PistolWhip","floor":13},{"not_picked":["hermit:CursedWeapon","hermit:Manifest"],"picked":"hermit:Spite","floor":14}],"player_experience":145151,"relics_obtained":[{"floor":9,"key":"hubris:OldNail"},{"floor":15,"key":"aspiration:TomeofQuesting"}],"event_choices":[{"damage_healed":0,"gold_gain":61,"player_choice":"Gained Gold","damage_taken":0,"max_hp_gain":0,"max_hp_loss":0,"event_name":"Golden Wing","floor":5,"gold_loss":0},{"damage_healed":0,"gold_gain":0,"player_choice":"Upgraded","damage_taken":0,"max_hp_gain":0,"max_hp_loss":0,"event_name":"Upgrade Shrine","floor":7,"gold_loss":0,"cards_upgraded":["hermit:HighCaliber"]}],"is_beta":false,"boss_relics":[],"items_purged_floors":[],"is_endless":false,"potions_floor_spawned":[4,10,11,13,14],"killed_by":"The Guardian","ascension_level":0}}