{"host":"x4i48uok34n1rpsm","time":1609022977,"event":{"mods":["Aspiration","BaseMod","Better Third Choice","Colored Map","Highlight Path","Minty Spire (QoL Compilation)","Permanent Neow","Replay The Spire","StSLib","The Mystic"],"gold_per_floor":[112,123,123,123,141,170,170,202,247,281,299,309,339,402,402,502,502,512,452,502,512,523,523,370,403,403,422,455,455,455,10,10,111,111,122,122,142,152,171,201,201,234,234,259,273,273,273,287,287,287,287,287,28,61,61],"floor_reached":56,"playtime":5463,"items_purged":["mysticmod:Strike_Mystic"],"score":1400,"play_id":"ffd6bb87-6194-483b-9655-50ac6646f6c8","local_time":"20201227004937","is_ascension_mode":true,"campfire_choices":[{"data":"mysticmod:SuddenClarity","floor":7.0,"key":"SMITH"},{"floor":15.0,"key":"REST"},{"data":"mysticmod:Daze","floor":23.0,"key":"SMITH"},{"floor":29,"key":"RECALL"},{"data":"mysticmod:Dedication","floor":32,"key":"SMITH"},{"data":"mysticmod:PreparedCaster","floor":41,"key":"SMITH"},{"data":"mysticmod:BladedDash","floor":47,"key":"SMITH"},{"data":"mysticmod:Defend_Mystic","floor":49,"key":"PURGE"},{"data":"mysticmod:Dedication+1","floor":52,"key":"SMITH"}],"circlet_count":0,"master_deck":["mysticmod:Strike_Mystic","mysticmod:Strike_Mystic","mysticmod:Strike_Mystic","mysticmod:Defend_Mystic","mysticmod:Defend_Mystic","mysticmod:ArcaneDodge","mysticmod:ShockingGrasp","mysticmod:SuddenClarity+1","mysticmod:Alacrity","Prepared","mysticmod:Stoneskin","mysticmod:KeenEdge","mysticmod:Dedication+2","mysticmod:Daze+1","mysticmod:KnowledgePool","mysticmod:CureLightWounds","mysticmod:Probe","mysticmod:BladedDash+1","mysticmod:ArcaneAccuracy","mysticmod:PreparedCaster+1","mysticmod:SuddenClarity+1","mysticmod:PureInstinct+1","mysticmod:KnowledgePool","mysticmod:ComponentsPouch+1","mysticmod:ComponentsPouch+1","mysticmod:DiviningBlow","mysticmod:DiviningBlow+1","mysticmod:EbbAndFlow","mysticmod:Spellstrike+1"],"relics":["mysticmod:DeckOfManyThings","mysticmod:CrystalBall","m_BookOfShivs","PreservedInsect","Replay:Ringing Soul","Omamori","Replay:Kaleidoscope","Mirror","InkBottle","Black Star","Anchor","Replay:Bottled Steam","Lizard Tail","Dream Catcher","aspiration:SeaSaltIceCream","aspiration:PoetsPen_weak","Pantograph","ReplayTheSpireMod:Lightbulb","ReplayTheSpireMod:DimensionalGlitch","Torii","Regal Pillow","HornCleat","Replay:Wax Seal","Replay:Bottled Snecko","Replay:Baseball","Pear","Ice Cream"],"acts_visited":["Exordium","TheCity","TheBeyond","TheEnding"],"potions_floor_usage":[38,54,55],"damage_taken":[{"damage":0.0,"enemies":"2 Louse","floor":1.0,"turns":2.0},{"damage":2.0,"enemies":"Jaw Worm","floor":2.0,"turns":3.0},{"damage":2.0,"enemies":"Cultist","floor":5.0,"turns":3.0},{"damage":5.0,"enemies":"Lagavulin","floor":6.0,"turns":7.0},{"damage":10.0,"enemies":"3 Sentries","floor":8.0,"turns":8.0},{"damage":14.0,"enemies":"Lagavulin","floor":10.0,"turns":3.0},{"damage":13.0,"enemies":"Lots of Slimes","floor":11.0,"turns":4.0},{"damage":2.0,"enemies":"3 Louse","floor":12.0,"turns":4.0},{"damage":22.0,"enemies":"Gremlin Nob","floor":13.0,"turns":4.0},{"damage":12.0,"enemies":"Lagavulin Event","floor":14.0,"turns":5.0},{"damage":10.0,"enemies":"Hexaghost","floor":16.0,"turns":11.0},{"damage":10.0,"enemies":"Shell Parasite","floor":18.0,"turns":6.0},{"damage":12.0,"enemies":"Chosen","floor":21.0,"turns":5.0},{"damage":15.0,"enemies":"Shelled Parasite and Fungi","floor":22.0,"turns":8.0},{"damage":25,"enemies":"Slavers","floor":25,"turns":4},{"damage":19,"enemies":"Snake Plant","floor":27,"turns":7},{"damage":6,"enemies":"Replay:Snechameleon","floor":28,"turns":5},{"damage":46,"enemies":"Automaton","floor":33,"turns":12},{"damage":25,"enemies":"3 Darklings","floor":35,"turns":6},{"damage":0,"enemies":"3 Shapes","floor":37,"turns":4},{"damage":5,"enemies":"Writhing Mass","floor":38,"turns":5},{"damage":3,"enemies":"Transient","floor":39,"turns":5},{"damage":1,"enemies":"R_Hoarder","floor":40,"turns":4},{"damage":0,"enemies":"Nemesis","floor":42,"turns":3},{"damage":0,"enemies":"Sphere and 2 Shapes","floor":45,"turns":3},{"damage":0,"enemies":"Jaw Worm Horde","floor":48,"turns":3},{"damage":18,"enemies":"Donu and Deca","floor":50,"turns":9},{"damage":47,"enemies":"Shield and Spear","floor":54,"turns":9},{"damage":82,"enemies":"The Heart","floor":55,"turns":9}],"seed_played":"-4638399610474538972","potions_obtained":[{"floor":2.0,"key":"Death Potion"},{"floor":5.0,"key":"ColorlessPotion"},{"floor":11.0,"key":"Energy Potion"},{"floor":13.0,"key":"ColorlessPotion"},{"floor":14.0,"key":"Block Potion"},{"floor":16.0,"key":"Fire Potion"},{"floor":18.0,"key":"AttackPotion"},{"floor":21.0,"key":"SkillPotion"},{"floor":33,"key":"FairyPotion"},{"floor":36,"key":"Weak Potion"},{"floor":36,"key":"Energy Potion"},{"floor":38,"key":"EssenceOfSteel"}],"is_trial":false,"path_per_floor":["M","M","?","?","M","E","R","E","T","E","M","M","E","?","R","B",null,"M","?","?","M","M","R","$","E","T","M","E","R","T","$","R","B",null,"M","?","M","M","M","E","R","E","T","T","M","?","R","M","R_BF","B",null,"R","$","E","B",null],"character_chosen":"MYSTIC_CLASS","items_purchased":["mysticmod:BladedDash","mysticmod:ArcaneAccuracy","Pantograph","ReplayTheSpireMod:Lightbulb","mysticmod:EbbAndFlow","mysticmod:Spellstrike+1"],"campfire_rested":1,"item_purchase_floors":[24,24,31,31,53,53],"current_hp_per_floor":[77,75,75,75,73,68,68,61,61,47,34,32,13,4,29,22,89,82,82,82,76,64,64,67,47,47,34,34,34,34,34,34,19,110,90,90,92,90,92,96,96,98,98,98,100,100,100,101,101,98,122,122,125,90,23],"gold":61,"neow_bonus":"DOUBLE_BOSS_RELIC","is_daily":false,"chose_seed":false,"campfire_upgraded":6,"win_rate":0.0,"timestamp":1609022977,"path_taken":["M","M","?","?","?","E","R","E","T","E","M","?","E","?","R","BOSS","BOSS","M","?","?","?","M","R","$","E","T","M","E","R","?","$","R","BOSS","M","?","?","M","M","E","R","E","T","?","M","?","R","M","R_BF","BOSS","R","$","E","BOSS"],"items_purchased_type":["Card","Card","Relic","Relic","Card","Card"],"build_version":"2020-12-22","purchased_purges":1,"victory":true,"max_hp_per_floor":[77,77,77,77,77,77,77,80,80,80,80,80,83,86,86,89,89,92,92,92,95,95,95,98,101,101,104,107,107,107,107,107,110,110,113,113,113,116,119,122,122,122,122,122,122,122,122,122,122,122,122,122,125,135,135],"card_choices":[{"not_picked":["mysticmod:Probe","mysticmod:PowerSlash"],"picked":"mysticmod:SuddenClarity","floor":1.0},{"not_picked":["mysticmod:ComponentsPouch","mysticmod:AllIn"],"picked":"mysticmod:Alacrity","floor":2.0},{"not_picked":["mysticmod:BladeMaster","mysticmod:AllIn"],"picked":"Prepared","floor":5.0},{"not_picked":["mysticmod:LightningBolt","mysticmod:KeenEdge"],"picked":"mysticmod:Stoneskin","floor":6.0},{"not_picked":["mysticmod:FiveFootStep","mysticmod:Stoneskin"],"picked":"mysticmod:KeenEdge","floor":8.0},{"not_picked":["mysticmod:HeavyStrike","mysticmod:SuddenClarity","mysticmod:CorrosiveTouch"],"picked":"SKIP","floor":10.0},{"not_picked":["mysticmod:HunkerDown","mysticmod:Stoneskin","mysticmod:PowerSlash"],"picked":"SKIP","floor":11.0},{"not_picked":["mysticmod:Feint","Calculated Gamble","mysticmod:ChargedParry"],"picked":"SKIP","floor":12.0},{"not_picked":["Setup","mysticmod:Alacrity"],"picked":"mysticmod:Dedication","floor":13.0},{"not_picked":["mysticmod:Disintegrate","mysticmod:BladeMaster"],"picked":"mysticmod:Daze","floor":14.0},{"not_picked":["mysticmod:Natural20","mysticmod:GreaterInvisibility"],"picked":"mysticmod:KnowledgePool","floor":16.0},{"not_picked":["mysticmod:ChargedParry","mysticmod:PowerSlash"],"picked":"mysticmod:CureLightWounds","floor":18.0},{"not_picked":["mysticmod:Fireball","mysticmod:BulkUp"],"picked":"mysticmod:Probe","floor":21.0},{"not_picked":["mysticmod:Dedication","mysticmod:CorrosiveTouch","mysticmod:LightningBolt"],"picked":"SKIP","floor":22.0},{"not_picked":["mysticmod:ComponentsPouch+1","mysticmod:Alacrity"],"picked":"mysticmod:PreparedCaster","floor":25},{"not_picked":["mysticmod:BulkUp","mysticmod:Shield"],"picked":"mysticmod:SuddenClarity+1","floor":27},{"not_picked":["mysticmod:ObscuringMist","mysticmod:HeavyStrike"],"picked":"mysticmod:PureInstinct+1","floor":28},{"not_picked":["mysticmod:Disintegrate","mysticmod:EnchantedMoulinet"],"picked":"mysticmod:KnowledgePool","floor":33},{"not_picked":["mysticmod:BulkUp+1","mysticmod:Snowball"],"picked":"mysticmod:ComponentsPouch+1","floor":35},{"not_picked":["mysticmod:EnergizedRift","mysticmod:BulkUp+1","mysticmod:LightningBolt+1"],"picked":"SKIP","floor":37},{"not_picked":["mysticmod:Feint+1","mysticmod:PowerSlash"],"picked":"mysticmod:ComponentsPouch+1","floor":38},{"not_picked":["mysticmod:SuddenClarity+1","mysticmod:ArcaneAccuracy"],"picked":"mysticmod:DiviningBlow","floor":39},{"not_picked":["mysticmod:ComponentsPouch+1","mysticmod:Grapple"],"picked":"mysticmod:DiviningBlow+1","floor":40},{"not_picked":["mysticmod:PureInstinct+1","mysticmod:DiviningBlow+1","mysticmod:EnergizedRift"],"picked":"SKIP","floor":42},{"not_picked":["mysticmod:BulkUp","mysticmod:Discipline","mysticmod:Shield+1"],"picked":"SKIP","floor":45},{"not_picked":["mysticmod:PreparedCaster+1","mysticmod:FiveFootStep","mysticmod:CorrosiveTouch+1"],"picked":"SKIP","floor":48},{"not_picked":["mysticmod:Disengage+1","mysticmod:Shield","mysticmod:Alacrity"],"picked":"SKIP","floor":54}],"player_experience":260592,"relics_obtained":[{"floor":6.0,"key":"PreservedInsect"},{"floor":8.0,"key":"Replay:Ringing Soul"},{"floor":9.0,"key":"Omamori"},{"floor":10.0,"key":"Replay:Kaleidoscope"},{"floor":13.0,"key":"Mirror"},{"floor":14.0,"key":"InkBottle"},{"floor":25,"key":"Anchor"},{"floor":25,"key":"Replay:Bottled Steam"},{"floor":26,"key":"Lizard Tail"},{"floor":28,"key":"Dream Catcher"},{"floor":28,"key":"aspiration:SeaSaltIceCream"},{"floor":40,"key":"Torii"},{"floor":40,"key":"Regal Pillow"},{"floor":42,"key":"HornCleat"},{"floor":42,"key":"Replay:Wax Seal"},{"floor":43,"key":"Replay:Bottled Snecko"},{"floor":44,"key":"Replay:Baseball"},{"floor":54,"key":"Pear"},{"floor":54,"key":"Ice Cream"}],"event_choices":[{"cards_removed":["mysticmod:Defend_Mystic"],"damage_healed":0.0,"max_hp_gain":0.0,"max_hp_loss":0.0,"gold_gain":0.0,"event_name":"Purifier","player_choice":"Purged","floor":4.0,"gold_loss":0.0,"damage_taken":0.0},{"damage_healed":0.0,"max_hp_gain":0.0,"max_hp_loss":0.0,"gold_gain":30.0,"event_name":"Dead Adventurer","player_choice":"Searched \u00272\u0027 times","floor":14.0,"gold_loss":0.0,"damage_taken":0.0},{"damage_healed":0.0,"max_hp_gain":0.0,"max_hp_loss":0.0,"gold_gain":100.0,"event_name":"The Joust","player_choice":"Bet on Murderer","floor":20.0,"gold_loss":50.0,"damage_taken":0.0},{"damage_healed":0,"gold_gain":0,"player_choice":"Got Potions","damage_taken":0,"max_hp_gain":0,"max_hp_loss":0,"event_name":"Lab","floor":36,"gold_loss":0},{"damage_healed":0,"gold_gain":0,"player_choice":"Memory 1","damage_taken":0,"max_hp_gain":0,"max_hp_loss":0,"event_name":"SensoryStone","floor":46,"gold_loss":0}],"is_beta":false,"boss_relics":[{"not_picked":["aspiration:RitualDagger","Honey Jar"],"picked":"Black Star"},{"not_picked":["Velvet Choker","Replay:Drink Me"],"picked":"ReplayTheSpireMod:DimensionalGlitch"}],"items_purged_floors":[53],"is_endless":false,"potions_floor_spawned":[2,5,11,13,14,16,18,21,33,38,40,42,48],"ascension_level":1}}