{"host":"oiai0qxasotny765","time":1609008717,"event":{"mods":["2.2 Compatiblity","AchievementEnabler","BaseMod","Colored Map","Minty Spire (QoL Compilation)","Permanent Neow","Relic Stats","StSLib","SuperFastMode","everything is the same but u backflip on backflip"],"gold_per_floor":[112,112,112,112,37,37,37,51,51,51,64,64,64,80,80,171,171,192,192,206,206,227,227,227,227],"floor_reached":24,"playtime":801,"items_purged":["Defend_G"],"score":350,"play_id":"419bca61-1ed7-48cf-a620-9c8fd35154ca","local_time":"20201227035157","is_ascension_mode":true,"campfire_choices":[{"floor":6,"key":"REST"},{"data":"Footwork","floor":10,"key":"SMITH"},{"data":"Neutralize","floor":13,"key":"SMITH"},{"data":"All Out Attack","floor":15,"key":"SMITH"},{"floor":23,"key":"REST"}],"circlet_count":0,"master_deck":["AscendersBane","Strike_G","Strike_G","Strike_G","Strike_G","Defend_G","Defend_G+1","Defend_G","Defend_G+1","Survivor+1","Neutralize+1","Impatience+1","Footwork+1","All Out Attack+1","Flying Knee","Dagger Throw","Adrenaline","Acrobatics","Deadly Poison"],"relics":["Ring of the Snake","Golden Idol","Lizard Tail","Philosopher\u0027s Stone","Nloth\u0027s Gift","Dream Catcher"],"acts_visited":["Exordium","TheCity"],"potions_floor_usage":[16,18,22],"damage_taken":[{"damage":3,"enemies":"Jaw Worm","floor":1,"turns":5},{"damage":5,"enemies":"Small Slimes","floor":8,"turns":4},{"damage":0,"enemies":"Cultist","floor":11,"turns":4},{"damage":2,"enemies":"3 Louse","floor":14,"turns":3},{"damage":20,"enemies":"The Guardian","floor":16,"turns":17},{"damage":16,"enemies":"3 Byrds","floor":18,"turns":5},{"damage":8,"enemies":"Spheric Guardian","floor":20,"turns":4},{"damage":19,"enemies":"Chosen and Byrds","floor":22,"turns":7},{"damage":62,"enemies":"Slavers","floor":24,"turns":4}],"seed_played":"2484224002563452520","potions_obtained":[{"floor":1,"key":"LiquidMemories"},{"floor":11,"key":"SpeedPotion"},{"floor":16,"key":"SpeedPotion"}],"is_trial":false,"path_per_floor":["M","?","?","?","$","R","$","M","T","R","M","?","R","M","R","B",null,"M","?","M","T","M","R","E"],"character_chosen":"THE_SILENT","items_purchased":[],"campfire_rested":2,"item_purchase_floors":[],"current_hp_per_floor":[56,36,36,10,10,28,28,23,23,23,23,23,23,21,21,1,45,29,29,21,21,2,20,0,0],"gold":227,"neow_bonus":"RANDOM_COLORLESS","is_daily":false,"chose_seed":false,"campfire_upgraded":3,"win_rate":0.0,"timestamp":1609008717,"path_taken":["M","?","?","?","$","R","?","M","T","R","M","?","R","?","R","BOSS","M","?","?","?","M","R","E"],"items_purchased_type":[],"build_version":"2020-12-22","purchased_purges":1,"victory":false,"max_hp_per_floor":[66,66,60,60,60,60,60,60,60,60,60,60,60,60,60,60,60,60,60,60,60,60,60,60,60],"relic_stats":{"Lizard Tail":30,"Dream Catcher":1,"counters":[9,53],"Golden Idol":38,"Nloth\u0027s Gift":0,"obtain_stats":[{"Lizard Tail":9,"Dream Catcher":21,"Golden Idol":3,"Philosopher\u0027s Stone":17,"Nloth\u0027s Gift":19,"War Paint":4,"Ring of the Snake":0},{"Lizard Tail":2,"Dream Catcher":7,"Golden Idol":1,"Philosopher\u0027s Stone":5,"Nloth\u0027s Gift":6,"War Paint":1,"Ring of the Snake":0},{"Lizard Tail":9,"Dream Catcher":42,"Golden Idol":5,"Philosopher\u0027s Stone":33,"Nloth\u0027s Gift":38,"War Paint":5,"Ring of the Snake":0}],"Ring of the Snake":[18]},"card_choices":[{"not_picked":["Dramatic Entrance","Blind"],"picked":"Impatience","floor":0},{"not_picked":["Acrobatics","Deflect"],"picked":"Footwork","floor":1},{"not_picked":["Slice","Flying Knee","Deflect"],"picked":"SKIP","floor":8},{"not_picked":["Flechettes","Quick Slash"],"picked":"All Out Attack","floor":11},{"not_picked":["Masterful Stab","Outmaneuver"],"picked":"Dagger Throw","floor":14},{"not_picked":["Corpse Explosion","Die Die Die"],"picked":"Adrenaline","floor":16},{"not_picked":["Crippling Poison","Predator","Distraction"],"picked":"SKIP","floor":18},{"not_picked":["Bane","Slice"],"picked":"Acrobatics","floor":20},{"not_picked":["Riddle With Holes","Concentrate"],"picked":"Deadly Poison","floor":22}],"player_experience":284991,"relics_obtained":[{"floor":9,"key":"Lizard Tail"},{"floor":21,"key":"Dream Catcher"}],"event_choices":[{"damage_healed":0,"gold_gain":0,"player_choice":"Entered Light","damage_taken":20,"max_hp_gain":0,"max_hp_loss":0,"event_name":"Shining Light","floor":2,"gold_loss":0,"cards_upgraded":["Defend_G","Survivor"]},{"damage_healed":0,"gold_gain":0,"player_choice":"Lose Max HP","damage_taken":0,"relics_obtained":["Golden Idol"],"max_hp_gain":0,"max_hp_loss":6,"event_name":"Golden Idol","floor":3,"gold_loss":0},{"damage_healed":0,"gold_gain":0,"player_choice":"Success","damage_taken":26,"relics_obtained":["War Paint"],"max_hp_gain":0,"max_hp_loss":0,"event_name":"Scrap Ooze","floor":4,"gold_loss":0},{"damage_healed":0,"gold_gain":0,"cards_transformed":["Strike_G"],"player_choice":"Transformed","damage_taken":0,"max_hp_gain":0,"max_hp_loss":0,"event_name":"Transmorgrifier","floor":12,"gold_loss":0,"cards_obtained":["Flying Knee"]},{"damage_healed":0,"gold_gain":0,"player_choice":"Traded Relic","damage_taken":0,"relics_obtained":["Nloth\u0027s Gift"],"max_hp_gain":0,"max_hp_loss":0,"event_name":"N\u0027loth","floor":19,"relics_lost":["War Paint"],"gold_loss":0}],"is_beta":false,"boss_relics":[{"not_picked":["Cursed Key","Ring of the Serpent"],"picked":"Philosopher\u0027s Stone"}],"items_purged_floors":[5],"is_endless":false,"potions_floor_spawned":[1,11,16],"killed_by":"Slavers","ascension_level":18}}