{"host":"qxeepl7ydvsgmfdb","time":1609003389,"event":{"mods":["AchievementEnabler","BaseMod","Colored Powertips","Minty Spire (QoL Compilation)","Quick Restart","slay the spire mod where everything is the same but ironclad has a cowboy hat"],"gold_per_floor":[109,109,284,302,302,330,25,38,38,50,82,96,116,47,47,143,143,153,164,164,180,180,180,95,95,95,95,20,32,45,57,57,156,156,169,169,0,15,15,15],"floor_reached":39,"playtime":3579,"items_purged":["Doubt"],"score":345,"play_id":"cadbc9a9-f7b9-4e38-9f20-b5b6bb92f059","local_time":"20201226122309","is_ascension_mode":false,"campfire_choices":[{"floor":15,"key":"REST"},{"data":"Catalyst","floor":23,"key":"SMITH"},{"data":"Distraction","floor":25,"key":"SMITH"},{"floor":27,"key":"REST"},{"floor":32,"key":"REST"}],"circlet_count":0,"master_deck":["Strike_G","Strike_G","Strike_G","Strike_G","Defend_G","Defend_G","Defend_G","Defend_G","Survivor","Neutralize","Blade Dance+1","Quick Slash","Dagger Spray","Deadly Poison","Catalyst+1","Blur","Die Die Die","Deadly Poison","Poisoned Stab","Distraction+1","CurseOfTheBell","Flying Knee","Backflip+1","Accuracy+1","Footwork+1","Sucker Punch+1","After Image+1","Burst","Underhanded Strike+1","Blade Dance"],"relics":["Ring of the Snake","NeowsBlessing","Frozen Egg 2","Lantern","Gremlin Horn","Toy Ornithopter","Calling Bell","Bag of Preparation","Darkstone Periapt","Dead Branch","Art of War","Question Card","Philosopher\u0027s Stone","Red Mask"],"acts_visited":["Exordium","TheCity","TheBeyond"],"potions_floor_usage":[11,18,31,31,33],"damage_taken":[{"damage":0,"enemies":"2 Louse","floor":1,"turns":1},{"damage":0,"enemies":"Small Slimes","floor":4,"turns":1},{"damage":0,"enemies":"Gremlin Nob","floor":6,"turns":1},{"damage":0,"enemies":"Cultist","floor":8,"turns":2},{"damage":0,"enemies":"Lots of Slimes","floor":10,"turns":1},{"damage":19,"enemies":"Lagavulin","floor":11,"turns":6},{"damage":8,"enemies":"Large Slime","floor":12,"turns":5},{"damage":0,"enemies":"Gremlin Gang","floor":13,"turns":1},{"damage":21,"enemies":"Hexaghost","floor":16,"turns":9},{"damage":11,"enemies":"Spheric Guardian","floor":18,"turns":4},{"damage":18,"enemies":"Shell Parasite","floor":19,"turns":4},{"damage":24,"enemies":"Chosen and Byrds","floor":21,"turns":5},{"damage":9,"enemies":"3 Cultists","floor":29,"turns":4},{"damage":18,"enemies":"Shelled Parasite and Fungi","floor":30,"turns":5},{"damage":12,"enemies":"Snake Plant","floor":31,"turns":4},{"damage":29,"enemies":"Champ","floor":33,"turns":8},{"damage":26,"enemies":"3 Darklings","floor":35,"turns":4},{"damage":0,"enemies":"Orb Walker","floor":38,"turns":2}],"seed_played":"4014118252306932770","potions_obtained":[{"floor":10,"key":"SkillPotion"},{"floor":16,"key":"DistilledChaos"},{"floor":19,"key":"SteroidPotion"},{"floor":21,"key":"LiquidBronze"},{"floor":30,"key":"PowerPotion"}],"is_trial":false,"path_per_floor":["M","?","?","M","?","E","$","M","T","M","E","M","M","$","R","B",null,"M","M","?","M","?","R","?","R","T","R","?","M","M","M","R","B",null,"M","?","?","M","M"],"character_chosen":"THE_SILENT","items_purchased":["Lantern","Catalyst","Distraction"],"campfire_rested":3,"item_purchase_floors":[7,7,14],"current_hp_per_floor":[70,70,70,70,70,70,70,70,70,70,51,43,43,43,64,43,70,59,41,80,56,41,41,41,41,41,66,66,57,39,37,62,38,85,59,59,59,59,0,0],"gold":15,"neow_bonus":"THREE_ENEMY_KILL","is_daily":false,"chose_seed":false,"campfire_upgraded":2,"win_rate":0.0,"timestamp":1609003389,"path_taken":["M","?","?","M","?","E","$","?","T","M","E","M","M","?","R","BOSS","M","M","?","?","?","R","?","R","T","R","?","M","M","M","R","BOSS","M","?","?","M","M"],"items_purchased_type":["Relic","Card","Card"],"build_version":"2020-12-22","purchased_purges":1,"victory":false,"max_hp_per_floor":[70,70,70,70,70,70,70,70,70,70,70,70,70,70,70,70,70,70,70,80,80,85,85,85,85,85,85,85,85,85,85,85,85,85,85,85,85,85,85,85],"card_choices":[{"not_picked":["PiercingWail","Quick Slash"],"picked":"Blade Dance","floor":1},{"not_picked":["Dodge and Roll","Underhanded Strike"],"picked":"Dagger Spray","floor":4},{"not_picked":["Slice","Dagger Throw"],"picked":"Deadly Poison","floor":6},{"not_picked":["Finisher","Flying Knee"],"picked":"Blur","floor":8},{"not_picked":["Skewer","Deflect"],"picked":"All Out Attack","floor":10},{"not_picked":["Acrobatics","Choke"],"picked":"Die Die Die","floor":11},{"not_picked":["Poisoned Stab","Slice"],"picked":"Deadly Poison","floor":12},{"not_picked":["Outmaneuver","Sucker Punch"],"picked":"Poisoned Stab","floor":13},{"not_picked":["Bullet Time","A Thousand Cuts+1"],"picked":"Glass Knife","floor":16},{"not_picked":["Slice","Dodge and Roll"],"picked":"Flying Knee","floor":18},{"not_picked":["Masterful Stab","Bane"],"picked":"Backflip+1","floor":19},{"not_picked":["Prepared","Deadly Poison"],"picked":"Accuracy+1","floor":21},{"not_picked":["Dagger Throw","Choke","Slice"],"picked":"Footwork+1","floor":29},{"not_picked":["Crippling Poison","Deadly Poison+1","Flying Knee"],"picked":"Sucker Punch+1","floor":30},{"not_picked":["Dash","Underhanded Strike","PiercingWail"],"picked":"After Image+1","floor":31},{"not_picked":["Tools of the Trade+1","Unload","A Thousand Cuts+1"],"picked":"Burst","floor":33},{"not_picked":["All Out Attack","Reflex","Choke+1"],"picked":"Underhanded Strike+1","floor":35},{"not_picked":["Escape Plan","PiercingWail+1","Well Laid Plans+1"],"picked":"Blade Dance","floor":38}],"player_experience":400010,"relics_obtained":[{"floor":6,"key":"Frozen Egg 2"},{"floor":9,"key":"Gremlin Horn"},{"floor":11,"key":"Toy Ornithopter"},{"floor":17,"key":"Bag of Preparation"},{"floor":17,"key":"Darkstone Periapt"},{"floor":17,"key":"Dead Branch"},{"floor":26,"key":"Question Card"}],"event_choices":[{"damage_healed":0,"gold_gain":0,"cards_transformed":["Defend_G"],"player_choice":"Change","damage_taken":0,"max_hp_gain":0,"max_hp_loss":0,"event_name":"Living Wall","floor":2,"gold_loss":0,"cards_obtained":["Quick Slash"]},{"damage_healed":0,"gold_gain":175,"player_choice":"AGREE","damage_taken":0,"max_hp_gain":0,"max_hp_loss":0,"event_name":"Liars Game","floor":3,"gold_loss":0,"cards_obtained":["Doubt"]},{"damage_healed":0,"gold_gain":0,"player_choice":"Forge","damage_taken":0,"max_hp_gain":0,"max_hp_loss":0,"event_name":"Accursed Blacksmith","floor":5,"gold_loss":0,"cards_upgraded":["Blade Dance"]},{"cards_removed":["Glass Knife"],"damage_healed":29,"gold_gain":0,"player_choice":"Offered Rare","damage_taken":0,"max_hp_gain":10,"max_hp_loss":0,"event_name":"Bonfire Elementals","floor":20,"gold_loss":0},{"damage_healed":0,"gold_gain":0,"player_choice":"Shed Blood","damage_taken":20,"max_hp_gain":5,"max_hp_loss":0,"event_name":"Forgotten Altar","floor":22,"gold_loss":0},{"damage_healed":0,"gold_gain":0,"player_choice":"Obtained Relic","damage_taken":0,"relics_obtained":["Art of War"],"max_hp_gain":0,"max_hp_loss":0,"event_name":"Addict","floor":24,"gold_loss":85},{"cards_removed":["Strike_G"],"damage_healed":0,"gold_gain":0,"player_choice":"Gave Gold","damage_taken":0,"max_hp_gain":0,"max_hp_loss":0,"event_name":"Beggar","floor":28,"gold_loss":75},{"cards_removed":["All Out Attack"],"damage_healed":0,"gold_gain":0,"player_choice":"Removed Attack","damage_taken":0,"max_hp_gain":0,"max_hp_loss":0,"event_name":"Falling","floor":36,"gold_loss":0},{"damage_healed":0,"gold_gain":0,"player_choice":"Paid","damage_taken":0,"relics_obtained":["Red Mask"],"max_hp_gain":0,"max_hp_loss":0,"event_name":"Tomb of Lord Red Mask","floor":37,"gold_loss":169}],"is_beta":false,"boss_relics":[{"not_picked":["Snecko Eye","Velvet Choker"],"picked":"Calling Bell"},{"not_picked":["Ring of the Serpent","Runic Pyramid"],"picked":"Philosopher\u0027s Stone"}],"items_purged_floors":[7],"is_endless":false,"potions_floor_spawned":[10,16,19,21,30],"killed_by":"4 Shapes","ascension_level":0}}