{"host":"1g0zx6fxgd1m75qs","time":1609008762,"event":{"mods":["Act Like it!","BaseMod","GifTheSpireLib","Googly Eyes","Hallownest","Minty Spire (QoL Compilation)","StSLib","The Bug Knight"],"gold_per_floor":[118,118,118,43,43,75,75,95,95,106,135,33,33,33,33,33,33],"floor_reached":16,"playtime":880,"items_purged":["Hallownest:curseDreamersLament"],"score":106,"play_id":"7fdd2f19-bca8-4c7c-bbc6-85182660eab2","local_time":"20201226195242","is_ascension_mode":false,"campfire_choices":[{"data":"HollowMod:BrokenVessel","floor":7,"key":"SMITH"},{"data":"HollowMod:InfectedAttack","floor":13,"key":"SMITH"},{"data":"HollowMod:SiblingsSouls","floor":15,"key":"SMITH"}],"circlet_count":0,"master_deck":["HollowMod:NailStrikeStart","HollowMod:NailStrikeStart","HollowMod:NailStrikeStart","HollowMod:NailStrikeStart","HollowMod:QuickDashStart","HollowMod:QuickDashStart","HollowMod:QuickDashStart","HollowMod:QuickDashStart","HollowMod:FocusHealStart","HollowMod:PogoStrike","Decay","HollowMod:BrokenVessel+1","HollowMod:CloakDash","HollowMod:DoubleDash","HollowMod:TaintedHusks","HollowMod:SiblingsSouls+1","HollowMod:TaintedHusks","HollowMod:InfectedAttack+1"],"relics":["HollowMod:VesselMask","Bird Faced Urn","Hallownest:TeacherSealRelic","Hallownest:DreamNailRelic","Bag of Preparation","Mercury Hourglass","HollowMod:LumaflyLanternRelic"],"acts_visited":["Hallownest:Greenpath"],"potions_floor_usage":[16,16],"damage_taken":[{"damage":4,"enemies":"Hallownest:monsterHuskGuard","floor":1,"turns":4},{"damage":34,"enemies":"Hallownest:eliteCrystalGuardian","floor":6,"turns":8},{"damage":4,"enemies":"Hallownest:2_MossCreeps","floor":8,"turns":6},{"damage":1,"enemies":"Hallownest:monsterHuskWarrior","floor":10,"turns":10},{"damage":21,"enemies":"Hallownest:eliteVengeflyKing","floor":11,"turns":13},{"damage":109,"enemies":"Hallownest:BossHornet","floor":16,"turns":5}],"seed_played":"4388745579895008962","potions_obtained":[{"floor":6,"key":"DistilledChaos"},{"floor":10,"key":"PowerPotion"}],"is_trial":false,"path_per_floor":["M","?","?","$","?","E","R","M","T","M","E","$","R","T","R","B"],"character_chosen":"THE_BUGKNIGHT","items_purchased":["HollowMod:TaintedHusks","HollowMod:InfectedAttack"],"campfire_rested":0,"item_purchase_floors":[12,12],"current_hp_per_floor":[71,62,62,62,62,42,42,52,52,65,58,58,58,58,58,0,0],"gold":33,"neow_bonus":"ONE_RARE_RELIC","is_daily":false,"chose_seed":false,"campfire_upgraded":3,"win_rate":0.0,"timestamp":1609008762,"path_taken":["M","?","?","$","?","E","R","?","T","M","E","$","R","?","R","BOSS"],"items_purchased_type":["Card","Card"],"build_version":"2020-12-22","purchased_purges":1,"victory":false,"max_hp_per_floor":[75,75,75,75,75,75,75,75,75,75,75,75,75,75,75,75,75],"card_choices":[{"not_picked":["HollowMod:PureNailStrike","HollowMod:MothsMistake"],"picked":"HollowMod:BrokenVessel","floor":1},{"not_picked":["HollowMod:FastStrike","HollowMod:GreatSlash"],"picked":"HollowMod:CloakDash","floor":6},{"not_picked":["HollowMod:SoulSplash","HollowMod:VengefulVoid"],"picked":"HollowMod:DoubleDash","floor":8},{"not_picked":["HollowMod:MonarchWings","HollowMod:CrystalDash"],"picked":"HollowMod:TaintedHusks","floor":10},{"not_picked":["HollowMod:VengefulVoid","HollowMod:VengefulSpirit"],"picked":"HollowMod:SiblingsSouls","floor":11}],"player_experience":403360,"relics_obtained":[{"floor":6,"key":"Bag of Preparation"},{"floor":11,"key":"Mercury Hourglass"},{"floor":14,"key":"HollowMod:LumaflyLanternRelic"}],"event_choices":[],"is_beta":false,"boss_relics":[],"items_purged_floors":[4],"is_endless":false,"potions_floor_spawned":[6,10],"killed_by":"Hallownest:BossHornet","ascension_level":0}}