{"host":"7erghha4zaoybdup","time":1609024952,"event":{"mods":["2.2 Compatiblity","AchievementEnabler","Act Like it!","Arknights The Spire","Astrologer","BaseMod","CapriCore","Colored Powertips","Conspire","Downfall","Friendly Minions","GifTheSpireLib","Glutton Mod","Hallownest","Hermit","Hubris","Infinite Spire","Jorbs\u0027s Wanderer Trilogy","Lobotomy","LobotomyExtend","MarisaÅiñ∂âJÅ@ñÇóùçπÅj","Minty Spire (QoL Compilation)","Quick Restart","Random Character Button","ReimuÅiîé??öÎÅj","Shade Mod","Somnambulant","StSLib","The Alterego","The Bug Knight","The Cursed","The Disciple","The Fake Hero","The Immortal","The Judge","The Marked","The Necromancer","The Poker Player","The Wild Card","Wandering Minibosses","Yakumo Yukari mod","Åy?ï®?îvÅzREMEMod"],"gold_per_floor":[113,113,113,83,93,93,109,122,201,221,251,2,2,2,2,128,128,148,58,58,58,82,82,120,120,143,143,163,163,176,195,195,318,318,333,349,369,369,369,369,369,369,369,422,120,145,213,232,232,232,232],"floor_reached":52,"playtime":5602,"items_purged":["hubris:Greed"],"score":825,"play_id":"d5de42e4-2dad-441d-9290-783db91740cb","local_time":"20201226172232","is_ascension_mode":false,"campfire_choices":[{"floor":13,"key":"REST"},{"data":"WordoMod:Cleanse","floor":15,"key":"SMITH"},{"data":"WordoMod:Reading","floor":23,"key":"SMITH"},{"floor":25,"key":"REST"},{"data":"stsjorbsmod:WastingForm","floor":27,"key":"SMITH"},{"floor":32,"key":"REST"},{"floor":40,"key":"REST"},{"data":"hubris:Fate","floor":42,"key":"SMITH"},{"floor":49,"key":"REST"}],"circlet_count":0,"master_deck":["WordoMod:StrikeCard+1","WordoMod:StrikeCard+1","WordoMod:StrikeCard","WordoMod:StrikeCard","WordoMod:DefendCard","WordoMod:DefendCard","WordoMod:DefendCard","WordoMod:DefendCard","WordoMod:Accursed","WordoMod:IllWill+1","Dark Shackles+1","WordoMod:LanternFlame","conspire:Blindness","WordoMod:Reading+1","WordoMod:DarkBead+1","conspire:Blindness","WordoMod:MementoMori","Injury","WordoMod:ConjureTheDamned","hubris:Compulsion","WordoMod:HighwayToHell","wanderingMiniBosses:FinaleOfPromise","WordoMod:ICurseThee+1","Hallownest:curseDreamersLament","WordoMod:SecondChance","WordoMod:BurnMyDread","WordoMod:Petrified","WordoMod:Exorcism+1","WordoMod:Repent+1","hubris:Greed","Writhe","hubris:Fate+1","hubris:DuctTapeCard","WordoMod:Accursed","WordoMod:GivesYouHell","WordoMod:SoulSpear+1"],"relics":["WordoMod:Obsidian","WordoMod:Effigy","REME_ComplimentaryCards","LetterFromLob","LaetitiaHeart","Letter Opener","ats:Originium","REME_PuzzleBoxRelic","Whetstone","Golden Idol","hubris:VirtuousBlindfold","Hallownest:StagBellRelic1","Hallownest:NailmastersGloryRelic","hubris:Towel","ats:Originium","PreservedInsect","Bronze Scales","wanderingMiniBosses:Blackblade","Hallownest:WatcherSealRelic","REME_DuelDisc","hubris:DuctTape","ats:Originium","Dream Catcher","infinitespire:Lucky Rock","Tiny House","Bag of Marbles"],"acts_visited":["Exordium","Exordium","Hallownest:CityofTears"],"potions_floor_usage":[12,16,33,48,50,50],"damage_taken":[{"damage":2.0,"enemies":"Jaw Worm","floor":1.0,"turns":3.0},{"damage":3.0,"enemies":"Small Slimes","floor":5.0,"turns":3.0},{"damage":4.0,"enemies":"Cultist","floor":7.0,"turns":4.0},{"damage":11.0,"enemies":"Large Slime","floor":8.0,"turns":4.0},{"damage":16.0,"enemies":"Exordium Wildlife","floor":10.0,"turns":3.0},{"damage":8.0,"enemies":"Gremlin Nob","floor":11.0,"turns":3.0},{"damage":39,"enemies":"The Guardian","floor":16,"turns":7},{"damage":7,"enemies":"Hallownest:2_Mistakes","floor":18,"turns":7},{"damage":14,"enemies":"Hallownest:Guard_and_Sentry","floor":22,"turns":3},{"damage":41,"enemies":"Hallownest:eliteSoulWarrior","floor":24,"turns":5},{"damage":26,"enemies":"Hallownest:Master_and_Novice","floor":28,"turns":6},{"damage":13,"enemies":"Hallownest:monsterShrumalOgre","floor":30,"turns":4},{"damage":1,"enemies":"Hallownest:Warrior_and_Youth","floor":31,"turns":2},{"damage":20,"enemies":"Hallownest:BossSoulMaster","floor":33,"turns":5},{"damage":2,"enemies":"Hallownest:Shield_Heavy","floor":35,"turns":2},{"damage":28,"enemies":"Hallownest:3_Siblings","floor":36,"turns":4},{"damage":25,"enemies":"Hallownest:Shield_Sturdy","floor":37,"turns":5},{"damage":7,"enemies":"Hallownest:eliteCollector","floor":44,"turns":3},{"damage":26,"enemies":"Hallownest:2_Soldiers_and_1_Guardian","floor":46,"turns":4},{"damage":19,"enemies":"Hallownest:2_Wandering_and_1_Horned","floor":48,"turns":3},{"damage":24,"enemies":"Hallownest:BossGreyPrinceZote","floor":50,"turns":4}],"seed_played":"-4160474270951812190","potions_obtained":[{"floor":1.0,"key":"DistilledChaos"},{"floor":4.0,"key":"LiquidBronze"},{"floor":4.0,"key":"CultistPotion"},{"floor":8.0,"key":"Energy Potion"},{"floor":18,"key":"ZuzhouPotion:ReiMu"},{"floor":36,"key":"sneckomod:MuddlingPotion"},{"floor":47,"key":"conspire:TimeTravelPotion"}],"is_trial":false,"path_per_floor":["M","?","T","?","M","E","M","M","T","M","E","$","R","?","R","B",null,"M","?","?","?","M","R","E","R","T","R","M","?","M","M","R","B",null,"M","M","M","?","?","R","?","R","T","E","$","M","AVR","M","R","B",null,null],"character_chosen":"JUDGE_CLASS","items_purchased":["Whetstone","Fruit Juice","WordoMod:GivesYouHell","infinitespire:Lucky Rock"],"campfire_rested":5,"item_purchase_floors":[12,12,45,45],"current_hp_per_floor":[73,58,58,58,55,55,51,40,40,24,16,21,45,45,45,6,80,73,73,73,73,59,59,18,42,42,42,16,16,3,2,26,6,80,78,50,25,25,25,49,49,49,49,42,42,16,21,10,35,11,11],"gold":232,"neow_bonus":"RANDOM_COLORLESS","is_daily":false,"chose_seed":false,"campfire_upgraded":4,"win_rate":0.0,"timestamp":1609024952,"path_taken":["M","?","?","?","?","E","M","M","T","M","E","$","R","?","R","BOSS","M","?","?","?","M","R","E","R","T","R","M","?","M","M","R","BOSS","M","M","?","?","?","R","?","R","T","E","$","M","AVR","M","R","BOSS"],"items_purchased_type":["Relic","Potion","Card","Relic"],"build_version":"2020-12-22","purchased_purges":1,"victory":true,"max_hp_per_floor":[75,75,75,75,75,75,75,75,75,75,75,80,80,80,80,80,80,80,80,80,80,80,80,80,80,80,80,80,80,80,80,80,80,80,80,80,80,80,80,80,80,80,80,80,80,80,85,85,85,85,85],"card_choices":[{"not_picked":["Flash of Steel","expansioncontent:DarkVoid"],"picked":"Dark Shackles","floor":0.0},{"not_picked":["WordoMod:SoulSpear","WordoMod:Malice"],"picked":"WordoMod:LanternFlame","floor":1.0},{"not_picked":["WordoMod:DarkBead","WordoMod:BreakChains"],"picked":"WordoMod:Cleanse","floor":5.0},{"not_picked":["Shame","Pain"],"picked":"conspire:Blindness","floor":7.0},{"not_picked":["WordoMod:FalseDiagnosis","WordoMod:ShackleGuard","WordoMod:Unchained"],"picked":"SKIP","floor":7.0},{"not_picked":["WordoMod:Rise","WordoMod:Contagion"],"picked":"WordoMod:Reading","floor":8.0},{"not_picked":["WordoMod:WipingAllOut","WordoMod:WillOWisp"],"picked":"WordoMod:DarkBead","floor":10.0},{"not_picked":["Normality","infinitespire:Pacifist"],"picked":"conspire:Blindness","floor":11},{"not_picked":["WordoMod:Retaliate","WordoMod:InfectiousCulture"],"picked":"WordoMod:MementoMori","floor":11},{"not_picked":["WordoMod:TheCure","WordoMod:DarkForm"],"picked":"WordoMod:ConjureTheDamned","floor":16},{"not_picked":["WordoMod:BreakChains","WordoMod:Exorcism","WordoMod:Sickness"],"picked":"SKIP","floor":18},{"not_picked":["hubris:Lust","Normality"],"picked":"hubris:Compulsion","floor":22},{"not_picked":["WordoMod:HoldTheFort","WordoMod:BreakChains","WordoMod:SurgicalPrecision"],"picked":"SKIP","floor":22},{"not_picked":["WordoMod:Sickness+1","WordoMod:Malice"],"picked":"WordoMod:HighwayToHell","floor":24},{"not_picked":[],"picked":"wanderingMiniBosses:FinaleOfPromise","floor":28},{"not_picked":["WordoMod:BeneathTheMask","WordoMod:Cremate"],"picked":"WordoMod:ICurseThee+1","floor":28},{"not_picked":["WordoMod:FalseDiagnosis+1","WordoMod:Pestilence+1"],"picked":"WordoMod:SecondChance","floor":30},{"not_picked":["WordoMod:Spite","WordoMod:Reading","WordoMod:ProjectilePurge"],"picked":"SKIP","floor":31},{"not_picked":["WordoMod:ConjureTheDamned","WordoMod:EndOfTheWorld"],"picked":"WordoMod:BurnMyDread","floor":33},{"not_picked":["Writhe","WordoMod:Infected"],"picked":"WordoMod:Petrified","floor":35},{"not_picked":["WordoMod:ICurseThee","WordoMod:Parry"],"picked":"WordoMod:Exorcism+1","floor":35},{"not_picked":["WordoMod:ShackleGuard+1","WordoMod:DarkForm"],"picked":"WordoMod:Repent+1","floor":36},{"not_picked":["WordoMod:MementoMori","WordoMod:WillOWisp","WordoMod:Sickness+1"],"picked":"SKIP","floor":37},{"not_picked":["infinitespire:Starlight","infinitespire:NeuralNetwork"],"picked":"hubris:Fate","floor":41},{"not_picked":["luka_mod:Surrender","WordoMod:Infected"],"picked":"WordoMod:Accursed","floor":44},{"not_picked":["WordoMod:Sickness","WordoMod:Exorcism+1","WordoMod:HighwayToHell"],"picked":"SKIP","floor":44},{"not_picked":["WordoMod:Malice","WordoMod:Retaliate+1","WordoMod:Repent+1"],"picked":"SKIP","floor":46},{"not_picked":["WordoMod:Unchained","WordoMod:MementoMori"],"picked":"WordoMod:SoulSpear+1","floor":47},{"not_picked":["WordoMod:Unchained+1","WordoMod:Vulgarity+1","WordoMod:BurdenOfSin"],"picked":"SKIP","floor":48}],"player_experience":259916,"relics_obtained":[{"floor":1.0,"key":"LetterFromLob"},{"floor":9.0,"key":"Letter Opener"},{"floor":11,"key":"ats:Originium"},{"floor":11,"key":"REME_PuzzleBoxRelic"},{"floor":24,"key":"ats:Originium"},{"floor":24,"key":"PreservedInsect"},{"floor":26,"key":"Bronze Scales"},{"floor":28,"key":"wanderingMiniBosses:Blackblade"},{"floor":43,"key":"hubris:DuctTape"},{"floor":44,"key":"ats:Originium"},{"floor":44,"key":"Dream Catcher"}],"event_choices":[{"damage_healed":0.0,"max_hp_gain":0.0,"max_hp_loss":0.0,"gold_gain":0.0,"event_name":"Shining Light","player_choice":"Entered Light","floor":2.0,"gold_loss":0.0,"damage_taken":15.0,"cards_upgraded":["Dark Shackles","WordoMod:StrikeCard"]},{"damage_healed":0.0,"max_hp_gain":0.0,"max_hp_loss":0.0,"gold_gain":0.0,"event_name":"The Woman in Blue","player_choice":"Bought 2 Potions","floor":4.0,"gold_loss":0.0,"damage_taken":0.0},{"damage_healed":0,"gold_gain":0,"player_choice":"Take Wound","damage_taken":0,"relics_obtained":["Golden Idol"],"max_hp_gain":0,"max_hp_loss":0,"event_name":"Golden Idol","floor":14,"gold_loss":0,"cards_obtained":["Injury"]}],"is_beta":false,"boss_relics":[{"not_picked":["Astrolabe","conspire:SeveredTorchhead"],"picked":"hubris:VirtuousBlindfold"},{"not_picked":["hubris:ScarierMask","Black Star"],"picked":"REME_DuelDisc"}],"items_purged_floors":[45],"is_endless":false,"potions_floor_spawned":[1,8,18,24,28,36],"ascension_level":0}}