{"host":"h7phgxvratutj9mx","time":1609016336,"event":{"mods":["BaseMod","Highlight Path","Minty Spire (QoL Compilation)","Quick Restart"],"gold_per_floor":[116,116,41,52,64,64,91,91,91,108,108,125,145,45,45,142,192,211,63,40,40,51,51,51,51],"floor_reached":24,"playtime":1368,"items_purged":["Regret","Defend_P"],"score":248,"play_id":"b623eb7a-d373-4686-840a-8bdfdb91ed52","local_time":"25631227035856","is_ascension_mode":false,"campfire_choices":[{"data":"Vigilance","floor":6,"key":"SMITH"},{"data":"Evaluate","floor":11,"key":"SMITH"},{"data":"TalkToTheHand","floor":15,"key":"SMITH"},{"data":"Devotion","floor":23,"key":"SMITH"}],"circlet_count":0,"master_deck":["Defend_P","Defend_P","Defend_P+1","Eruption","Vigilance+1","Consecrate","EmptyFist","BowlingBash","Evaluate+1","Evaluate+1","TalkToTheHand+1","EmptyBody","Devotion+1","FollowUp","TalkToTheHand","EmptyFist","Bite","Bite","Bite","Bite","Bite","Wallop"],"relics":["PureWater","Thread and Needle","Gambling Chip","Boot","TungstenRod","Tiny House","Oddly Smooth Stone"],"acts_visited":["Exordium","TheCity"],"potions_floor_usage":[16,16,22],"damage_taken":[{"damage":0,"enemies":"Jaw Worm","floor":1,"turns":4},{"damage":0,"enemies":"Small Slimes","floor":4,"turns":3},{"damage":0,"enemies":"Cultist","floor":5,"turns":2},{"damage":0,"enemies":"3 Sentries","floor":7,"turns":5},{"damage":0,"enemies":"Red Slaver","floor":10,"turns":3},{"damage":0,"enemies":"Looter","floor":12,"turns":3},{"damage":0,"enemies":"Blue Slaver","floor":13,"turns":3},{"damage":61,"enemies":"Hexaghost","floor":16,"turns":17},{"damage":0,"enemies":"Shell Parasite","floor":18,"turns":7},{"damage":4,"enemies":"2 Thieves","floor":20,"turns":5},{"damage":4,"enemies":"Centurion and Healer","floor":22,"turns":7},{"damage":29,"enemies":"Snake Plant","floor":24,"turns":3}],"seed_played":"3731587359984885392","potions_obtained":[{"floor":5,"key":"BottledMiracle"},{"floor":12,"key":"PowerPotion"},{"floor":13,"key":"Fruit Juice"},{"floor":16,"key":"SkillPotion"},{"floor":17,"key":"Regen Potion"},{"floor":18,"key":"SteroidPotion"},{"floor":22,"key":"Dexterity Potion"}],"is_trial":false,"path_per_floor":["M","?","$","M","M","R","E","?","T","M","R","M","M","$","R","B",null,"M","$","M","?","M","R","M"],"character_chosen":"WATCHER","items_purchased":["Oddly Smooth Stone"],"campfire_rested":0,"item_purchase_floors":[19],"current_hp_per_floor":[65,65,65,65,65,65,65,65,65,65,65,65,65,65,65,9,75,75,75,71,52,52,52,27,27],"gold":51,"neow_bonus":"ONE_RARE_RELIC","is_daily":false,"chose_seed":false,"campfire_upgraded":4,"win_rate":0.0,"timestamp":1609016336,"path_taken":["M","?","$","M","M","R","E","?","T","M","R","?","M","$","R","BOSS","M","$","M","?","M","R","M"],"items_purchased_type":["Relic"],"build_version":"2020-12-22","purchased_purges":2,"victory":false,"max_hp_per_floor":[65,65,65,65,65,65,65,65,65,65,65,65,65,65,65,70,75,75,75,75,52,52,52,52,52],"card_choices":[{"not_picked":["Crescendo","CrushJoints"],"picked":"Consecrate","floor":1},{"not_picked":["CrushJoints","WaveOfTheHand"],"picked":"EmptyFist","floor":4},{"not_picked":["JustLucky","Adaptation"],"picked":"BowlingBash","floor":5},{"not_picked":["JustLucky","CarveReality"],"picked":"Evaluate","floor":7},{"not_picked":["WheelKick","Halt"],"picked":"Evaluate","floor":10},{"not_picked":["EmptyBody","EmptyFist"],"picked":"TalkToTheHand","floor":12},{"not_picked":["Collect","Protect"],"picked":"EmptyBody","floor":13},{"not_picked":["Judgement","Scrawl"],"picked":"Devotion","floor":16},{"not_picked":["SignatureMove","BowlingBash"],"picked":"FollowUp","floor":17},{"not_picked":["Consecrate","SignatureMove"],"picked":"TalkToTheHand","floor":18},{"not_picked":["CutThroughFate","CarveReality"],"picked":"EmptyFist","floor":20},{"not_picked":["Protect","ReachHeaven+1"],"picked":"Wallop","floor":22}],"player_experience":357950,"relics_obtained":[{"floor":7,"key":"Boot"},{"floor":9,"key":"TungstenRod"}],"event_choices":[{"damage_healed":0,"gold_gain":0,"player_choice":"Box","damage_taken":0,"relics_obtained":["Gambling Chip"],"max_hp_gain":0,"max_hp_loss":0,"event_name":"Big Fish","floor":2,"gold_loss":0,"cards_obtained":["Regret"]},{"damage_healed":0,"gold_gain":0,"player_choice":"Upgraded","damage_taken":0,"max_hp_gain":0,"max_hp_loss":0,"event_name":"Upgrade Shrine","floor":8,"gold_loss":0,"cards_upgraded":["Evaluate"]},{"damage_healed":0,"gold_gain":0,"player_choice":"Became a vampire","damage_taken":0,"max_hp_gain":0,"max_hp_loss":23,"event_name":"Vampires","floor":21,"gold_loss":0,"cards_obtained":["Bite","Bite","Bite","Bite","Bite"]}],"is_beta":false,"boss_relics":[{"not_picked":["Astrolabe","Snecko Eye"],"picked":"Tiny House"}],"items_purged_floors":[3,14],"is_endless":false,"potions_floor_spawned":[5,12,13,16,18,22],"killed_by":"Snake Plant","ascension_level":0}}