{"host":"niv6bi8ufjzyofbf","time":1609003981,"event":{"mods":["ATMod(∞¢Ë™Mod)","Act Like it!","BaseMod","Colored Powertips","Conspire","Downfall","Gensokyo","Hermit","Mad Scientist","Marisa£®ÏF”Í°°ƒß¿Ì…≥£©","Minty Spire (QoL Compilation)","Quick Restart","Rare Cards Sparkle","Reimu£®≤©¿ˆ¡È√Œ£©","Replay The Spire","Shop Mod","Spicy Shops","StSLib","SuperFastMode","The Cursed","The Servant 0.9.4","Youmu£®ªÍ∆«—˝√Œ£©","°æ“≈ŒÔø®≈∆°øREMEMod","≤–¡Ù÷ÆŒÔ"],"gold_per_floor":[23333,23350,21844,21860,21860,21891,21891,21906,21906,21923,21956,21956,21956,19886,19886,19984,19984,20002,18441,18441,17555,17600,17600,17656,17726,17726,16454,16454,16454,16454,16454,16454,16454,16454,16677,16677,16714,16800,15296,15352,14035,14461,14640,14730,14798,14837,13889,13979,14031,14141,14141,14191],"floor_reached":53,"playtime":1817,"items_purged":["PlaceholderMod:BaseDefend","PlaceholderMod:BaseDefend","PlaceholderMod:BaseDefend","PlaceholderMod:BaseDefend+1","PlaceholderMod:Crystal+1","PlaceholderMod:MultipleOxi","Slimebound:Tackle+1","Metamorphosis"],"score":1636,"play_id":"6196baf4-fd0e-47df-87a9-1156dc7c68a0","local_time":"20201227013301","is_ascension_mode":true,"campfire_choices":[{"data":"PlaceholderMod:GrowthForm","floor":7,"key":"SMITH"},{"data":"PlaceholderMod:DiffusionPoison","floor":15,"key":"SMITH"},{"data":"PlaceholderMod:Assimilation","floor":23,"key":"SMITH"},{"data":"PlaceholderMod:Inner","floor":28,"key":"SMITH"},{"data":"PlaceholderMod:RadicalHit","floor":32,"key":"SMITH"}],"circlet_count":0,"master_deck":["PlaceholderMod:PoisonWhip","PlaceholderMod:Stable","PlaceholderMod:GrowthForm+1","PlaceholderMod:InnerSoften","PlaceholderMod:MultipleOxi","PlaceholderMod:ContinueSpray","PlaceholderMod:StressReaction","PlaceholderMod:StrongAcid","PlaceholderMod:DiffusionPoison+1","REME_HeartOfCthun","PlaceholderMod:FinalSpray","PlaceholderMod:Assimilation+1","Secret Technique","Violence","PlaceholderMod:MultipleOxi","PlaceholderMod:RadicalHit+1","PlaceholderMod:Inner+1","Sadistic Nature","Slimebound:Tackle+1","Slimebound:Tackle+1","PlaceholderMod:Eat","AT_EmpoweredMortalDraw","PlaceholderMod:ComplexForm","PlaceholderMod:Corrosion+1"],"relics":["PlaceholderMod:Tancle","REME_ComplimentaryCards","AT_ATBox","NeowsBlessing","MerchantsRug","Lee\u0027s Waffle","War Paint","Replay:Bottled Eggs","Frozen Eye","REME_HourglassOfDeath","AT_ArcaneBoots","Mastiff:ReiMu","PlaceholderMod:SlimeBlood","PlaceholderMod:UnterZeeKulten","StrikeDummy","Potion Belt","WingedGreaves","TentaclePot:ReiMu","Question Card","REME_LimitBreaker","conspire:SlowCooker","Blood Vial","conspire:Dentures","REME_CardOfGreed","ReplayTheSpireMod:ShopPack","AT_LudenTempest","conspire:GiftBox","PlaceholderMod:SoulofChaos","AT_MibuBalloonWealth","Replay:WaspNest","Replay:Accelerometer","Blue Doll","Sling","ReplayTheSpireMod:Ninjato","REME_PuzzleBoxRelic","Nilry\u0027s Codex","AT_MortalBlade","Replay:Wax Seal","Pondfish Scales","HandDrill","Snack Pack","Lantern","Toolbox","AT_BladeRuinedKing","Durian","Gremlin Food","OrangePellets","ClockworkSouvenir","White Beast Statue","Old Coin","CatCart","Lizard Tail","FossilizedHelix","Strange Spoon","PlaceholderMod:DeVermisMysteriis","Omamori","Bronze Scales"],"acts_visited":["Exordium","TheCity","TheBeyond"],"potions_floor_usage":[6,8,16,16,18,18,18,24,24,24,24,35,35,43,52,52,52],"damage_taken":[{"damage":0,"enemies":"Small Slimes","floor":1,"turns":1},{"damage":0,"enemies":"Jaw Worm","floor":2,"turns":1},{"damage":0,"enemies":"2 Louse","floor":4,"turns":1},{"damage":19,"enemies":"Lagavulin","floor":6,"turns":5},{"damage":13,"enemies":"Lots of Slimes","floor":8,"turns":2},{"damage":0,"enemies":"Large Slime","floor":10,"turns":3},{"damage":1,"enemies":"Replay:BlueRogue","floor":11,"turns":3},{"damage":0,"enemies":"Slime Boss","floor":16,"turns":4},{"damage":25,"enemies":"conspire:FuzzyDice","floor":18,"turns":4},{"damage":1,"enemies":"Spheric Guardian","floor":22,"turns":3},{"damage":47,"enemies":"REME_1_Revenger","floor":24,"turns":3},{"damage":13,"enemies":"Centurion and Healer","floor":25,"turns":5},{"damage":13,"enemies":"Pondfish","floor":35,"turns":3},{"damage":4,"enemies":"Orb Walker","floor":37,"turns":1},{"damage":3,"enemies":"3 Shapes","floor":38,"turns":2},{"damage":12,"enemies":"conspire:MimicChest","floor":40,"turns":2},{"damage":0,"enemies":"Reptomancer","floor":42,"turns":2},{"damage":0,"enemies":"Orin","floor":43,"turns":3},{"damage":20,"enemies":"Writhing Mass","floor":46,"turns":2},{"damage":0,"enemies":"Jaw Worm Horde","floor":48,"turns":1},{"damage":0,"enemies":"R_Hoarder","floor":49,"turns":3},{"damage":0,"enemies":"4 Shapes","floor":50,"turns":1},{"damage":0,"enemies":"conspire:OrnateMirror","floor":52,"turns":3}],"seed_played":"5636657161967119261","potions_obtained":[{"floor":6,"key":"Explosive Potion"},{"floor":8,"key":"Block Potion"},{"floor":11,"key":"Milkshake"},{"floor":18,"key":"Fire Potion"},{"floor":25,"key":"AttackPotion"},{"floor":43,"key":"Milkshake"},{"floor":48,"key":"Explosive Potion"}],"is_trial":false,"path_per_floor":["M","M","$","M","?","E","R","M","T","M","E","?","?","$","R","B",null,"M","$","?","$","M","R","E","M","T","$","R","?","PTL","PTL","R","?","R","B",null,"M","M","$","?","$","E","?","?","T","M","$","M","E","M","R","B",null],"character_chosen":"THE_PLACEHOLDER","items_purchased":["MerchantsRug","Lee\u0027s Waffle","PlaceholderMod:GrowthForm","PlaceholderMod:InnerSoften","War Paint","Replay:Bottled Eggs","Frozen Eye","REME_HourglassOfDeath","AT_SpeedBoots","AttackPotion","Potion Belt","WingedGreaves","TentaclePot:ReiMu","Question Card","Adrenaline Potion","SkillPotion","AttackPotion","REME_LimitBreaker","PlaceholderMod:DiffusionPoison","REME_HeartOfCthun","Panache","Blood Vial","conspire:Dentures","REME_CardOfGreed","ReplayTheSpireMod:ShopPack","AT_LudenTempest","conspire:GiftBox","SkillPotion","Swift Potion","LiquidBronze","PlaceholderMod:SoulofChaos","AT_MibuBalloonWealth","Replay:WaspNest","PlaceholderMod:MultipleOxi","Sling","ReplayTheSpireMod:Ninjato","REME_PuzzleBoxRelic","hexamod:EctoCoolerPotion","Swift Potion","Adrenaline Potion","PlaceholderMod:Inner","Sadistic Nature","Replay:Wax Seal","Pondfish Scales","HandDrill","Snack Pack","Lantern","Toolbox","Explosive Potion","Strength Potion","PlaceholderMod:ComplexForm","Durian","Gremlin Food","OrangePellets","ClockworkSouvenir","White Beast Statue","Energy Potion","Lizard Tail","FossilizedHelix","Strange Spoon","PlaceholderMod:DeVermisMysteriis","Omamori"],"campfire_rested":0,"item_purchase_floors":[3,3,3,3,3,3,3,3,3,3,14,14,14,14,14,14,14,14,14,14,19,19,19,19,19,19,19,19,19,19,21,21,21,21,27,27,27,27,27,27,27,27,39,39,39,39,39,39,39,39,39,41,41,41,41,41,41,47,47,47,47,47],"current_hp_per_floor":[78,78,85,85,90,71,71,58,58,58,67,55,55,55,55,55,100,75,75,75,75,79,79,38,27,27,27,27,30,30,30,30,69,53,46,109,105,109,109,105,110,118,123,126,126,111,111,116,118,120,120,128],"gold":14191,"neow_bonus":"THREE_ENEMY_KILL","is_daily":false,"chose_seed":false,"campfire_upgraded":5,"win_rate":0.0,"timestamp":1609003981,"path_taken":["M","M","$","M","?","E","R","M","T","M","E","?","?","$","R","BOSS","M","$","?","$","?","R","E","M","T","$","R","?","PTL","PTL","R","?","R","BOSS","M","?","$","?","$","E","?","?","T","M","$","?","E","M","R","BOSS"],"items_purchased_type":["Relic","Relic","Card","Card","Relic","Relic","Relic","Relic","Relic","Potion","Relic","Relic","Relic","Relic","Potion","Potion","Potion","Relic","Card","Card","Card","Relic","Relic","Relic","Relic","Relic","Relic","Potion","Potion","Potion","Relic","Relic","Relic","Card","Relic","Relic","Relic","Potion","Potion","Potion","Card","Card","Relic","Relic","Relic","Relic","Relic","Relic","Potion","Potion","Card","Relic","Relic","Relic","Relic","Relic","Potion","Relic","Relic","Relic","Relic","Relic"],"build_version":"2020-12-22","purchased_purges":8,"victory":true,"max_hp_per_floor":[78,78,85,85,90,90,90,90,90,90,100,100,100,100,100,100,100,100,100,100,100,103,103,103,103,103,103,103,106,106,106,106,109,109,109,109,109,112,112,115,120,120,123,126,126,131,131,134,134,134,134,134],"card_choices":[{"not_picked":["PlaceholderMod:SeverePoisonStrike","PlaceholderMod:PoisonExcitation","PlaceholderMod:HardStrike"],"picked":"SKIP","floor":1},{"not_picked":["PlaceholderMod:DirectingGroup","PlaceholderMod:DiffusionChemical"],"picked":"PlaceholderMod:Stable","floor":2},{"not_picked":["PlaceholderMod:EvolutionSpray","PlaceholderMod:SevereHeat"],"picked":"PlaceholderMod:MultipleOxi","floor":4},{"not_picked":["PlaceholderMod:Sweep","PlaceholderMod:DissolvingSpikes"],"picked":"PlaceholderMod:ContinueSpray","floor":6},{"not_picked":["PlaceholderMod:TriggerStrike","PlaceholderMod:SpinBlade","PlaceholderMod:DirectingGroup"],"picked":"SKIP","floor":8},{"not_picked":["PlaceholderMod:ConsolidateHit","PlaceholderMod:SpinBlade"],"picked":"PlaceholderMod:StressReaction","floor":10},{"not_picked":["PlaceholderMod:OHStrongAttack","PlaceholderMod:InnerSoften"],"picked":"PlaceholderMod:StrongAcid","floor":11},{"not_picked":["PlaceholderMod:BlastSpray","PlaceholderMod:PericyclicReaction","PlaceholderMod:Activation"],"picked":"PlaceholderMod:FinalSpray","floor":16},{"not_picked":["PlaceholderMod:Turn+1","PlaceholderMod:SpinBlade","PlaceholderMod:ProliferateStrike","PlaceholderMod:CrystallizationStrike"],"picked":"SKIP","floor":18},{"not_picked":["PlaceholderMod:SelfCoupling","PlaceholderMod:HornyCollision","PlaceholderMod:InnerSoften"],"picked":"PlaceholderMod:Assimilation","floor":19},{"not_picked":["REME_ProfessionalPlagiarism","ReplayUltimateDefense","REME_EyeOfCthun"],"picked":"Secret Technique","floor":19},{"not_picked":["expansioncontent:DarkVoid","Replay:BasicMightCard","expansioncontent:FaceSlap"],"picked":"Violence","floor":19},{"not_picked":["expansioncontent:CaCaw","expansioncontent:DefensiveMode","Replay:SS_hec_2"],"picked":"Metamorphosis","floor":19},{"not_picked":["PlaceholderMod:NutritionAbsorb+1","PlaceholderMod:ThreeBenzyolStart","PlaceholderMod:ReactionCatalyze","PlaceholderMod:TriggerStrike"],"picked":"SKIP","floor":22},{"not_picked":["PlaceholderMod:InnerSoften","PlaceholderMod:AttackAsDefend","PlaceholderMod:PericyclicReaction"],"picked":"PlaceholderMod:RadicalHit","floor":24},{"not_picked":["PlaceholderMod:Polyp","PlaceholderMod:PoisonBlast+1","PlaceholderMod:EvolutionSpray","PlaceholderMod:Corrosion"],"picked":"SKIP","floor":25},{"not_picked":["PlaceholderMod:AbsorbTouch","PlaceholderMod:DiffusionPoison","PlaceholderMod:BlastSpray"],"picked":"PlaceholderMod:Eat","floor":35},{"not_picked":["PlaceholderMod:ProliferateStrike+1","PlaceholderMod:Crystallization+1","PlaceholderMod:PoisonExcitation","PlaceholderMod:Corrosion"],"picked":"SKIP","floor":37},{"not_picked":["PlaceholderMod:OHStrongAttack","PlaceholderMod:EvolutionSpray","PlaceholderMod:SprayAttack","PlaceholderMod:ProliferateStrike"],"picked":"SKIP","floor":38},{"not_picked":["PlaceholderMod:Stable","PlaceholderMod:NutritionAbsorb","PlaceholderMod:SpinBlade"],"picked":"PlaceholderMod:Corrosion+1","floor":40},{"not_picked":["PlaceholderMod:PoisonBlast+1","PlaceholderMod:SelectReaction","PlaceholderMod:Hyperplasia","PlaceholderMod:HornyBlast"],"picked":"SKIP","floor":42},{"not_picked":["PlaceholderMod:InnerSoften","PlaceholderMod:AttackAsDefend+1","PlaceholderMod:NearChange","PlaceholderMod:DissolvingSpikes+1"],"picked":"SKIP","floor":46},{"not_picked":["PlaceholderMod:OHStrongAttack","PlaceholderMod:AttackAsDefend+1","PlaceholderMod:HornyCollision","PlaceholderMod:TriggerStrike+1"],"picked":"SKIP","floor":48},{"not_picked":["PlaceholderMod:Internalization+1","PlaceholderMod:ProliferateStrike","PlaceholderMod:DiffusionChemical+1","PlaceholderMod:SubstitutionNucleophilic1+1"],"picked":"SKIP","floor":49},{"not_picked":["PlaceholderMod:Internalization","PlaceholderMod:OHStrongAttack+1","PlaceholderMod:FinalSpray","PlaceholderMod:DissolvingSpikes"],"picked":"SKIP","floor":50}],"player_experience":615079,"relics_obtained":[{"floor":6,"key":"Mastiff:ReiMu"},{"floor":9,"key":"PlaceholderMod:SlimeBlood"},{"floor":11,"key":"PlaceholderMod:UnterZeeKulten"},{"floor":24,"key":"Replay:Accelerometer"},{"floor":26,"key":"Blue Doll"},{"floor":34,"key":"Nilry\u0027s Codex"},{"floor":40,"key":"AT_BladeRuinedKing"},{"floor":42,"key":"Old Coin"},{"floor":43,"key":"CatCart"},{"floor":49,"key":"Bronze Scales"}],"event_choices":[{"damage_healed":0,"gold_gain":0,"player_choice":"Donut","damage_taken":0,"max_hp_gain":5,"max_hp_loss":0,"event_name":"Big Fish","floor":5,"gold_loss":0},{"damage_healed":0,"gold_gain":0,"player_choice":"Success","damage_taken":12,"relics_obtained":["StrikeDummy"],"max_hp_gain":0,"max_hp_loss":0,"event_name":"Scrap Ooze","floor":12,"gold_loss":0},{"damage_healed":0,"gold_gain":0,"cards_transformed":["PlaceholderMod:BaseDefend"],"player_choice":"Transformed","damage_taken":0,"max_hp_gain":0,"max_hp_loss":0,"event_name":"Transmorgrifier","floor":20,"gold_loss":0,"cards_obtained":["PlaceholderMod:MultipleOxi"]},{"damage_healed":36,"gold_gain":0,"player_choice":"Heal","damage_taken":0,"max_hp_gain":0,"max_hp_loss":0,"event_name":"The Library","floor":33,"gold_loss":0},{"damage_healed":0,"gold_gain":0,"player_choice":"Obtained Book","damage_taken":16,"max_hp_gain":0,"max_hp_loss":0,"event_name":"Cursed Tome","floor":34,"gold_loss":0},{"damage_healed":0,"gold_gain":0,"player_choice":"Fight","damage_taken":0,"max_hp_gain":0,"max_hp_loss":0,"event_name":"OrinTheCat","floor":43,"gold_loss":0},{"cards_removed":["Panache"],"damage_healed":0,"gold_gain":0,"player_choice":"Purged","damage_taken":0,"max_hp_gain":0,"max_hp_loss":0,"event_name":"Purifier","floor":51,"gold_loss":0}],"is_beta":false,"boss_relics":[{"not_picked":["Runic Dome","Snecko Heart"],"picked":"conspire:SlowCooker"},{"not_picked":["Velvet Choker","Black Star"],"picked":"AT_MortalBlade"}],"items_purged_floors":[3,14,21,27,27,39,39,41],"is_endless":false,"potions_floor_spawned":[6,8,10,11,18,25,40,42,43,46,48,49,50],"ascension_level":1}}