{"host":"tknto047uabgu3zm","time":1609011540,"event":{"mods":["AchievementEnabler","BaseMod","Block Reminder","Colored Map","Colored Powertips","Highlight Path","Minty Spire (QoL Compilation)","MonsterHotkey","Permanent Neow","Random Character Button","Rare Cards Sparkle","Relic Sorter","StSLib"],"gold_per_floor":[363,379,33,33,33,33,58,58,126,155,168,194,194,210,210,285,285,304,484,499,138,157,157,157,169,194,194,220,220,220,238,238,312,312,324,342,342,342,617,617,59,59,107,132,149,168,168,184,184,184],"floor_reached":51,"playtime":2448,"items_purged":["Regret"],"score":1283,"play_id":"4b91d4c4-5620-4d9e-917a-9960065dd2c5","local_time":"20201226113900","is_ascension_mode":true,"campfire_choices":[{"data":"Zap","floor":6.0,"key":"SMITH"},{"floor":13.0,"key":"REST"},{"data":"Defragment","floor":15.0,"key":"SMITH"},{"floor":23.0,"key":"REST"},{"data":"Fusion","floor":27.0,"key":"SMITH"},{"data":"Skim","floor":32.0,"key":"SMITH"},{"data":"Coolheaded","floor":40,"key":"SMITH"},{"data":"Storm","floor":42,"key":"SMITH"},{"data":"Hologram","floor":49,"key":"SMITH"}],"circlet_count":0,"master_deck":["AscendersBane","Strike_B","Strike_B","Strike_B","Strike_B","Defend_B","Defend_B","Defend_B","Zap+1","Dualcast","BootSequence","Ball Lightning","Defragment+1","Skim+1","Self Repair","Cold Snap","Core Surge","Capacitor","Hologram+1","Fusion+1","Injury","Electrodynamics","Coolheaded+1","Impatience","Storm+1","Writhe","Cold Snap","Compile Driver+1","White Noise"],"relics":["Cracked Core","Singing Bowl","Dead Branch","Regal Pillow","Shuriken","White Beast Statue","Pantograph","Cursed Key","Runic Capacitor","Bronze Scales","Anchor","Gambling Chip","SlaversCollar","HandDrill","Juzu Bracelet","DataDisk","Ginger"],"acts_visited":["Exordium","TheCity","TheBeyond"],"potions_floor_usage":[44,45,46,46,50,50,50],"damage_taken":[{"damage":2.0,"enemies":"Cultist","floor":1.0,"turns":4.0},{"damage":9.0,"enemies":"Small Slimes","floor":2.0,"turns":3.0},{"damage":2.0,"enemies":"Lagavulin","floor":7.0,"turns":6.0},{"damage":8.0,"enemies":"Gremlin Nob","floor":10.0,"turns":3.0},{"damage":0.0,"enemies":"Jaw Worm","floor":11.0,"turns":3.0},{"damage":20.0,"enemies":"Lagavulin","floor":12.0,"turns":6.0},{"damage":1.0,"enemies":"Exordium Wildlife","floor":14.0,"turns":4.0},{"damage":35.0,"enemies":"Hexaghost","floor":16.0,"turns":11.0},{"damage":6.0,"enemies":"Shell Parasite","floor":18.0,"turns":3.0},{"damage":24.0,"enemies":"2 Thieves","floor":20.0,"turns":4.0},{"damage":0.0,"enemies":"Centurion and Healer","floor":22.0,"turns":3.0},{"damage":0.0,"enemies":"Slavers","floor":24.0,"turns":1.0},{"damage":12.0,"enemies":"Snecko","floor":25.0,"turns":6.0},{"damage":62.0,"enemies":"Gremlin Leader","floor":28.0,"turns":7.0},{"damage":18.0,"enemies":"Snake Plant","floor":31.0,"turns":3.0},{"damage":22.0,"enemies":"Champ","floor":33.0,"turns":8.0},{"damage":10.0,"enemies":"3 Darklings","floor":35.0,"turns":4.0},{"damage":8.0,"enemies":"Orb Walker","floor":36.0,"turns":3.0},{"damage":13,"enemies":"Mind Bloom Boss Battle","floor":44,"turns":5},{"damage":0,"enemies":"4 Shapes","floor":45,"turns":5},{"damage":19,"enemies":"Transient","floor":46,"turns":6},{"damage":9,"enemies":"Maw","floor":48,"turns":6},{"damage":54,"enemies":"Donu and Deca","floor":50,"turns":5}],"seed_played":"5124234284292311848","potions_obtained":[{"floor":1.0,"key":"SmokeBomb"},{"floor":2.0,"key":"Strength Potion"},{"floor":7.0,"key":"Swift Potion"},{"floor":11.0,"key":"Fruit Juice"},{"floor":12.0,"key":"ColorlessPotion"},{"floor":14.0,"key":"Weak Potion"},{"floor":16.0,"key":"ColorlessPotion"},{"floor":18.0,"key":"PowerPotion"},{"floor":22.0,"key":"Regen Potion"},{"floor":25.0,"key":"Explosive Potion"},{"floor":28.0,"key":"SkillPotion"},{"floor":31.0,"key":"Energy Potion"},{"floor":33.0,"key":"DuplicationPotion"},{"floor":35.0,"key":"AttackPotion"},{"floor":36.0,"key":"SteroidPotion"},{"floor":44,"key":"Explosive Potion"},{"floor":45,"key":"FocusPotion"},{"floor":46,"key":"DistilledChaos"},{"floor":48,"key":"EntropicBrew"}],"is_trial":false,"path_per_floor":["M","M","$","?","?","R","E","$","T","E","M","E","R","M","R","B",null,"M","?","M","$","M","R","E","M","T","R","E","?","?","M","R","B",null,"M","M","?","?","?","R","$","R","T","?","M","M","?","M","R","B",null],"character_chosen":"DEFECT","items_purchased":["Singing Bowl","Defragment","Runic Capacitor","Bronze Scales","Hologram","BlessingOfTheForge","HandDrill","Juzu Bracelet","Storm"],"campfire_rested":2,"item_purchase_floors":[3,3,21,21,21,41,41,41,41],"current_hp_per_floor":[62,53,53,58,47,47,47,47,47,39,44,31,68,74,74,48,69,70,51,36,36,38,77,77,72,72,72,28,28,82,66,66,69,80,79,78,78,72,72,72,72,72,72,83,88,76,76,74,74,41],"gold":184,"neow_bonus":"TWO_FIFTY_GOLD","is_daily":false,"chose_seed":false,"campfire_upgraded":7,"win_rate":0.0,"timestamp":1609011540,"path_taken":["M","M","$","?","?","R","E","$","T","E","?","E","R","M","R","BOSS","M","?","M","$","?","R","E","?","T","R","E","?","?","M","R","BOSS","M","?","?","?","?","R","$","R","T","?","M","M","?","M","R","BOSS"],"items_purchased_type":["Relic","Card","Relic","Relic","Card","Potion","Relic","Relic","Card"],"build_version":"2020-12-22","purchased_purges":1,"victory":true,"max_hp_per_floor":[64,64,64,69,69,69,71,71,71,71,76,76,76,76,76,76,76,76,76,78,78,80,80,80,80,80,80,82,82,82,84,84,84,84,86,86,82,86,86,86,86,86,86,86,88,88,88,88,88,88],"card_choices":[{"not_picked":["Hologram","Turbo"],"picked":"BootSequence","floor":1.0},{"not_picked":["Rip and Tear","Redo"],"picked":"Ball Lightning","floor":2.0},{"not_picked":["Hologram","Ball Lightning","Turbo"],"picked":"Singing Bowl","floor":7.0},{"not_picked":["Darkness","Rip and Tear"],"picked":"Skim","floor":10.0},{"not_picked":["Core Surge","Conserve Battery"],"picked":"Self Repair","floor":11.0},{"not_picked":["Streamline","Blizzard"],"picked":"Genetic Algorithm","floor":12.0},{"not_picked":["Aggregate","Chaos"],"picked":"Cold Snap","floor":14.0},{"not_picked":["Machine Learning","All For One"],"picked":"Core Surge","floor":16.0},{"not_picked":["Doom and Gloom","Turbo+1"],"picked":"Capacitor","floor":18.0},{"not_picked":["Scrape","Leap","Skim"],"picked":"Singing Bowl","floor":20.0},{"not_picked":["Ball Lightning","Beam Cell","Melter"],"picked":"Singing Bowl","floor":22.0},{"not_picked":["Sunder+1","Auto Shields"],"picked":"Fusion","floor":25.0},{"not_picked":["Steam+1","Multi-Cast","Go for the Eyes"],"picked":"Singing Bowl","floor":28.0},{"not_picked":["Sweeping Beam","Genetic Algorithm","BootSequence"],"picked":"Singing Bowl","floor":31.0},{"not_picked":["Hyperbeam","Multi-Cast"],"picked":"Electrodynamics","floor":33.0},{"not_picked":["Conserve Battery","Go for the Eyes","Fusion+1"],"picked":"Singing Bowl","floor":35.0},{"not_picked":["Loop","Streamline"],"picked":"Coolheaded","floor":36.0},{"not_picked":["Transmutation","Panacea"],"picked":"Impatience","floor":38},{"not_picked":["Dramatic Entrance","Discovery","Blind"],"picked":"Singing Bowl","floor":38},{"not_picked":["Sadistic Nature","PanicButton","Blind"],"picked":"Singing Bowl","floor":38},{"not_picked":["Sweeping Beam","Steam+1"],"picked":"Cold Snap","floor":44},{"not_picked":["Hello World","Streamline","Genetic Algorithm+1"],"picked":"Singing Bowl","floor":45},{"not_picked":["Sweeping Beam+1","Ball Lightning"],"picked":"Compile Driver+1","floor":46},{"not_picked":["Barrage","Storm"],"picked":"White Noise","floor":48}],"player_experience":477225,"relics_obtained":[{"floor":7.0,"key":"Regal Pillow"},{"floor":9.0,"key":"Shuriken"},{"floor":10.0,"key":"White Beast Statue"},{"floor":12.0,"key":"Pantograph"},{"floor":26.0,"key":"Anchor"},{"floor":28.0,"key":"Gambling Chip"},{"floor":43,"key":"DataDisk"},{"floor":44,"key":"Ginger"}],"event_choices":[{"damage_healed":0.0,"max_hp_gain":5.0,"max_hp_loss":0.0,"gold_gain":0.0,"event_name":"Big Fish","player_choice":"Donut","floor":4.0,"gold_loss":0.0,"damage_taken":0.0},{"damage_healed":0.0,"max_hp_gain":0.0,"max_hp_loss":0.0,"gold_gain":0.0,"event_name":"Scrap Ooze","player_choice":"Success","floor":5.0,"gold_loss":0.0,"damage_taken":11.0,"relics_obtained":["Dead Branch"]},{"damage_healed":0.0,"max_hp_gain":0.0,"max_hp_loss":0.0,"gold_gain":180.0,"event_name":"Knowing Skull","player_choice":"GOLD GOLD ","floor":19.0,"potions_obtained":[],"gold_loss":0.0,"damage_taken":19.0,"cards_obtained":[]},{"damage_healed":0.0,"max_hp_gain":0.0,"max_hp_loss":0.0,"gold_gain":0.0,"event_name":"Cursed Tome","player_choice":"Ignored","floor":29.0,"gold_loss":0.0,"damage_taken":0.0},{"cards_removed":["Genetic Algorithm"],"damage_healed":54.0,"max_hp_gain":0.0,"max_hp_loss":0.0,"gold_gain":0.0,"event_name":"Bonfire Elementals","player_choice":"Offered Uncommon","floor":30.0,"gold_loss":0.0,"damage_taken":0.0},{"damage_healed":0.0,"max_hp_gain":0.0,"max_hp_loss":4.0,"gold_gain":0.0,"event_name":"Winding Halls","player_choice":"Max HP","floor":37.0,"gold_loss":0.0,"damage_taken":0.0},{"damage_healed":0,"gold_gain":0,"player_choice":"Memory 3","damage_taken":10,"max_hp_gain":0,"max_hp_loss":0,"event_name":"SensoryStone","floor":38,"gold_loss":0},{"damage_healed":0,"gold_gain":275,"player_choice":"Desecrate","damage_taken":0,"max_hp_gain":0,"max_hp_loss":0,"event_name":"Golden Shrine","floor":39,"gold_loss":0,"cards_obtained":["Regret"]},{"damage_healed":0,"gold_gain":0,"player_choice":"Fight","damage_taken":0,"max_hp_gain":0,"max_hp_loss":0,"event_name":"MindBloom","floor":44,"gold_loss":0},{"cards_removed":["Defend_B"],"damage_healed":0,"gold_gain":0,"player_choice":"Removed Skill","damage_taken":0,"max_hp_gain":0,"max_hp_loss":0,"event_name":"Falling","floor":47,"gold_loss":0}],"is_beta":false,"boss_relics":[{"not_picked":["Nuclear Battery","FrozenCore"],"picked":"Cursed Key"},{"not_picked":["Philosopher\u0027s Stone","Coffee Dripper"],"picked":"SlaversCollar"}],"items_purged_floors":[41],"is_endless":false,"potions_floor_spawned":[1,2,7,11,12,14,16,18,20,22,24,25,28,31,33,35,36,44,45,46,48],"ascension_level":17}}