{"host":"pnte43t0hnfhqkei","time":1609008000,"event":{"mods":["Act Like it!","BaseMod","BetterRewards","Colored Powertips","Conspire","Infinite Spire","Luminous","Minty Spire (QoL Compilation)","Robot Space Explorer","StSLib","The Dragon Tamer","TheSwordswoman","TheWitcher","Wandering Minibosses"],"gold_per_floor":[116,135,228,294,294,294,142,142,142],"floor_reached":8,"playtime":1134,"items_purged":["blazmod:Defend"],"score":48,"play_id":"e1c28235-466b-453e-bc38-b860d90d5035","local_time":"20201226194000","is_ascension_mode":false,"campfire_choices":[{"data":"blazmod:RevolvingPhoenix","floor":6,"key":"SMITH"}],"circlet_count":0,"master_deck":["blazmod:Strike","blazmod:Strike","blazmod:Strike","blazmod:Defend","blazmod:Defend","blazmod:Defend","blazmod:ButterflyEffect","blazmod:Kyokasuigetsu","blazmod:RevolvingPhoenix+1","blazmod:RevolvingPhoenix"],"relics":["blazmod:Venustas"],"acts_visited":["Exordium"],"potions_floor_usage":[2,4],"damage_taken":[{"damage":0,"enemies":"Small Slimes","floor":1,"turns":4},{"damage":6,"enemies":"Jaw Worm","floor":2,"turns":5},{"damage":6,"enemies":"conspire:RoseBush","floor":3,"turns":7},{"damage":21,"enemies":"Exordium Wildlife","floor":4,"turns":6},{"damage":18,"enemies":"3 Sentries","floor":8,"turns":3}],"seed_played":"5000110726293953150","potions_obtained":[{"floor":1,"key":"GamblersBrew"},{"floor":2,"key":"Fruit Juice"}],"is_trial":false,"path_per_floor":["M","M","M","M","?","R","$","E"],"character_chosen":"THE_SWORDSWOMAN","items_purchased":["blazmod:RevolvingPhoenix"],"campfire_rested":0,"item_purchase_floors":[7],"current_hp_per_floor":[44,43,37,16,16,16,16,0,0],"gold":142,"neow_bonus":"TEN_PERCENT_HP_BONUS","is_daily":false,"chose_seed":false,"campfire_upgraded":1,"win_rate":0.0,"timestamp":1609008000,"path_taken":["M","M","M","M","?","R","?","E"],"items_purchased_type":["Card"],"build_version":"2020-12-22","purchased_purges":1,"victory":false,"max_hp_per_floor":[44,49,49,49,49,49,49,49,49],"card_choices":[{"not_picked":["blazmod:FortifiedVigor","blazmod:FleetOfFoot"],"picked":"blazmod:RevolvingPhoenix","floor":1},{"not_picked":["blazmod:MentalFocus","blazmod:Crosscut","blazmod:Valiance"],"picked":"SKIP","floor":2},{"not_picked":["blazmod:Quickdraw","blazmod:FortifiedVigor","blazmod:PhysicalEndurance"],"picked":"SKIP","floor":3},{"not_picked":["blazmod:FlashRock","blazmod:BoulderFlash","blazmod:HarmonyComplete"],"picked":"SKIP","floor":4}],"player_experience":120504,"relics_obtained":[],"event_choices":[{"cards_removed":["blazmod:Strike"],"damage_healed":0,"gold_gain":0,"player_choice":"Purged","damage_taken":0,"max_hp_gain":0,"max_hp_loss":0,"event_name":"Purifier","floor":5,"gold_loss":0}],"is_beta":false,"boss_relics":[],"items_purged_floors":[7],"is_endless":false,"potions_floor_spawned":[1,2],"killed_by":"3 Sentries","ascension_level":0}}