{"host":"egecq8lksgzqg7v3","time":1609017058,"event":{"mods":["AchievementEnabler","Alarm Clock","BaseMod","Bestiary","Better Third Choice","Colored Map","Downfall","Hermit","Minty Spire (QoL Compilation)","StSLib","Synergy Search","The Hierophant"],"gold_per_floor":[216,236,221,221,212,208,208],"floor_reached":6,"playtime":967,"items_purged":[],"score":38,"play_id":"05824019-1506-4693-8d8b-c5c2dc689812","local_time":"20201226161058","is_ascension_mode":false,"campfire_choices":[],"circlet_count":0,"master_deck":["hierophant:Strike_Hierophant","hierophant:Strike_Hierophant","hierophant:Strike_Hierophant","hierophant:Strike_Hierophant","hierophant:Punish","hierophant:Defend_Hierophant","hierophant:Defend_Hierophant","hierophant:Defend_Hierophant","hierophant:Defend_Hierophant","hierophant:ChurchCoffers","hierophant:OrnateBuckler","hierophant:AuricBeam","hierophant:EyeForCoin","Vengeance","hierophant:Doubloon","hierophant:HolyVerse","hierophant:Doubloon"],"relics":["hierophant:PropheticMaskRelic","Girya"],"acts_visited":["Exordium"],"potions_floor_usage":[],"damage_taken":[{"damage":1,"enemies":"Cultist","floor":1,"turns":3},{"damage":0,"enemies":"Small Slimes","floor":2,"turns":3},{"damage":1,"enemies":"Jaw Worm","floor":3,"turns":2},{"damage":6,"enemies":"Red Slaver","floor":5,"turns":6},{"damage":15,"enemies":"Lagavulin","floor":6,"turns":5}],"seed_played":"-991786574167489434","potions_obtained":[{"floor":2,"key":"GamblersBrew"}],"is_trial":false,"path_per_floor":["M","M","M","?","M","E"],"character_chosen":"HIEROPHANT","items_purchased":[],"campfire_rested":0,"item_purchase_floors":[],"current_hp_per_floor":[74,74,73,64,58,43,43],"gold":208,"neow_bonus":"HUNDRED_GOLD","is_daily":false,"chose_seed":false,"campfire_upgraded":0,"win_rate":0.0,"timestamp":1609017058,"path_taken":["M","M","M","?","M","E"],"items_purchased_type":[],"build_version":"2020-12-22","purchased_purges":0,"victory":false,"max_hp_per_floor":[75,75,75,75,75,75,75],"card_choices":[{"not_picked":["hierophant:DisplayOfPower","hierophant:RustyCrate"],"picked":"hierophant:OrnateBuckler","floor":1},{"not_picked":["hierophant:Chorus","hierophant:RecallFunds"],"picked":"hierophant:AuricBeam","floor":2},{"not_picked":["hierophant:Purify","hierophant:SealAway"],"picked":"hierophant:EyeForCoin","floor":3},{"not_picked":["hierophant:Shelter","hierophant:FlamingChariot"],"picked":"hierophant:HolyVerse","floor":5}],"player_experience":235155,"relics_obtained":[],"event_choices":[],"is_beta":false,"boss_relics":[],"items_purged_floors":[],"is_endless":false,"potions_floor_spawned":[2],"killed_by":"Lagavulin","ascension_level":0}}