{"host":"uq7j81ocmf0ebuur","time":1609004683,"event":{"mods":["AchievementEnabler","BaseMod","Better Match","Better Note","Better Third Choice","Block Reminder","Colored Map","Colored Powertips","Defuse TimeMaze Blight","Googly Eyes","Minty Spire (QoL Compilation)","Relic Stats","StSLib","SuperFastMode","everything is the same but u backflip on backflip","slay the spire mod where everything is the same but ironclad has a cowboy hat"],"gold_per_floor":[117,117,117,136,154,154,182,182,205,239,41,41,59,76,76,180,180,191,201,126,136,136,171,189,189,189,223,223,236,269,269,269,368,368,386,404,1,19,29,29,54,66,78,120,147,186,198,555,567,579,579],"floor_reached":50,"playtime":2410,"items_purged":["Strike_R"],"score":831,"play_id":"49b21b0f-e94d-4250-8e24-64a40026c42b","local_time":"20201226194443","is_ascension_mode":true,"campfire_choices":[{"data":"Bash","floor":6.0,"key":"SMITH"},{"floor":8.0,"key":"REST"},{"data":"Corruption","floor":12.0,"key":"SMITH"},{"data":"Demon Form","floor":15.0,"key":"SMITH"},{"data":"True Grit","floor":25,"key":"SMITH"},{"floor":28,"key":"REST"},{"floor":32,"key":"REST"},{"floor":40,"key":"REST"},{"floor":42,"key":"RECALL"},{"floor":47,"key":"REST"},{"floor":49,"key":"REST"}],"circlet_count":0,"master_deck":["Defend_R","Defend_R","Defend_R","Bash+1","Corruption+1","Battle Trance","Pommel Strike","Inflame","Armaments","Pummel","True Grit+1","Demon Form+1","Impervious+1","Juggernaut+1","Cleave+1","Shrug It Off","Shrug It Off","Offering","Shrug It Off","Sword Boomerang","Immolate","Anger+1","Metallicize","Shrug It Off","Metallicize+1","Uppercut+1","Shockwave+1","Shrug It Off+1","Seeing Red","Disarm+1"],"relics":["Burning Blood","Bag of Preparation","Orichalcum","Red Skull","FossilizedHelix","Astrolabe","MealTicket","Paper Frog","Nunchaku","The Courier","Fusion Hammer","Bronze Scales","Medical Kit","Art of War","MawBank","War Paint","Centennial Puzzle","Old Coin"],"acts_visited":["Exordium","TheCity","TheBeyond"],"potions_floor_usage":[27,29,29,50],"damage_taken":[{"damage":2.0,"enemies":"Jaw Worm","floor":1.0,"turns":3.0},{"damage":1.0,"enemies":"2 Louse","floor":4.0,"turns":4.0},{"damage":1.0,"enemies":"Cultist","floor":5.0,"turns":4.0},{"damage":55.0,"enemies":"3 Sentries","floor":7.0,"turns":11.0},{"damage":19.0,"enemies":"Lagavulin","floor":10.0,"turns":6.0},{"damage":14.0,"enemies":"Lots of Slimes","floor":13.0,"turns":3.0},{"damage":0.0,"enemies":"Large Slime","floor":14.0,"turns":3.0},{"damage":15.0,"enemies":"Hexaghost","floor":16.0,"turns":7.0},{"damage":11.0,"enemies":"2 Thieves","floor":18.0,"turns":3.0},{"damage":13.0,"enemies":"Shell Parasite","floor":19.0,"turns":4.0},{"damage":6.0,"enemies":"Snake Plant","floor":21.0,"turns":5.0},{"damage":22.0,"enemies":"Book of Stabbing","floor":23.0,"turns":5.0},{"damage":12,"enemies":"Cultist and Chosen","floor":24,"turns":4},{"damage":18,"enemies":"Slavers","floor":27,"turns":4},{"damage":5,"enemies":"3 Cultists","floor":29,"turns":4},{"damage":25,"enemies":"Book of Stabbing","floor":30,"turns":4},{"damage":29,"enemies":"Automaton","floor":33,"turns":7},{"damage":12,"enemies":"3 Shapes","floor":35,"turns":2},{"damage":18,"enemies":"3 Darklings","floor":36,"turns":4},{"damage":0,"enemies":"4 Shapes","floor":38,"turns":2},{"damage":25,"enemies":"Spire Growth","floor":39,"turns":4},{"damage":20,"enemies":"Nemesis","floor":41,"turns":5},{"damage":0,"enemies":"Giant Head","floor":44,"turns":6},{"damage":36,"enemies":"Writhing Mass","floor":45,"turns":7},{"damage":12,"enemies":"Reptomancer","floor":46,"turns":5},{"damage":43,"enemies":"2 Orb Walkers","floor":48,"turns":4},{"damage":48,"enemies":"Awakened One","floor":50,"turns":6}],"seed_played":"119630018472303895","potions_obtained":[{"floor":1.0,"key":"Energy Potion"},{"floor":5.0,"key":"Strength Potion"},{"floor":13.0,"key":"Block Potion"},{"floor":16.0,"key":"SpeedPotion"},{"floor":18.0,"key":"AttackPotion"},{"floor":27,"key":"SteroidPotion"},{"floor":30,"key":"PowerPotion"},{"floor":35,"key":"BlessingOfTheForge"},{"floor":46,"key":"Weak Potion"}],"is_trial":false,"path_per_floor":["M","?","?","M","M","R","E","R","T","E","$","R","M","M","R","B",null,"M","M","?","M","?","E","M","R","T","E","R","M","E","?","R","B",null,"M","M","$","M","M","R","E","R","T","E","M","E","R","?","R","B"],"character_chosen":"IRONCLAD","items_purchased":["Armaments","Pummel","Bronze Scales","Medical Kit","Art of War","Shrug It Off"],"campfire_rested":6,"item_purchase_floors":[11,11,37,37,37,37],"current_hp_per_floor":[80,73,73,78,80,80,31,55,55,42,42,42,34,40,40,31,68,63,56,56,56,56,40,34,34,34,22,46,47,28,28,52,29,67,61,49,64,70,51,75,61,61,61,67,37,31,55,18,42,0,0],"gold":579,"neow_bonus":"ONE_RANDOM_RARE_CARD","is_daily":false,"chose_seed":false,"campfire_upgraded":4,"win_rate":0.0,"timestamp":1609004683,"path_taken":["M","?","?","M","M","R","E","R","T","E","$","R","M","?","R","BOSS","M","?","?","M","?","E","M","R","T","E","R","?","E","?","R","BOSS","M","M","$","M","M","R","E","R","T","E","M","E","R","?","R","BOSS"],"items_purchased_type":["Card","Card","Relic","Relic","Relic","Card"],"build_version":"2020-12-22","purchased_purges":1,"victory":false,"max_hp_per_floor":[80,80,80,80,80,80,80,80,80,80,80,80,80,80,80,80,80,80,80,80,80,80,80,80,80,80,80,80,80,80,80,80,80,80,80,80,80,80,80,80,80,80,80,80,80,80,80,80,80,80,80],"relic_stats":{"counters":[27,126],"Astrolabe":["Juggernaut","Fire Breathing","Cleave"],"Bag of Preparation":[52],"Orichalcum":[234],"War Paint":["Impervious","Shrug It Off"],"Medical Kit":[3],"MawBank":108,"Burning Blood":149,"Nunchaku":[9],"Centennial Puzzle":[6],"Bronze Scales":[122],"MealTicket":15,"Art of War":[7],"obtain_stats":[{"Astrolabe":17,"The Courier":30,"Bag of Preparation":3,"Orichalcum":7,"War Paint":44,"Medical Kit":37,"MawBank":41,"Burning Blood":0,"Old Coin":48,"Nunchaku":27,"Centennial Puzzle":46,"Bronze Scales":37,"MealTicket":23,"Fusion Hammer":34,"Art of War":37,"Red Skull":9,"FossilizedHelix":10,"Paper Frog":26},{"Astrolabe":8,"The Courier":16,"Bag of Preparation":1,"Orichalcum":4,"War Paint":23,"Medical Kit":19,"MawBank":22,"Burning Blood":0,"Old Coin":26,"Nunchaku":14,"Centennial Puzzle":25,"Bronze Scales":19,"MealTicket":12,"Fusion Hammer":17,"Art of War":19,"Red Skull":4,"FossilizedHelix":5,"Paper Frog":13},{"Astrolabe":41,"The Courier":74,"Bag of Preparation":3,"Orichalcum":22,"War Paint":104,"Medical Kit":87,"MawBank":98,"Burning Blood":0,"Old Coin":120,"Nunchaku":66,"Centennial Puzzle":116,"Bronze Scales":87,"MealTicket":58,"Fusion Hammer":81,"Art of War":87,"Red Skull":22,"FossilizedHelix":28,"Paper Frog":62}]},"card_choices":[{"not_picked":["Shockwave","Perfected Strike"],"picked":"Pommel Strike","floor":1.0},{"not_picked":["Power Through","Seeing Red"],"picked":"Battle Trance","floor":4.0},{"not_picked":["Havoc","Sword Boomerang"],"picked":"Pommel Strike","floor":5.0},{"not_picked":["Havoc","Wild Strike"],"picked":"Inflame","floor":7.0},{"not_picked":["Rampage","Flex","Infernal Blade"],"picked":"SKIP","floor":10.0},{"not_picked":["Wild Strike","Anger"],"picked":"True Grit","floor":13.0},{"not_picked":["Flex","Disarm"],"picked":"Demon Form","floor":14.0},{"not_picked":["Double Tap","Exhume"],"picked":"Impervious","floor":16.0},{"not_picked":["Spot Weakness","Wild Strike"],"picked":"Shrug It Off","floor":18.0},{"not_picked":["Fire Breathing","Warcry","Cleave+1"],"picked":"SKIP","floor":19.0},{"not_picked":["True Grit","Body Slam"],"picked":"Shrug It Off","floor":21.0},{"not_picked":["Perfected Strike","Uppercut"],"picked":"Offering","floor":23},{"not_picked":["Perfected Strike","Wild Strike+1","Pommel Strike"],"picked":"SKIP","floor":24},{"not_picked":["Iron Wave+1","Intimidate"],"picked":"Shrug It Off","floor":27},{"not_picked":["Body Slam","Wild Strike","Evolve"],"picked":"SKIP","floor":29},{"not_picked":["Spot Weakness","Bludgeon"],"picked":"Sword Boomerang","floor":30},{"not_picked":["Barricade","Juggernaut"],"picked":"Immolate","floor":33},{"not_picked":["Pommel Strike+1","Clash"],"picked":"Anger+1","floor":35},{"not_picked":["Thunderclap+1","Searing Blow+1"],"picked":"Metallicize","floor":36},{"not_picked":["Battle Trance+1","Combust"],"picked":"Metallicize+1","floor":38},{"not_picked":["Havoc","Bludgeon"],"picked":"Uppercut+1","floor":39},{"not_picked":["Ghostly Armor+1","Clash"],"picked":"Shockwave+1","floor":41},{"not_picked":["Twin Strike","Thunderclap+1"],"picked":"Shrug It Off","floor":44},{"not_picked":["Searing Blow+1","Clash"],"picked":"Seeing Red","floor":45},{"not_picked":["Anger","Heavy Blade"],"picked":"Disarm+1","floor":46}],"player_experience":315950,"relics_obtained":[{"floor":7.0,"key":"Orichalcum"},{"floor":9.0,"key":"Red Skull"},{"floor":10.0,"key":"FossilizedHelix"},{"floor":23,"key":"MealTicket"},{"floor":26,"key":"Paper Frog"},{"floor":27,"key":"Nunchaku"},{"floor":30,"key":"The Courier"},{"floor":41,"key":"MawBank"},{"floor":44,"key":"War Paint"},{"floor":46,"key":"Centennial Puzzle"},{"floor":48,"key":"Old Coin"}],"event_choices":[{"cards_removed":["Strike_R"],"damage_healed":0.0,"max_hp_gain":0.0,"max_hp_loss":0.0,"gold_gain":0.0,"event_name":"Golden Wing","player_choice":"Card Removal","floor":2.0,"gold_loss":0.0,"damage_taken":7.0},{"damage_healed":0.0,"max_hp_gain":0.0,"max_hp_loss":0.0,"gold_gain":0.0,"event_name":"WeMeetAgain","player_choice":"Gave Potion","floor":3.0,"gold_loss":0.0,"damage_taken":0.0,"relics_obtained":["Bag of Preparation"]},{"cards_removed":["Fire Breathing"],"damage_healed":0.0,"max_hp_gain":0.0,"max_hp_loss":0.0,"gold_gain":0.0,"event_name":"Beggar","player_choice":"Gave Gold","floor":20.0,"gold_loss":75.0,"damage_taken":0.0},{"cards_removed":["Defend_R"],"damage_healed":0.0,"max_hp_gain":0.0,"max_hp_loss":0.0,"gold_gain":0.0,"event_name":"Bonfire Elementals","player_choice":"Offered Basic","floor":22.0,"gold_loss":0.0,"damage_taken":0.0},{"cards_removed":["Pommel Strike"],"damage_healed":0,"gold_gain":0,"player_choice":"Elegance","damage_taken":0,"max_hp_gain":0,"max_hp_loss":0,"event_name":"betterThird:BetterWriting","floor":31,"gold_loss":0},{"damage_healed":0,"gold_gain":0,"player_choice":"Fight","damage_taken":0,"max_hp_gain":0,"max_hp_loss":0,"event_name":"Mysterious Sphere","floor":48,"gold_loss":0}],"is_beta":false,"boss_relics":[{"not_picked":["Runic Dome","Coffee Dripper"],"picked":"Astrolabe"},{"not_picked":["Black Star","Velvet Choker"],"picked":"Fusion Hammer"}],"items_purged_floors":[11],"is_endless":false,"potions_floor_spawned":[1,5,13,16,18,27,30,35,36,45,46],"killed_by":"Awakened One","ascension_level":5}}