{"host":"qw4xe3mt0biolpvp","time":1609017551,"event":{"mods":["AchievementEnabler","Act Like it!","Aspiration","BaseMod","Bestiary","BetterRewards","Colored Map","Colored Powertips","Downfall","Gensokyo","Hallownest","Hermit","Highlight Path","Hubris","Infinite Spire","Jorbs\u0027s Wanderer Trilogy","Lobotomy","Marisa????????","Marked Mod","Minty Spire (QoL Compilation)","Quick Restart","Replay The Spire","StSLib","The Animator","The Bug Knight","The Cursed","The Jungle","The Servant 0.9.4","The Wild Card"],"gold_per_floor":[119,317,329,254,266,266,285,285,285,285,298,312,325,341,341,437,437,453,453,453],"floor_reached":19,"playtime":1595,"items_purged":["Strike_R"],"score":163,"play_id":"465c9789-5d8f-4b7a-a793-396500e9ffcf","local_time":"20201226181911","is_ascension_mode":false,"campfire_choices":[{"data":"Bash","floor":6,"key":"SMITH"},{"data":"Run Through","floor":8,"key":"SMITH"},{"floor":15,"key":"REST"}],"circlet_count":0,"master_deck":["Strike_R","Strike_R","Strike_R","Strike_R","Defend_R","Defend_R","Defend_R","Defend_R","Bash+1","Twin Strike","Shrug It Off","HappyTeddy","Run Through+1","Wellcheers","Sword Boomerang","OldLady","Cleave","BeautyBeast","Shrug It Off","Thunderclap","ShyLook","BlackSwan","Thunderclap","Murderer","hubris:ReadiedAction","Impervious","Scorched","Pain","ReplayTheSpireMod:Faulty Equipment","hubris:Wrath","CherryBlossoms"],"relics":["Burning Blood","CogitoBucket","Bird Faced Urn","Letter Opener","SkinProphecy","Replay:Ancient Bell","Pen Nib","Shuriken","hubris:Potato"],"acts_visited":["Exordium","TheCity"],"potions_floor_usage":[19,19],"damage_taken":[{"damage":6,"enemies":"Jaw Worm","floor":1,"turns":4},{"damage":0,"enemies":"Small Slimes","floor":3,"turns":3},{"damage":0,"enemies":"Cultist","floor":5,"turns":2},{"damage":24,"enemies":"Exordium Thugs","floor":7,"turns":3},{"damage":22,"enemies":"Looter","floor":11,"turns":5},{"damage":14,"enemies":"3 Louse","floor":12,"turns":5},{"damage":1,"enemies":"2 Fungi Beasts","floor":13,"turns":2},{"damage":0,"enemies":"Exordium Wildlife","floor":14,"turns":2},{"damage":44,"enemies":"Hexaghost","floor":16,"turns":9},{"damage":0,"enemies":"Chosen","floor":18,"turns":4},{"damage":80,"enemies":"Spheric Guardian","floor":19,"turns":24}],"seed_played":"2198507481944191144","potions_obtained":[{"floor":1,"key":"Slimebound:ThreeZeroPotion"},{"floor":12,"key":"Explosive Potion"},{"floor":13,"key":"LiquidMemories"}],"is_trial":false,"path_per_floor":["M","?","M","$","M","R","M","R","T","?","M","M","M","M","R","B",null,"M","M"],"character_chosen":"IRONCLAD","items_purchased":[],"campfire_rested":1,"item_purchase_floors":[],"current_hp_per_floor":[80,80,80,80,80,80,62,62,62,62,46,38,39,41,66,24,86,88,0,0],"gold":453,"neow_bonus":"","is_daily":false,"chose_seed":false,"campfire_upgraded":2,"win_rate":0.0,"timestamp":1609017551,"path_taken":["M","?","M","$","M","R","M","R","T","?","M","M","M","?","R","BOSS","M","M"],"items_purchased_type":[],"build_version":"2020-12-22","purchased_purges":1,"victory":false,"max_hp_per_floor":[80,80,80,80,80,80,80,80,80,80,80,80,82,84,84,86,86,88,92,92],"card_choices":[{"not_picked":["Wellcheers","FairyFestival"],"picked":"MHz","floor":1},{"not_picked":["Second Wind","Perfected Strike"],"picked":"Twin Strike","floor":1},{"not_picked":["Shockwave","Brutality"],"picked":"Shrug It Off","floor":2},{"not_picked":["CrumblingArmor","WallGazer"],"picked":"HappyTeddy","floor":3},{"not_picked":["Heavy Blade","Headbutt"],"picked":"Run Through","floor":3},{"not_picked":["Murderer","PunishingBird"],"picked":"Wellcheers","floor":5},{"not_picked":["Abandon","Burning Pact"],"picked":"Sword Boomerang","floor":5},{"not_picked":["SpiderBud","WallGazer"],"picked":"OldLady","floor":7},{"not_picked":["True Grit","Bludgeon"],"picked":"Cleave","floor":7},{"not_picked":["Porccubus","GalaxyChild"],"picked":"BeautyBeast","floor":11},{"not_picked":["Anger","Heavy Blade"],"picked":"Shrug It Off","floor":11},{"not_picked":["Cleave","ReplayTheSpireMod:Strike From Hell"],"picked":"Thunderclap","floor":12},{"not_picked":["WallGazer","SpiderBud"],"picked":"ShyLook","floor":12},{"not_picked":["BigBird","LaLuna"],"picked":"BlackSwan","floor":13},{"not_picked":["True Grit","Clothesline"],"picked":"Thunderclap","floor":13},{"not_picked":["DreamingCurrent","Variant"],"picked":"Murderer","floor":14},{"not_picked":["Massacre","Flex"],"picked":"hubris:ReadiedAction","floor":14},{"not_picked":["Fiend Fire","hubris:StunningStrike"],"picked":"Impervious","floor":16},{"not_picked":["Laetitia","OSAHOGD"],"picked":"Scorched","floor":16},{"not_picked":["Spreading Infection","stsjorbsmod:Withering"],"picked":"Pain","floor":17},{"not_picked":["stsjorbsmod:Amnesia","sneckomod:Bewildered"],"picked":"ReplayTheSpireMod:Faulty Equipment","floor":17},{"not_picked":["hubris:Compulsion","stsjorbsmod:Amnesia"],"picked":"hubris:Wrath","floor":17},{"not_picked":["MHz","CrumblingArmor"],"picked":"CherryBlossoms","floor":18},{"not_picked":["Wild Strike+1","Clash+1","Searing Blow"],"picked":"SKIP","floor":18},{"not_picked":["Wild Strike+1","Clash+1","Searing Blow"],"picked":"SKIP","floor":18}],"player_experience":34674,"relics_obtained":[{"floor":9,"key":"Bird Faced Urn"}],"event_choices":[{"cards_removed":["MHz"],"damage_healed":0,"gold_gain":0,"player_choice":"Gave Card","damage_taken":0,"relics_obtained":["Letter Opener"],"max_hp_gain":0,"max_hp_loss":0,"event_name":"WeMeetAgain","floor":10,"gold_loss":0}],"is_beta":false,"boss_relics":[{"not_picked":["hubris:Stopwatch","infinitespire:Cupcake"],"picked":"Replay:Ancient Bell"},{"not_picked":["Replay:Rubber Ducky","Blue Doll"],"picked":"Pen Nib"},{"not_picked":["aspiration:SeaSaltIceCream","infinitespire:EmpoweringShard"],"picked":"Shuriken"},{"not_picked":["Charon\u0027s Ashes","hubris:GlazedTorus"],"picked":"hubris:Potato"}],"items_purged_floors":[4],"is_endless":false,"potions_floor_spawned":[1,12,13,14,18],"killed_by":"Spheric Guardian","ascension_level":0}}