{"host":"nh8rc3jipwgi5qu3","time":1609019508,"event":{"mods":["Act Like it!","Aspiration","BaseMod","Better Third Choice","Colored Map","Colored Powertips","DeckTracker","Elementarium","Energized Spire","GifTheSpireLib","GungeonMod","Hubris","Humility","Infinite Spire","Ironclad Rager","Lobotomy","Marked Mod","Mimic Mod","Minty Spire (QoL Compilation)","Relic Stats","Replay The Spire","Reworked Bosses","Spikes Relics","StSLib","Stuff the Spire"],"gold_per_floor":[118,43,75,75,150,150,163,163],"floor_reached":7,"playtime":1608,"items_purged":["DemoMod:Spice"],"score":41,"play_id":"0f8681df-f9a9-4b43-bb35-f2315491812b","local_time":"20201226225148","daily_mods":["Allstar","Colorless Cards","Heirloom","DeadlyEvents","Elite Swarm"],"is_ascension_mode":true,"campfire_choices":[{"data":"StuffTheSpire:FreeRealEstate","floor":6,"key":"SMITH"}],"circlet_count":0,"master_deck":["Strike_G","Strike_G","Strike_G","Strike_G","Strike_G","Defend_G","Defend_G","Defend_G","Defend_G","Defend_G","Survivor","Neutralize","Feint","Discovery","Dark Shackles","StuffTheSpire:FreeRealEstate+1","Blade Dance","ReplayTheSpireMod:Scrap Shanks","Injury"],"relics":["Ring of the Snake","aspiration:AnachronicSnailShell","Frozen Egg 2"],"acts_visited":["Exordium"],"potions_floor_usage":[],"damage_taken":[{"damage":2,"enemies":"Small Slimes","floor":1,"turns":6},{"damage":3,"enemies":"2 Louse","floor":3,"turns":16},{"damage":55,"enemies":"3 Sentries","floor":7,"turns":8}],"seed_played":"-3695205416805726313","potions_obtained":[],"is_trial":true,"path_per_floor":["M","$","M","?","?","R","E"],"character_chosen":"THE_SILENT","items_purchased":[],"campfire_rested":0,"item_purchase_floors":[],"current_hp_per_floor":[68,68,65,65,54,54,0,0],"gold":163,"neow_bonus":"","is_daily":false,"chose_seed":false,"campfire_upgraded":1,"win_rate":0.0,"timestamp":1609019508,"path_taken":["M","$","M","?","?","R","E"],"items_purchased_type":[],"build_version":"2020-12-22","purchased_purges":1,"victory":false,"max_hp_per_floor":[70,70,70,70,70,70,70,70],"relic_stats":{"counters":[3,30],"obtain_stats":[{"aspiration:AnachronicSnailShell":0,"DemoMod:GlassGuonStoneRelic":3,"Frozen Egg 2":4,"Ring of the Snake":0},{"aspiration:AnachronicSnailShell":0,"DemoMod:GlassGuonStoneRelic":2,"Frozen Egg 2":2,"Ring of the Snake":0},{"aspiration:AnachronicSnailShell":0,"DemoMod:GlassGuonStoneRelic":22,"Frozen Egg 2":22,"Ring of the Snake":0}],"Ring of the Snake":[6]},"card_choices":[{"not_picked":["hubris:SlightOfHand","Trip"],"picked":"Blade Dance","floor":1},{"not_picked":["Setup","Noxious Fumes"],"picked":"ReplayTheSpireMod:Scrap Shanks","floor":3}],"player_experience":212333,"relics_obtained":[],"event_choices":[{"damage_healed":0,"gold_gain":75,"player_choice":"Gold","damage_taken":11,"max_hp_gain":0,"max_hp_loss":0,"event_name":"betterThird:BetterGoop","floor":5,"gold_loss":0}],"is_beta":false,"boss_relics":[],"items_purged_floors":[2],"is_endless":false,"potions_floor_spawned":[],"killed_by":"3 Sentries","ascension_level":1}}