{"host":"3a1ypf1irl30q4k8","time":1609001867,"event":{"mods":["AchievementEnabler","BaseMod","Bestiary","Colored Map","Minty Spire (QoL Compilation)","Relic Stats"],"gold_per_floor":[117,134,150,150,150,150,194,369,395,360,387,399,442,473,485,592,604,594,606,606],"floor_reached":19,"playtime":908,"items_purged":[],"score":289,"play_id":"f8bd44bc-6b4e-4616-adbd-e1e045867689","local_time":"20201226165747","is_ascension_mode":true,"campfire_choices":[{"data":"Neutralize","floor":6,"key":"SMITH"},{"data":"Finisher","floor":15,"key":"SMITH"}],"circlet_count":0,"master_deck":["AscendersBane","Strike_G","Strike_G","Strike_G","Strike_G","Strike_G","Defend_G+1","Defend_G","Defend_G","Defend_G+1","Defend_G","Survivor","Neutralize+1","Cloak And Dagger+1","Infinite Blades","PiercingWail","Doubt","Die Die Die","Finisher+1","Night Terror","CurseOfTheBell","Calculated Gamble+1"],"relics":["Ring of the Snake","Golden Idol","Juzu Bracelet","Oddly Smooth Stone","MawBank","Tingsha","Calling Bell","Pantograph","Tough Bandages","War Paint"],"acts_visited":["Exordium","TheCity"],"potions_floor_usage":[3,3,7,13,16,19],"damage_taken":[{"damage":0,"enemies":"Jaw Worm","floor":1,"turns":4},{"damage":0,"enemies":"Small Slimes","floor":2,"turns":4},{"damage":2,"enemies":"2 Louse","floor":3,"turns":3},{"damage":16,"enemies":"Lagavulin","floor":7,"turns":7},{"damage":22,"enemies":"3 Sentries","floor":13,"turns":11},{"damage":4,"enemies":"Looter","floor":14,"turns":5},{"damage":30,"enemies":"Hexaghost","floor":16,"turns":12},{"damage":18,"enemies":"2 Thieves","floor":18,"turns":5},{"damage":58,"enemies":"Masked Bandits","floor":19,"turns":3}],"seed_played":"2242636156206047961","potions_obtained":[{"floor":2,"key":"EntropicBrew"},{"floor":3,"key":"FearPotion"},{"floor":14,"key":"CunningPotion"},{"floor":18,"key":"ColorlessPotion"}],"is_trial":false,"path_per_floor":["M","M","M","?","?","R","E","?","T","?","T","$","E","M","R","B",null,"M","?"],"character_chosen":"THE_SILENT","items_purchased":[],"campfire_rested":0,"item_purchase_floors":[],"current_hp_per_floor":[70,70,68,68,68,68,52,52,52,69,69,69,47,43,43,13,57,39,0,0],"gold":606,"neow_bonus":"TEN_PERCENT_HP_BONUS","is_daily":false,"chose_seed":false,"campfire_upgraded":2,"win_rate":0.0,"timestamp":1609001867,"path_taken":["M","M","M","?","?","R","E","?","T","?","?","$","E","M","R","BOSS","M","?"],"items_purchased_type":[],"build_version":"2020-12-22","purchased_purges":0,"victory":false,"max_hp_per_floor":[77,77,77,71,71,71,71,71,71,71,71,71,71,71,71,71,71,71,71,71],"relic_stats":{"Tough Bandages":[12],"counters":[9,54],"Golden Idol":50,"Pantograph":0,"Tingsha":[24],"Juzu Bracelet":1,"War Paint":["Defend_G","Defend_G"],"MawBank":96,"obtain_stats":[{"Calling Bell":17,"Tough Bandages":17,"Golden Idol":4,"Pantograph":17,"Oddly Smooth Stone":9,"Tingsha":13,"Juzu Bracelet":7,"War Paint":17,"MawBank":11,"Ring of the Snake":0},{"Calling Bell":7,"Tough Bandages":7,"Golden Idol":3,"Pantograph":7,"Oddly Smooth Stone":4,"Tingsha":5,"Juzu Bracelet":4,"War Paint":7,"MawBank":4,"Ring of the Snake":0},{"Calling Bell":46,"Tough Bandages":46,"Golden Idol":11,"Pantograph":46,"Oddly Smooth Stone":18,"Tingsha":29,"Juzu Bracelet":18,"War Paint":46,"MawBank":18,"Ring of the Snake":0}],"Ring of the Snake":[18]},"card_choices":[{"not_picked":["PiercingWail","Tactician"],"picked":"Cloak And Dagger","floor":1},{"not_picked":["Outmaneuver","Bane"],"picked":"Infinite Blades","floor":2},{"not_picked":["Slice","Cloak And Dagger"],"picked":"PiercingWail","floor":3},{"not_picked":["Choke","Catalyst","Deadly Poison"],"picked":"SKIP","floor":7},{"not_picked":["Poisoned Stab","Underhanded Strike"],"picked":"Die Die Die","floor":13},{"not_picked":["Reflex","Dodge and Roll"],"picked":"Finisher","floor":14},{"not_picked":["Wraith Form v2","Glass Knife"],"picked":"Night Terror","floor":16},{"not_picked":["Dagger Throw","Bane"],"picked":"Calculated Gamble+1","floor":18}],"player_experience":892398,"relics_obtained":[{"floor":7,"key":"Juzu Bracelet"},{"floor":9,"key":"Oddly Smooth Stone"},{"floor":11,"key":"MawBank"},{"floor":13,"key":"Tingsha"},{"floor":17,"key":"Pantograph"},{"floor":17,"key":"Tough Bandages"},{"floor":17,"key":"War Paint"}],"event_choices":[{"damage_healed":0,"gold_gain":0,"player_choice":"Lose Max HP","damage_taken":0,"relics_obtained":["Golden Idol"],"max_hp_gain":0,"max_hp_loss":6,"event_name":"Golden Idol","floor":4,"gold_loss":0},{"damage_healed":0,"gold_gain":0,"player_choice":"Grow","damage_taken":0,"max_hp_gain":0,"max_hp_loss":0,"event_name":"Living Wall","floor":5,"gold_loss":0,"cards_upgraded":["Cloak And Dagger"]},{"damage_healed":0,"gold_gain":175,"player_choice":"AGREE","damage_taken":0,"max_hp_gain":0,"max_hp_loss":0,"event_name":"Liars Game","floor":8,"gold_loss":0,"cards_obtained":["Doubt"]},{"damage_healed":17,"gold_gain":0,"player_choice":"Healed","damage_taken":0,"max_hp_gain":0,"max_hp_loss":0,"event_name":"The Cleric","floor":10,"gold_loss":35},{"damage_healed":0,"gold_gain":0,"player_choice":"Fought Bandits","damage_taken":0,"max_hp_gain":0,"max_hp_loss":0,"event_name":"Masked Bandits","floor":19,"gold_loss":0}],"is_beta":false,"boss_relics":[{"not_picked":["Runic Dome","Busted Crown"],"picked":"Calling Bell"}],"items_purged_floors":[],"is_endless":false,"potions_floor_spawned":[2,3,14,18],"killed_by":"Masked Bandits","ascension_level":13}}