{"host":"ek3xvuouaw6vk9if","time":1609008685,"event":{"mods":["BaseMod","BetterRewards","Downfall","Minty Spire (QoL Compilation)","Permanent Neow","Quick Restart","Replay The Spire","StSLib"],"gold_per_floor":[113,113,113,53,69,108,122,122,122,122,135,135,149,182,182,302,302,318,169,21,37,58,58,89,108,108,121,121,121,135,175,175,296,296,314,314,165,228,101,101,101,101,101,139,10,24,63,83,83,83],"floor_reached":51,"playtime":2457,"items_purged":["Strike_R","Strike_R"],"score":867,"play_id":"1f6a0f7c-b91c-43bf-9f0c-f6544f68d32a","local_time":"20201226135125","is_ascension_mode":true,"campfire_choices":[{"data":"Eclipse","floor":10.0,"key":"SMITH"},{"data":"ReplayTheSpireMod:Strike From Hell","floor":12.0,"key":"SMITH"},{"data":"True Grit","floor":15.0,"key":"SMITH"},{"data":"Double Tap","floor":23.0,"key":"SMITH"},{"floor":29.0,"key":"RECALL"},{"data":"Strike_R","floor":32.0,"key":"PURGE"},{"data":"ReplayTheSpireMod:Strike From Hell","floor":40.0,"key":"SMITH"},{"data":"Magnetism","floor":42.0,"key":"SMITH"},{"data":"Battle Trance","floor":49,"key":"SMITH"}],"circlet_count":0,"master_deck":["Strike_R","Defend_R","Defend_R","Defend_R","Bash","Eclipse+1","Sword Boomerang","ReplayTheSpireMod:Muscle Training","Metallicize+1","ReplayTheSpireMod:Strike From Hell+1","Sword Boomerang","Spot Weakness","Eclipse+1","Feel No Pain","True Grit+1","Double Tap+1","Power Through","Battle Trance","Shrug It Off+1","Limit Break+1","Battle Trance+1","Burning Pact","ReplayTheSpireMod:Strike From Hell+1","Exhume","Pommel Strike+1","Magnetism+1","Pommel Strike+1","Burning Pact"],"relics":["Burning Blood","Golden Idol","ReplayTheSpireMod:Shallot","hexamod:BolsterEngine","Regal Pillow","Mark of Pain","Membership Card","White Beast Statue","Turnip","Strawberry","Calipers","Coffee Dripper","Guide Book","Lantern","Gambling Chip","Oddly Smooth Stone","Pear","Bag of Preparation","Onion Ring","Lizard Tail"],"acts_visited":["Exordium","TheCity","TheBeyond"],"potions_floor_usage":[50,50],"damage_taken":[{"damage":11.0,"enemies":"Jaw Worm","floor":1.0,"turns":2.0},{"damage":1.0,"enemies":"2 Louse","floor":5.0,"turns":2.0},{"damage":31.0,"enemies":"Gremlin Nob","floor":6.0,"turns":6.0},{"damage":6.0,"enemies":"Cultist","floor":7.0,"turns":3.0},{"damage":1.0,"enemies":"3 Louse","floor":11.0,"turns":3.0},{"damage":11.0,"enemies":"Red Slaver","floor":13.0,"turns":2.0},{"damage":13.0,"enemies":"Lagavulin","floor":14.0,"turns":6.0},{"damage":9.0,"enemies":"Hexaghost","floor":16.0,"turns":7.0},{"damage":18.0,"enemies":"2 Thieves","floor":18.0,"turns":4.0},{"damage":8.0,"enemies":"Chosen","floor":21.0,"turns":3.0},{"damage":13.0,"enemies":"Snake Plant","floor":22.0,"turns":3.0},{"damage":2.0,"enemies":"Book of Stabbing","floor":24.0,"turns":4.0},{"damage":0.0,"enemies":"Snecko","floor":25.0,"turns":4.0},{"damage":7.0,"enemies":"Centurion and Healer","floor":27.0,"turns":4.0},{"damage":10.0,"enemies":"Snake Plant","floor":30.0,"turns":3.0},{"damage":7.0,"enemies":"Replay:Snechameleon","floor":31.0,"turns":6.0},{"damage":8.0,"enemies":"Champ","floor":33.0,"turns":9.0},{"damage":13.0,"enemies":"3 Shapes","floor":35.0,"turns":5.0},{"damage":37.0,"enemies":"Mind Bloom Boss Battle","floor":38.0,"turns":9.0},{"damage":5,"enemies":"Reptomancer","floor":44,"turns":5},{"damage":1,"enemies":"3 Darklings","floor":46,"turns":3},{"damage":0,"enemies":"Giant Head","floor":47,"turns":2},{"damage":1,"enemies":"4 Shapes","floor":48,"turns":3},{"damage":36,"enemies":"Donu and Deca","floor":50,"turns":7}],"seed_played":"7837928774647579436","potions_obtained":[{"floor":1.0,"key":"BloodPotion"},{"floor":7.0,"key":"SteroidPotion"},{"floor":8.0,"key":"champ:CounterPotion"},{"floor":16.0,"key":"Strength Potion"},{"floor":24.0,"key":"Slimebound:ThreeZeroPotion"},{"floor":30.0,"key":"hexamod:EctoCoolerPotion"},{"floor":33.0,"key":"Fire Potion"},{"floor":35.0,"key":"LifebloodPotion"},{"floor":38.0,"key":"Ancient Potion"}],"is_trial":false,"path_per_floor":["M","?","?","$","M","E","M","?","T","R","M","R","M","E","R","B",null,"M","$","$","M","M","R","E","M","T","M","?","R","M","E","R","B",null,"M","?","$","?","$","R","?","R","T","E","$","M","E","M","R","B",null],"character_chosen":"IRONCLAD","items_purchased":["Metallicize+1","Battle Trance","Membership Card","Guide Book","Lantern","Oddly Smooth Stone","Onion Ring"],"campfire_rested":0,"item_purchase_floors":[4,19,20,37,37,39,45],"current_hp_per_floor":[67,67,67,67,72,47,47,47,47,47,52,52,47,40,40,37,72,60,60,60,58,51,51,69,72,72,71,78,78,74,73,73,71,79,72,72,72,41,41,41,41,41,51,52,52,57,63,68,68,38],"gold":83,"neow_bonus":"TRANSFORM_TWO_CARDS","is_daily":false,"chose_seed":false,"campfire_upgraded":7,"win_rate":0.0,"timestamp":1609008685,"path_taken":["M","?","?","$","M","E","M","?","T","R","M","R","M","E","R","BOSS","M","?","$","M","M","R","E","M","T","M","?","R","M","E","R","BOSS","M","?","$","?","?","R","?","R","T","E","$","M","E","M","R","BOSS"],"items_purchased_type":["Card","Card","Relic","Relic","Relic","Relic","Relic"],"build_version":"2020-12-22","purchased_purges":2,"victory":true,"max_hp_per_floor":[72,72,72,72,72,72,72,72,72,72,72,72,72,72,72,72,72,72,72,72,72,72,72,72,72,72,72,79,79,79,79,79,79,79,79,79,79,79,79,79,79,79,89,89,89,89,89,89,89,89],"card_choices":[{"not_picked":["Heavy Blade","Life Link"],"picked":"ReplayTheSpireMod:Muscle Training","floor":1.0},{"not_picked":["True Grit","Spot Weakness"],"picked":"ReplayTheSpireMod:Strike From Hell","floor":5.0},{"not_picked":["ReplayTheSpireMod:Limb From Limb","Warcry"],"picked":"Sword Boomerang","floor":6.0},{"not_picked":["Sever Soul","Headbutt"],"picked":"Spot Weakness","floor":7.0},{"not_picked":["Pummel","Flex"],"picked":"Eclipse","floor":11.0},{"not_picked":["ReplayTheSpireMod:Corrosion Curse","Headbutt"],"picked":"Feel No Pain","floor":13.0},{"not_picked":["Heavy Blade","Rampage"],"picked":"True Grit","floor":14.0},{"not_picked":["Corruption","Feed"],"picked":"Double Tap","floor":16.0},{"not_picked":["Twin Strike","Sword Boomerang"],"picked":"Power Through","floor":18.0},{"not_picked":["Clothesline+1","Warcry"],"picked":"Shrug It Off+1","floor":21.0},{"not_picked":["Wild Strike","Armaments","Second Wind"],"picked":"SKIP","floor":22.0},{"not_picked":["ReplayReversal","Armaments"],"picked":"Limit Break","floor":24.0},{"not_picked":["Rampage+1","Thunderclap+1"],"picked":"Battle Trance","floor":25.0},{"not_picked":["Sword Boomerang+1","Pommel Strike+1"],"picked":"Burning Pact","floor":27.0},{"not_picked":["Feel No Pain+1","Ghostly Armor"],"picked":"ReplayTheSpireMod:Strike From Hell","floor":30.0},{"not_picked":["Massacre","Wild Strike","Perfected Strike"],"picked":"SKIP","floor":31.0},{"not_picked":["Fiend Fire","Feed"],"picked":"Exhume","floor":33.0},{"not_picked":["Havoc","Wild Strike","Rampage"],"picked":"SKIP","floor":35.0},{"not_picked":["Dropkick","Clash"],"picked":"Pommel Strike+1","floor":38.0},{"not_picked":["expansioncontent:PrepareCrush","expansioncontent:Hexaburn"],"picked":"Magnetism","floor":41.0},{"not_picked":["Infernal Blade+1","Searing Blow"],"picked":"Pommel Strike+1","floor":44},{"not_picked":["Clash+1","Body Slam+1"],"picked":"Burning Pact","floor":46},{"not_picked":["Dropkick","Twin Strike","Body Slam"],"picked":"SKIP","floor":47},{"not_picked":["Evolve+1","Heavy Blade+1","Havoc"],"picked":"SKIP","floor":48}],"player_experience":704271,"relics_obtained":[{"floor":6.0,"key":"ReplayTheSpireMod:Shallot"},{"floor":9.0,"key":"hexamod:BolsterEngine"},{"floor":14.0,"key":"Regal Pillow"},{"floor":24.0,"key":"White Beast Statue"},{"floor":26.0,"key":"Turnip"},{"floor":31.0,"key":"Calipers"},{"floor":38.0,"key":"Gambling Chip"},{"floor":43.0,"key":"Pear"},{"floor":44,"key":"Bag of Preparation"},{"floor":47,"key":"Lizard Tail"}],"event_choices":[{"damage_healed":0.0,"max_hp_gain":0.0,"max_hp_loss":0.0,"gold_gain":0.0,"event_name":"Golden Idol","player_choice":"Take Wound","floor":2.0,"gold_loss":0.0,"damage_taken":0.0,"relics_obtained":["Golden Idol"],"cards_obtained":["Injury"]},{"cards_removed":["Injury"],"damage_healed":0.0,"max_hp_gain":0.0,"max_hp_loss":0.0,"gold_gain":0.0,"event_name":"Living Wall","player_choice":"Forget","floor":3.0,"gold_loss":0.0,"damage_taken":0.0},{"damage_healed":0.0,"max_hp_gain":0.0,"max_hp_loss":0.0,"gold_gain":0.0,"event_name":"Lab","player_choice":"Got Potions","floor":8.0,"gold_loss":0.0,"damage_taken":0.0},{"damage_healed":0.0,"max_hp_gain":0.0,"max_hp_loss":0.0,"gold_gain":0.0,"event_name":"WeMeetAgain","player_choice":"Gave Potion","floor":28.0,"gold_loss":0.0,"damage_taken":0.0,"relics_obtained":["Strawberry"]},{"damage_healed":0.0,"max_hp_gain":0.0,"max_hp_loss":0.0,"gold_gain":0.0,"event_name":"Tomb of Lord Red Mask","player_choice":"Ignored","floor":36.0,"gold_loss":0.0,"damage_taken":0.0},{"damage_healed":0.0,"max_hp_gain":0.0,"max_hp_loss":0.0,"gold_gain":0.0,"event_name":"MindBloom","player_choice":"Fight","floor":38.0,"gold_loss":0.0,"damage_taken":0.0},{"damage_healed":0.0,"max_hp_gain":0.0,"max_hp_loss":0.0,"gold_gain":0.0,"event_name":"SensoryStone","player_choice":"Memory 1","floor":41.0,"gold_loss":0.0,"damage_taken":0.0}],"is_beta":false,"boss_relics":[{"not_picked":["Ectoplasm","Abe\u0027s Treasure"],"picked":"Mark of Pain"},{"not_picked":["Black Star","Runic Dome"],"picked":"Coffee Dripper"}],"items_purged_floors":[19,39],"is_endless":false,"potions_floor_spawned":[1,7,13,16,22,24,25,27,30,31,33,35,38,44,46,47,48],"ascension_level":1}}