{"host":"q6rs3in4l29iepap","time":1609004147,"event":{"mods":["Aspiration","BaseMod","BetterRewards","Colored Map","Downfall","Friendly Minions","Hermit","Hubris","Infinite Spire","Jorbs\u0027s Wanderer Trilogy","Minty Spire (QoL Compilation)","Replay The Spire","Shade Mod","StSLib","The Bug Knight","The Construct","The Cursed","The Disciple","The Hierophant","The Mystic","The Runesmith"],"gold_per_floor":[110,31,46,60,265,265,265],"floor_reached":6,"playtime":329,"items_purged":[],"score":36,"play_id":"83b49479-ae96-4039-b0bc-a7af0159871b","local_time":"20201226093547","is_ascension_mode":false,"campfire_choices":[],"circlet_count":0,"master_deck":["mysticmod:Strike_Mystic","mysticmod:Strike_Mystic","mysticmod:Strike_Mystic","mysticmod:Strike_Mystic","mysticmod:Defend_Mystic","mysticmod:Defend_Mystic","mysticmod:Defend_Mystic","mysticmod:ArcaneDodge","mysticmod:ShockingGrasp","mysticmod:LightningBolt","mysticmod:HunkerDown","mysticmod:Flurry","mysticmod:Sideswipe","mysticmod:SuddenClarity","mysticmod:LightningBolt"],"relics":["mysticmod:SpellBook"],"acts_visited":["Exordium"],"potions_floor_usage":[],"damage_taken":[{"damage":1,"enemies":"Cultist","floor":1,"turns":3},{"damage":0,"enemies":"2 Louse","floor":3,"turns":2},{"damage":0,"enemies":"Small Slimes","floor":4,"turns":1},{"damage":69,"enemies":"Gremlin Nob","floor":6,"turns":5}],"seed_played":"8263337404406345397","potions_obtained":[{"floor":1,"key":"Venom Potion"},{"floor":4,"key":"Elixir"}],"is_trial":false,"path_per_floor":["M","$","M","M","?","E"],"character_chosen":"MYSTIC_CLASS","items_purchased":["mysticmod:Flurry"],"campfire_rested":0,"item_purchase_floors":[2],"current_hp_per_floor":[76,76,76,76,46,0,0],"gold":265,"neow_bonus":"","is_daily":false,"chose_seed":false,"campfire_upgraded":0,"win_rate":0.0,"timestamp":1609004147,"path_taken":["M","?","?","M","?","E"],"items_purchased_type":["Card"],"build_version":"2020-12-13","purchased_purges":0,"victory":false,"max_hp_per_floor":[77,77,77,77,77,77,77],"card_choices":[{"not_picked":["mysticmod:ComponentsPouch","mysticmod:Snowball"],"picked":"mysticmod:HunkerDown","floor":1},{"not_picked":["mysticmod:SummonFamiliar","mysticmod:BulkUp"],"picked":"mysticmod:Sideswipe","floor":3},{"not_picked":["mysticmod:SpellRecall","mysticmod:ArcaneAccuracy"],"picked":"mysticmod:SuddenClarity","floor":4},{"not_picked":["mysticmod:CorrosiveTouch","mysticmod:FloatingDisk"],"picked":"mysticmod:LightningBolt","floor":5}],"player_experience":148202,"relics_obtained":[],"event_choices":[],"is_beta":false,"boss_relics":[],"items_purged_floors":[],"is_endless":false,"potions_floor_spawned":[1,4],"killed_by":"Gremlin Nob","ascension_level":0}}