{"host":"h7xtspmc2x3i8s2i","time":1609019613,"event":{"mods":["2.2 Compatiblity","AchievementEnabler","Act Like it!","AlwaysNeverKeys","Aspiration","Astrologer","BaseMod","Beaked The Cultist","Bestiary","Better Altar","Better Match","Better Note","Better Sensory Stone","Better Skull","Better Third Choice","Better Vampires","Better-Laid Plans","BetterRewards","Challenge The Spire","Colored Map","Colored Powertips","Colorless Booster Pack","Curses Come First","Defuse TimeMaze Blight","Dio Mod","Disable Question Mark Monsters","Downfall","Duelist Mod","EXCEPTION","Emptier Cage","Energized Spire","Friendly Minions","GifTheSpireLib","Gold Saver","Gremlin Skip","Halation","Hubris","Ironclad Rager","Jedi Mod","Key Reminder","Marked Mod","Minty Spire (QoL Compilation)","Permanent Neow","Potion Indicator Mod","Quick Restart","Random Character Button","Random Character Mod","Rare Cards Sparkle","Relic Filter","Relic Stats","Replay The Spire","SacredBarkPlus","Shop Mod","Somnambulant","Spicy Shops","Spikes Relics","Spire Birthday Party","StSLib","Steal the Spire","Stuff the Spire","SuperFastMode","The Awakened One except there are too many feathers","The Blue Laboratory","The Cursed","The Death Knight","The Dragon Tamer","The Edgeheg","The Hierophant","The Problem Sleuth","The Runesmith","The Wild Card","TheVelvet","Transform Curses","Uncapped","Unceasing Turn Reminder","Virulent Crown","everything is the same but u backflip on backflip","slay the spire mod where everything is the same but ironclad has a cowboy hat","vexMod"],"gold_per_floor":[1197,1212,1212,21,21,21,161,161,184,324,348,348,513,537,537,666,666,681,702,702,642,38,38,168,128,128,143,159,4,4,103,103,103,103],"floor_reached":33,"playtime":1123,"items_purged":["Strike_G"],"score":356,"play_id":"57912983-706c-4453-bc96-1495f638ccc9","local_time":"20201226165333","is_ascension_mode":false,"campfire_choices":[{"floor":6,"key":"RECALL"},{"floor":8,"key":"REST"},{"data":"Poisoned Stab","floor":15,"key":"SMITH"},{"data":"A Thousand Cuts","floor":23,"key":"SMITH"},{"floor":30,"key":"REST"},{"floor":32,"key":"REST"}],"circlet_count":0,"master_deck":["Strike_G","Strike_G","Strike_G+1","Strike_G+1","Defend_G","Defend_G+1","Defend_G+1","Defend_G","Defend_G","Survivor","Neutralize+1","Noxious Fumes+1","Poisoned Stab+1","Poisoned Stab+1","jedi:unstablefumes+1","Expertise","A Thousand Cuts+1","jedi:pocketpoison","Draining Mist","Poisoned Stab","Deadly Poison","expansioncontent:DashGenerateEvil","Bouncing Flask","jedi:unstablefumes"],"relics":["Ring of the Snake","Golden Idol","StuffTheSpire:WitherSkull","Ginger","Ancient Tea Set","StuffTheSpire:TintedRock","StuffTheSpire:Saxophone","hubris:Towel","Simple Rune","jedi:rubbersling","MerchantsRug","ReplayTheSpireMod:Shallot","Guardian:PocketSentry","PreservedInsect"],"acts_visited":["Exordium","TheCity"],"potions_floor_usage":[7,16,16,16,19,33],"damage_taken":[{"damage":0,"enemies":"2 Louse","floor":1,"turns":3},{"damage":12,"enemies":"Jaw Worm","floor":2,"turns":8},{"damage":15,"enemies":"Gremlin Nob","floor":7,"turns":5},{"damage":2,"enemies":"Lagavulin","floor":10,"turns":5},{"damage":0,"enemies":"Cultist","floor":11,"turns":3},{"damage":4,"enemies":"Replay:BlueRogue","floor":13,"turns":5},{"damage":0,"enemies":"3 Louse","floor":14,"turns":4},{"damage":0,"enemies":"Fading Forest","floor":16,"turns":11},{"damage":0,"enemies":"3 Byrds","floor":18,"turns":3},{"damage":3,"enemies":"Shell Parasite","floor":19,"turns":6},{"damage":54,"enemies":"Gremlin Leader","floor":24,"turns":8},{"damage":0,"enemies":"Snake Plant","floor":27,"turns":4},{"damage":6,"enemies":"Snecko","floor":28,"turns":4},{"damage":42,"enemies":"Automaton","floor":33,"turns":6}],"seed_played":"-1109206464819979027","potions_obtained":[{"floor":2,"key":"blueLaboratory:BlinkPotion"},{"floor":11,"key":"Strength Potion"},{"floor":13,"key":"blueLaboratory:Virophage"},{"floor":14,"key":"ColorlessPotion"},{"floor":18,"key":"Energy Potion"},{"floor":28,"key":"Toxic Potion"}],"is_trial":false,"path_per_floor":["M","M","?","$","?","R","E","R","T","E","M","?","E","M","R","B",null,"M","M","?","?","$","R","E","?","T","M","M","$","R","?","R","B"],"character_chosen":"THE_SILENT","items_purchased":["StuffTheSpire:WitherSkull","Ginger","vexMod:PaidLearning","Ancient Tea Set","StuffTheSpire:TintedRock","StuffTheSpire:Saxophone","Poisoned Stab","MerchantsRug","Poisoned Stab","Deadly Poison","ReplayTheSpireMod:Shallot","expansioncontent:DashGenerateEvil","PreservedInsect"],"campfire_rested":3,"item_purchase_floors":[4,4,4,4,4,4,4,22,22,22,22,22,29],"current_hp_per_floor":[70,58,58,58,58,58,43,62,62,60,60,60,56,56,56,56,65,65,62,62,62,62,62,8,8,8,8,2,2,21,21,40,0,0],"gold":103,"neow_bonus":"THREE_CARDS","is_daily":false,"chose_seed":false,"campfire_upgraded":2,"win_rate":0.0,"timestamp":1609019613,"path_taken":["M","M","?","?","?","R","E","R","T","E","M","?","E","M","R","BOSS","M","M","?","?","$","R","E","?","T","M","?","$","R","?","R","BOSS"],"items_purchased_type":["Relic","Relic","Relic","Relic","Relic","Relic","Card","Relic","Card","Card","Relic","Card","Relic"],"build_version":"2020-12-22","purchased_purges":1,"victory":false,"max_hp_per_floor":[70,70,65,65,65,65,65,65,65,65,65,65,65,65,65,65,65,65,65,65,65,65,65,65,65,65,65,65,65,65,65,65,65,65],"relic_stats":{"counters":[14,75],"Golden Idol":193,"PreservedInsect":0,"Ginger":[10],"obtain_stats":[{"StuffTheSpire:TintedRock":4,"MerchantsRug":22,"StuffTheSpire:WitherSkull":4,"Golden Idol":3,"StuffTheSpire:Saxophone":4,"PreservedInsect":29,"vexMod:PaidLearning":4,"Guardian:PocketSentry":24,"Ginger":4,"Whetstone":9,"hubris:Towel":5,"Ancient Tea Set":4,"keyreminder:keyreminder":6,"Replay:Baseball":7,"ReplayTheSpireMod:Shallot":22,"jedi:rubbersling":13,"Simple Rune":10,"Ring of the Snake":0},{"StuffTheSpire:TintedRock":2,"MerchantsRug":10,"StuffTheSpire:WitherSkull":2,"Golden Idol":2,"StuffTheSpire:Saxophone":2,"PreservedInsect":13,"vexMod:PaidLearning":2,"Guardian:PocketSentry":11,"Ginger":2,"Whetstone":3,"hubris:Towel":2,"Ancient Tea Set":2,"keyreminder:keyreminder":2,"Replay:Baseball":3,"ReplayTheSpireMod:Shallot":10,"jedi:rubbersling":6,"Simple Rune":4,"Ring of the Snake":0},{"StuffTheSpire:TintedRock":11,"MerchantsRug":53,"StuffTheSpire:WitherSkull":11,"Golden Idol":11,"StuffTheSpire:Saxophone":11,"PreservedInsect":69,"vexMod:PaidLearning":11,"Guardian:PocketSentry":61,"Ginger":11,"Whetstone":16,"hubris:Towel":11,"Ancient Tea Set":11,"keyreminder:keyreminder":11,"Replay:Baseball":16,"ReplayTheSpireMod:Shallot":53,"jedi:rubbersling":29,"Simple Rune":21,"Ring of the Snake":0}],"Ring of the Snake":[28]},"card_choices":[{"not_picked":["Hidden Blade","StuffTheSpire:BumpUp"],"picked":"Noxious Fumes","floor":0},{"not_picked":["Cloak And Dagger","hubris:SlightOfHand","Acrobatics"],"picked":"SKIP","floor":1},{"not_picked":["StuffTheSpire:BumpUp","Cloak And Dagger","Blade Dance"],"picked":"SKIP","floor":2},{"not_picked":["Leg Sweep","Finisher"],"picked":"Poisoned Stab","floor":7},{"not_picked":["hubris:Sniper","Dodge and Roll"],"picked":"jedi:unstablefumes","floor":10},{"not_picked":["Sneak Up","StuffTheSpire:BumpUp","Backflip"],"picked":"SKIP","floor":11},{"not_picked":["Dagger Throw","Cloak And Dagger","StuffTheSpire:ClusterCrunch"],"picked":"SKIP","floor":13},{"not_picked":["Prepared","Dodge and Roll"],"picked":"Expertise","floor":14},{"not_picked":["Burst","Wraith Form v2"],"picked":"A Thousand Cuts","floor":16},{"not_picked":["PiercingWail","Grand Finale"],"picked":"jedi:pocketpoison","floor":18},{"not_picked":["Dash","ReplayTheSpireMod:Speed Training"],"picked":"Draining Mist","floor":19},{"not_picked":["Backflip","StuffTheSpire:Fury+1"],"picked":"Bouncing Flask","floor":24},{"not_picked":["Concentrate+1","Slice","StuffTheSpire:Incantation"],"picked":"SKIP","floor":27},{"not_picked":["Dagger Spray","StuffTheSpire:ClusterCrunch"],"picked":"jedi:unstablefumes","floor":28}],"player_experience":589299,"relics_obtained":[{"floor":7,"key":"Replay:Baseball"},{"floor":9,"key":"Whetstone"},{"floor":10,"key":"Simple Rune"},{"floor":13,"key":"jedi:rubbersling"},{"floor":24,"key":"Guardian:PocketSentry"}],"event_choices":[{"damage_healed":0,"gold_gain":0,"player_choice":"Lose Max HP","damage_taken":0,"relics_obtained":["Golden Idol"],"max_hp_gain":0,"max_hp_loss":5,"event_name":"Golden Idol","floor":3,"gold_loss":0},{"cards_removed":["Noxious Fumes"],"damage_healed":0,"gold_gain":0,"player_choice":"Give","damage_taken":0,"max_hp_gain":0,"max_hp_loss":0,"event_name":"betterNote:BetterNote","floor":12,"gold_loss":0,"cards_obtained":["Iron Wave"]},{"damage_healed":0,"gold_gain":0,"player_choice":"Upgraded Two","damage_taken":0,"max_hp_gain":0,"max_hp_loss":0,"event_name":"Designer","floor":25,"gold_loss":40,"cards_upgraded":["Poisoned Stab","jedi:unstablefumes"]},{"damage_healed":0,"gold_gain":99,"player_choice":"Steal","damage_taken":0,"max_hp_gain":0,"max_hp_loss":0,"event_name":"betterThird:BetterNest","floor":31,"gold_loss":0}],"is_beta":false,"boss_relics":[{"not_picked":["halation:Yufonium","Replay:Drink Me","halation:PinkAlligatorPlush"]}],"items_purged_floors":[4],"is_endless":false,"potions_floor_spawned":[2,11,13,14,18,28],"killed_by":"Automaton","ascension_level":0}}