{"host":"2e3z4r48quhw80cc","time":1609011121,"event":{"mods":["BaseMod","Minty Spire (QoL Compilation)","Quick Restart","StSLib","SuperFastMode"],"gold_per_floor":[117,130,130,140,140,165,195,227,227,262,294,323,323,353,353,425,425,437,352,14,27,52,79,114,139,209,240,265,309,355,56,56,127,127,143,143,166,179,214,241,267,293,371,162,191,83,163,181,181,181],"floor_reached":51,"playtime":2276,"items_purged":["Pain","Cold Snap"],"score":2931,"play_id":"c4bd5756-bf54-49e6-b31c-49ff063b42ce","local_time":"20201227043201","daily_mods":["SealedDeck","Vintage","Heirloom","Time Dilation","Flight","DeadlyEvents","Elite Swarm"],"is_ascension_mode":true,"campfire_choices":[{"data":"Self Repair","floor":15.0,"key":"SMITH"},{"data":"Amplify","floor":32.0,"key":"SMITH"},{"data":"Barrage","floor":49.0,"key":"SMITH"}],"circlet_count":0,"master_deck":["AscendersBane","Barrage+1","Undo+1","Conserve Battery","Ball Lightning","Self Repair+1","Ball Lightning","Defragment+1","White Noise+1","Amplify+1","Creative AI+1","Reboot+1","Electrodynamics+1","Buffer+1","Seek+1","Echo Form+1","Core Surge","Rainbow+1","Machine Learning+1","Seek+1","Fission+1","Buffer+1","Thunder Strike","Force Field+1","Core Surge","Fission+1","Biased Cognition+1","Apotheosis+1","Storm+1","Chaos+1"],"relics":["Cracked Core","Incense Burner","Ice Cream","Vajra","Girya","WarpedTongs","Frozen Egg 2","Blood Vial","HornCleat","Toxic Egg 2","Ornamental Fan","FossilizedHelix","Symbiotic Virus","SlaversCollar","Bronze Scales","Tiny Chest","Question Card","InkBottle","Gambling Chip","Pen Nib","Unceasing Top","Torii","Shuriken","StrikeDummy","MawBank","Toy Ornithopter","Singing Bowl","Omamori","Inserter","MealTicket","Dream Catcher","War Paint","Cables","CaptainsWheel","Pantograph","Emotion Chip","Mercury Hourglass","CeramicFish","Bottled Lightning","Bird Faced Urn"],"acts_visited":["Exordium","TheCity","TheBeyond"],"potions_floor_usage":[50,50,50],"damage_taken":[{"damage":0.0,"enemies":"Jaw Worm","floor":1.0,"turns":2.0},{"damage":0.0,"enemies":"Cultist","floor":2.0,"turns":3.0},{"damage":0.0,"enemies":"2 Louse","floor":4.0,"turns":2.0},{"damage":5.0,"enemies":"Lagavulin","floor":6.0,"turns":4.0},{"damage":7.0,"enemies":"Gremlin Nob","floor":7.0,"turns":3.0},{"damage":26.0,"enemies":"3 Sentries","floor":8.0,"turns":7.0},{"damage":24.0,"enemies":"Lagavulin","floor":10.0,"turns":6.0},{"damage":23.0,"enemies":"3 Sentries","floor":11.0,"turns":5.0},{"damage":1.0,"enemies":"Gremlin Nob","floor":12.0,"turns":4.0},{"damage":0.0,"enemies":"Lagavulin","floor":14.0,"turns":7.0},{"damage":0.0,"enemies":"Slime Boss","floor":16.0,"turns":7.0},{"damage":12.0,"enemies":"Spheric Guardian","floor":18.0,"turns":6.0},{"damage":0.0,"enemies":"Chosen","floor":21.0,"turns":3.0},{"damage":0.0,"enemies":"Gremlin Leader","floor":22.0,"turns":6.0},{"damage":0.0,"enemies":"Slavers","floor":23.0,"turns":5.0},{"damage":0.0,"enemies":"Book of Stabbing","floor":24.0,"turns":5.0},{"damage":12.0,"enemies":"Gremlin Leader","floor":25.0,"turns":6.0},{"damage":0.0,"enemies":"Book of Stabbing","floor":27.0,"turns":4.0},{"damage":58.0,"enemies":"Slavers","floor":28.0,"turns":6.0},{"damage":22.0,"enemies":"Gremlin Leader","floor":29.0,"turns":6.0},{"damage":7.0,"enemies":"Book of Stabbing","floor":30.0,"turns":6.0},{"damage":0.0,"enemies":"Collector","floor":33.0,"turns":4.0},{"damage":0.0,"enemies":"Orb Walker","floor":35.0,"turns":4.0},{"damage":0.0,"enemies":"3 Shapes","floor":38.0,"turns":2.0},{"damage":0.0,"enemies":"Reptomancer","floor":39.0,"turns":4.0},{"damage":0.0,"enemies":"Giant Head","floor":40.0,"turns":5.0},{"damage":0.0,"enemies":"Reptomancer","floor":41.0,"turns":4.0},{"damage":0.0,"enemies":"Giant Head","floor":42.0,"turns":6.0},{"damage":0.0,"enemies":"Reptomancer","floor":45.0,"turns":5.0},{"damage":0.0,"enemies":"Writhing Mass","floor":48.0,"turns":4.0},{"damage":0,"enemies":"Awakened One","floor":50,"turns":5}],"seed_played":"9062196436996600557","potions_obtained":[{"floor":2.0,"key":"FocusPotion"},{"floor":7.0,"key":"EntropicBrew"}],"is_trial":true,"path_per_floor":["M","M","?","M","?","E","E","E","T","E","E","E","?","E","R","B",null,"M","?","$","M","E","E","E","E","T","E","E","E","E","$","R","B",null,"M","?","T","M","E","E","E","E","T","$","E","$","T","M","R","B",null],"character_chosen":"DEFECT","items_purchased":["Question Card","Force Field+1","Omamori","Apotheosis+1","Storm+1","Chaos+1"],"campfire_rested":0,"item_purchase_floors":[20,31,31,44,46,46],"current_hp_per_floor":[71,71,71,71,71,71,71,52,52,44,37,48,53,62,62,74,76,76,76,76,76,76,76,76,76,76,76,38,38,53,53,53,65,73,76,76,76,76,76,76,78,80,80,80,82,82,82,82,82,82],"gold":181,"neow_bonus":"","is_daily":false,"chose_seed":false,"campfire_upgraded":3,"win_rate":0.0,"timestamp":1609011121,"path_taken":["M","M","?","?","?","E","E","E","T","E","E","?","?","E","R","BOSS","M","?","$","?","?","E","E","E","T","E","E","E","E","$","R","BOSS","M","?","?","?","?","E","E","E","T","$","?","$","?","?","R","BOSS"],"items_purchased_type":["Relic","Card","Relic","Card","Card","Card"],"build_version":"2020-12-22","purchased_purges":2,"victory":true,"max_hp_per_floor":[71,71,71,71,71,71,71,71,71,71,71,71,76,76,76,76,76,76,76,76,76,76,76,76,76,76,76,76,76,76,76,76,76,76,76,76,76,76,76,76,78,80,80,80,82,82,82,82,82,82],"card_choices":[{"not_picked":["Hyperbeam","All For One"],"picked":"Amplify","floor":6.0},{"not_picked":["Hyperbeam","Thunder Strike","Reboot"],"picked":"SKIP","floor":7.0},{"not_picked":["Fission","All For One"],"picked":"Creative AI+1","floor":8.0},{"not_picked":["Creative AI+1","Hyperbeam"],"picked":"Reboot+1","floor":10.0},{"not_picked":["Meteor Strike","Multi-Cast+1"],"picked":"Electrodynamics+1","floor":11.0},{"not_picked":["Meteor Strike","Amplify+1"],"picked":"Buffer+1","floor":12.0},{"not_picked":["Thunder Strike","Electrodynamics+1"],"picked":"Seek+1","floor":14.0},{"not_picked":["Buffer+1","Amplify+1","Creative AI+1"],"picked":"Echo Form+1","floor":22.0},{"not_picked":["Reboot+1","Echo Form+1","All For One"],"picked":"Core Surge","floor":23.0},{"not_picked":["Biased Cognition+1","Machine Learning+1","Amplify+1"],"picked":"Rainbow+1","floor":24.0},{"not_picked":["All For One","Creative AI+1","Reboot+1"],"picked":"Machine Learning+1","floor":25.0},{"not_picked":["Electrodynamics+1","Thunder Strike","Creative AI+1"],"picked":"Seek+1","floor":27.0},{"not_picked":["Seek+1","Rainbow+1","Hyperbeam"],"picked":"Fission+1","floor":28.0},{"not_picked":["Amplify+1","Echo Form+1","Electrodynamics+1"],"picked":"Buffer+1","floor":29.0},{"not_picked":["All For One","Meteor Strike","Multi-Cast+1"],"picked":"Thunder Strike","floor":30.0},{"not_picked":["Multi-Cast+1","Reboot+1","Seek+1"],"picked":"Core Surge","floor":33.0},{"not_picked":["Thunder Strike","Amplify+1","Electrodynamics+1"],"picked":"Fission+1","floor":39.0},{"not_picked":["Amplify+1","Seek+1","Thunder Strike"],"picked":"Biased Cognition+1","floor":40.0},{"not_picked":["Machine Learning+1","Electrodynamics+1","Fission+1","Thunder Strike"],"picked":"Singing Bowl","floor":41.0},{"not_picked":["Seek+1","Creative AI+1","Electrodynamics+1","Biased Cognition+1"],"picked":"Singing Bowl","floor":42.0},{"not_picked":["Amplify+1","Seek+1","Thunder Strike","Rainbow+1"],"picked":"Singing Bowl","floor":45.0}],"player_experience":39232,"relics_obtained":[{"floor":1.0,"key":"Ice Cream"},{"floor":2.0,"key":"Vajra"},{"floor":4.0,"key":"Girya"},{"floor":6.0,"key":"Frozen Egg 2"},{"floor":7.0,"key":"Blood Vial"},{"floor":8.0,"key":"HornCleat"},{"floor":9.0,"key":"Toxic Egg 2"},{"floor":10.0,"key":"Ornamental Fan"},{"floor":11.0,"key":"FossilizedHelix"},{"floor":14.0,"key":"Symbiotic Virus"},{"floor":18.0,"key":"Bronze Scales"},{"floor":21.0,"key":"InkBottle"},{"floor":22.0,"key":"Gambling Chip"},{"floor":23.0,"key":"Pen Nib"},{"floor":24.0,"key":"Unceasing Top"},{"floor":25.0,"key":"Torii"},{"floor":26.0,"key":"Shuriken"},{"floor":27.0,"key":"StrikeDummy"},{"floor":28.0,"key":"MawBank"},{"floor":29.0,"key":"Toy Ornithopter"},{"floor":30.0,"key":"Singing Bowl"},{"floor":35.0,"key":"MealTicket"},{"floor":37.0,"key":"Dream Catcher"},{"floor":38.0,"key":"War Paint"},{"floor":39.0,"key":"Cables"},{"floor":40.0,"key":"CaptainsWheel"},{"floor":41.0,"key":"Pantograph"},{"floor":42.0,"key":"Emotion Chip"},{"floor":43.0,"key":"Mercury Hourglass"},{"floor":45.0,"key":"CeramicFish"},{"floor":47.0,"key":"Bottled Lightning"},{"floor":48.0,"key":"Bird Faced Urn"}],"event_choices":[{"damage_healed":0.0,"max_hp_gain":0.0,"max_hp_loss":0.0,"gold_gain":0.0,"event_name":"Upgrade Shrine","player_choice":"Upgraded","floor":3.0,"gold_loss":0.0,"damage_taken":0.0,"cards_upgraded":["Defragment"]},{"damage_healed":0.0,"max_hp_gain":0.0,"max_hp_loss":0.0,"gold_gain":0.0,"event_name":"Accursed Blacksmith","player_choice":"Rummage","floor":5.0,"gold_loss":0.0,"damage_taken":0.0,"relics_obtained":["WarpedTongs"],"cards_obtained":["Pain"]},{"damage_healed":0.0,"max_hp_gain":5.0,"max_hp_loss":0.0,"gold_gain":0.0,"event_name":"Big Fish","player_choice":"Donut","floor":13.0,"gold_loss":0.0,"damage_taken":0.0},{"damage_healed":0.0,"max_hp_gain":0.0,"max_hp_loss":0.0,"gold_gain":0.0,"event_name":"Addict","player_choice":"Obtained Relic","floor":19.0,"gold_loss":85.0,"damage_taken":0.0,"relics_obtained":["Tiny Chest"]},{"cards_removed":["Leap"],"damage_healed":0.0,"max_hp_gain":0.0,"max_hp_loss":0.0,"gold_gain":0.0,"event_name":"Purifier","player_choice":"Purged","floor":36.0,"gold_loss":0.0,"damage_taken":0.0}],"is_beta":false,"boss_relics":[{"not_picked":["Cursed Key","FrozenCore"],"picked":"SlaversCollar"},{"not_picked":["Empty Cage","Runic Pyramid"],"picked":"Inserter"}],"items_purged_floors":[20,31],"is_endless":false,"potions_floor_spawned":[2,7,11,12,22,23,25,28,29,33,35,38],"ascension_level":19}}