{"host":"6z6y4ky8uzsz1dpj","time":1609001941,"event":{"mods":["AchievementEnabler","BaseMod","BetterRewards","Challenge The Spire","Colored Map","Hubris","Minty Spire (QoL Compilation)","Quick Restart","Replay The Spire","StSLib"],"gold_per_floor":[118,137,153,68,68,94,94,122,145,171,181,181,241,274,274,375,375,330,15,15,15,15,15,15,15,15,15,15,15,15,15,15,15,15,15,15,15,15,15,15,15,15,15,15,15,15,15,15,15],"floor_reached":48,"playtime":2030,"items_purged":[],"score":787,"play_id":"ceed949f-c2c5-4b62-b33f-0743cbd6cb6c","local_time":"20201226115901","is_ascension_mode":true,"campfire_choices":[{"data":"Inflame","floor":7.0,"key":"SMITH"},{"data":"Sword Boomerang","floor":12.0,"key":"SMITH"},{"data":"ReplayTheSpireMod:Muscle Training","floor":15.0,"key":"SMITH"},{"data":"Limit Break","floor":24.0,"key":"SMITH"},{"data":"Inflame","floor":29.0,"key":"SMITH"},{"data":"Bash","floor":32.0,"key":"SMITH"}],"circlet_count":0,"master_deck":["Strike_R","Strike_R","Strike_R","Strike_R","Strike_R","Defend_R","Defend_R","Defend_R","Defend_R","Bash+1","Bloodletting","Cleave","Iron Wave","Inflame+1","Clothesline","hubris:CleavingFinish","Heavy Blade","Sword Boomerang+1","Burning Pact","ReplayTheSpireMod:Muscle Training+1","Blood for Blood","Limit Break+1","Iron Wave","Inflame+1","Cleave+1","Pot Of Greed","Pot Of Greed","Pot Of Greed","Sword Boomerang+1","Intimidate","Pommel Strike","Double Tap","Carnage","Sword Boomerang","Twin Strike+1","Flex+1","Clothesline+1","Reaper","Iron Wave+1","Pot Of Greed","hubris:Compulsion","Rupture+1","Whirlwind"],"relics":["Burning Blood","SsserpentHead","Garlic","hubris:SlimyHat","Orichalcum","Paper Frog","ReplayTheSpireMod:Shallot","Ectoplasm","hubris:IronBody","hubris:Metronome","Grinning Jar","Pantograph","Cursed Key","ReplayTheSpireMod:Ninjato","Calipers","Replay:Bottled Steam","Oddly Smooth Stone","hubris:CrystalStatue"],"acts_visited":["Exordium","TheCity","TheBeyond"],"potions_floor_usage":[48],"damage_taken":[{"damage":5.0,"enemies":"2 Louse","floor":1.0,"turns":3.0},{"damage":1.0,"enemies":"Cultist","floor":2.0,"turns":3.0},{"damage":5.0,"enemies":"Jaw Worm","floor":3.0,"turns":2.0},{"damage":33.0,"enemies":"3 Sentries","floor":6.0,"turns":7.0},{"damage":14.0,"enemies":"Gremlin Nob","floor":8.0,"turns":4.0},{"damage":27.0,"enemies":"Lagavulin","floor":10.0,"turns":6.0},{"damage":5.0,"enemies":"Looter","floor":11.0,"turns":3.0},{"damage":10.0,"enemies":"Gremlin Gang","floor":13.0,"turns":3.0},{"damage":15.0,"enemies":"3 Sentries","floor":14.0,"turns":5.0},{"damage":11.0,"enemies":"Slime Boss","floor":16.0,"turns":8.0},{"damage":3.0,"enemies":"2 Thieves","floor":18.0,"turns":3.0},{"damage":2.0,"enemies":"Chosen","floor":21.0,"turns":5.0},{"damage":26.0,"enemies":"Gremlin Leader","floor":23.0,"turns":5.0},{"damage":11.0,"enemies":"Slavers","floor":25.0,"turns":4.0},{"damage":4.0,"enemies":"Snecko","floor":27.0,"turns":3.0},{"damage":0.0,"enemies":"Snake Plant","floor":28.0,"turns":2.0},{"damage":7.0,"enemies":"Book of Stabbing","floor":30.0,"turns":4.0},{"damage":1.0,"enemies":"3 Cultists","floor":31.0,"turns":3.0},{"damage":9.0,"enemies":"Champ","floor":33.0,"turns":5.0},{"damage":0.0,"enemies":"Orb Walker","floor":35.0,"turns":2.0},{"damage":3.0,"enemies":"3 Darklings","floor":37.0,"turns":3.0},{"damage":4.0,"enemies":"Transient","floor":38.0,"turns":5.0},{"damage":15.0,"enemies":"Maw","floor":39.0,"turns":6.0},{"damage":22.0,"enemies":"Nemesis","floor":40.0,"turns":5.0},{"damage":0.0,"enemies":"Sphere and 2 Shapes","floor":41.0,"turns":2.0},{"damage":8.0,"enemies":"Giant Head","floor":42.0,"turns":8.0},{"damage":24.0,"enemies":"Nemesis","floor":44.0,"turns":3.0},{"damage":32.0,"enemies":"4 Shapes","floor":45.0,"turns":2.0},{"damage":1.0,"enemies":"Jaw Worm Horde","floor":46.0,"turns":2.0},{"damage":27,"enemies":"Sphere and 2 Shapes","floor":48,"turns":3}],"seed_played":"2860347708247772335","potions_obtained":[{"floor":3.0,"key":"Adrenaline Potion"},{"floor":11.0,"key":"FearPotion"},{"floor":13.0,"key":"BlessingOfTheForge"},{"floor":14.0,"key":"Venom Potion"},{"floor":16.0,"key":"SkillPotion"},{"floor":21.0,"key":"ColorlessPotion"},{"floor":23.0,"key":"Fruit Juice"},{"floor":27.0,"key":"Adrenaline Potion"},{"floor":30.0,"key":"FearPotion"},{"floor":36.0,"key":"LifebloodPotion"},{"floor":37.0,"key":"Swift Potion"},{"floor":40.0,"key":"FearPotion"},{"floor":41.0,"key":"ColorlessPotion"},{"floor":46.0,"key":"Languid Potion"}],"is_trial":false,"path_per_floor":["M","M","M","$","?","E","R","E","T","E","M","R","M","E","R","B",null,"M","$","?","M","$","E","R","E","T","M","M","R","E","M","R","B",null,"M","?","M","M","M","E","M","E","T","E","M","M","$","M"],"character_chosen":"IRONCLAD","items_purchased":["Inflame","Clothesline","Inflame","hubris:IronBody"],"campfire_rested":0,"item_purchase_floors":[4,4,19,19],"current_hp_per_floor":[88,88,88,88,88,61,61,53,53,32,33,33,29,20,20,15,88,88,88,88,88,88,68,68,68,68,70,76,76,75,80,80,90,93,93,56,59,61,52,36,42,58,58,40,14,19,19,0,0],"gold":15,"neow_bonus":"TEN_PERCENT_HP_BONUS","is_daily":false,"chose_seed":false,"campfire_upgraded":6,"win_rate":0.0,"timestamp":1609001941,"path_taken":["M","M","M","$","?","E","R","E","T","E","M","R","?","E","R","BOSS","M","$","?","?","$","E","R","E","T","?","M","R","E","M","R","BOSS","M","?","?","M","M","E","M","E","T","E","M","M","$","M"],"items_purchased_type":["Card","Card","Card","Relic"],"build_version":"2020-12-22","purchased_purges":0,"victory":false,"max_hp_per_floor":[88,88,88,88,88,88,88,88,88,88,88,88,88,88,88,88,88,88,88,88,88,88,88,88,93,93,93,93,93,93,93,93,93,93,93,93,93,93,93,93,93,93,93,93,93,93,93,93,93],"card_choices":[{"not_picked":["Anger","Clash"],"picked":"Bloodletting","floor":1.0},{"not_picked":["Clash","Perfected Strike"],"picked":"Cleave","floor":2.0},{"not_picked":["Replay:Undeath\u0027s Touch","Warcry"],"picked":"Iron Wave","floor":3.0},{"not_picked":["Replay:Undeath\u0027s Touch","Life Link"],"picked":"hubris:CleavingFinish","floor":6.0},{"not_picked":["Sentinel","ReplayReversal"],"picked":"Heavy Blade","floor":8.0},{"not_picked":["ReplayTheSpireMod:LeadingStrike","Thunderclap"],"picked":"Sword Boomerang","floor":10.0},{"not_picked":["Run Through","Sever Soul"],"picked":"Burning Pact","floor":11.0},{"not_picked":["Shockwave","True Grit"],"picked":"ReplayTheSpireMod:Muscle Training","floor":13.0},{"not_picked":["Reckless Charge","Pommel Strike"],"picked":"Blood for Blood","floor":14.0},{"not_picked":["Replay:Many Hands","Double Tap"],"picked":"Limit Break","floor":16.0},{"not_picked":["Anger","Warcry"],"picked":"Iron Wave","floor":18.0},{"not_picked":["Feel No Pain+1","Run Through+1"],"picked":"Cleave+1","floor":21.0},{"not_picked":["Wild Strike","Entrench","Hemokinesis"],"picked":"SKIP","floor":23.0},{"not_picked":["Twin Strike+1","Iron Wave"],"picked":"Sword Boomerang+1","floor":25.0},{"not_picked":["Havoc","Defy Death","Second Wind+1"],"picked":"SKIP","floor":27.0},{"not_picked":["Sword Boomerang","Clothesline+1"],"picked":"Intimidate","floor":28.0},{"not_picked":["Perfected Strike","Infernal Blade"],"picked":"Pommel Strike","floor":30.0},{"not_picked":["Entrench","Body Slam+1","Ghostly Armor"],"picked":"SKIP","floor":31.0},{"not_picked":["Eclipse","hubris:StunningStrike"],"picked":"Double Tap","floor":33.0},{"not_picked":["Perfected Strike","Anger"],"picked":"Carnage","floor":35.0},{"not_picked":["Body Slam","Clothesline"],"picked":"Sword Boomerang","floor":36.0},{"not_picked":["Barricade","True Grit+1","Perfected Strike+1"],"picked":"SKIP","floor":37.0},{"not_picked":["True Grit","Run Through+1"],"picked":"Twin Strike+1","floor":38.0},{"not_picked":["Warcry+1","Defy Death"],"picked":"Flex+1","floor":39.0},{"not_picked":["Burning Pact","Twin Strike+1"],"picked":"Clothesline+1","floor":40.0},{"not_picked":["Body Slam","Clash"],"picked":"Reaper","floor":41.0},{"not_picked":["Body Slam+1","Replay:Undeath\u0027s Touch"],"picked":"Iron Wave+1","floor":42.0},{"not_picked":["Fire Breathing","Spot Weakness"],"picked":"Rupture+1","floor":44.0},{"not_picked":["Heavy Blade","ReplayTheSpireMod:Strike From Hell"],"picked":"Whirlwind","floor":45.0},{"not_picked":["Warcry+1","Combust+1","Clash"],"picked":"SKIP","floor":46.0}],"player_experience":188189,"relics_obtained":[{"floor":6.0,"key":"Garlic"},{"floor":8.0,"key":"hubris:SlimyHat"},{"floor":9.0,"key":"Orichalcum"},{"floor":10.0,"key":"Paper Frog"},{"floor":14.0,"key":"ReplayTheSpireMod:Shallot"},{"floor":23.0,"key":"hubris:Metronome"},{"floor":25.0,"key":"Grinning Jar"},{"floor":30.0,"key":"Pantograph"},{"floor":36.0,"key":"ReplayTheSpireMod:Ninjato"},{"floor":40.0,"key":"Calipers"},{"floor":42.0,"key":"Replay:Bottled Steam"},{"floor":43.0,"key":"Oddly Smooth Stone"},{"floor":44.0,"key":"hubris:CrystalStatue"}],"event_choices":[{"damage_healed":0.0,"max_hp_gain":0.0,"max_hp_loss":0.0,"gold_gain":0.0,"event_name":"FaceTrader","player_choice":"Trade","floor":5.0,"gold_loss":0.0,"damage_taken":0.0,"relics_obtained":["SsserpentHead"]},{"damage_healed":0.0,"max_hp_gain":0.0,"max_hp_loss":0.0,"gold_gain":200.0,"event_name":"Wheel of Change","player_choice":"Gold","floor":20.0,"gold_loss":0.0,"damage_taken":0.0}],"is_beta":false,"boss_relics":[{"not_picked":["Busted Crown","hubris:BlackHole"],"picked":"Ectoplasm"},{"not_picked":["Kintsugi","Calling Bell"],"picked":"Cursed Key"}],"items_purged_floors":[],"is_endless":false,"potions_floor_spawned":[3,11,13,14,16,21,23,27,30,37,40,41,46],"killed_by":"Sphere and 2 Shapes","ascension_level":4}}