{"host":"3jpwrwmmgyabjceh","time":1609022998,"event":{"mods":["AchievementEnabler","BaseMod","Colored Map","Colored Powertips","Highlight Path","Minty Spire (QoL Compilation)","Quick Restart","StSLib"],"gold_per_floor":[114,114,127,127,144,170,183,202,202,213,247,247,258,271,271,375,375,385,395,30,44,61,61,81,95,146,146,146,146,146],"floor_reached":29,"playtime":844,"items_purged":["Combust"],"score":268,"play_id":"e7b37e84-68c0-4eaa-a0f3-1781590a927f","local_time":"20201227014958","is_ascension_mode":false,"campfire_choices":[{"floor":12,"key":"REST"},{"data":"Demon Form","floor":15,"key":"SMITH"},{"data":"Barricade","floor":23,"key":"SMITH"},{"floor":28,"key":"REST"}],"circlet_count":0,"master_deck":["Strike_R","Strike_R","Strike_R","Defend_R","Defend_R","Defend_R","Defend_R","Bash","Cleave","Demon Form+1","Heavy Blade","Immolate","Armaments","Barricade+1","Heavy Blade","Shrug It Off","Heavy Blade","Armaments","Battle Trance"],"relics":["Burning Blood","NeowsBlessing","FaceOfCleric","Question Card","Singing Bowl","Empty Cage","Membership Card","Mummified Hand","Potion Belt"],"acts_visited":["Exordium","TheCity"],"potions_floor_usage":[6,16,16,16,19,19,24],"damage_taken":[{"damage":0,"enemies":"2 Louse","floor":1,"turns":1},{"damage":0,"enemies":"Cultist","floor":3,"turns":1},{"damage":0,"enemies":"Small Slimes","floor":5,"turns":1},{"damage":38,"enemies":"Lagavulin","floor":6,"turns":5},{"damage":22,"enemies":"Exordium Thugs","floor":7,"turns":4},{"damage":15,"enemies":"Looter","floor":8,"turns":3},{"damage":3,"enemies":"2 Fungi Beasts","floor":10,"turns":3},{"damage":20,"enemies":"Gremlin Nob","floor":11,"turns":4},{"damage":0,"enemies":"3 Louse","floor":13,"turns":2},{"damage":13,"enemies":"Red Slaver","floor":14,"turns":3},{"damage":41,"enemies":"Slime Boss","floor":16,"turns":6},{"damage":19,"enemies":"Chosen","floor":18,"turns":5},{"damage":28,"enemies":"2 Thieves","floor":19,"turns":4},{"damage":17,"enemies":"Snecko","floor":21,"turns":4},{"damage":24,"enemies":"Sentry and Sphere","floor":22,"turns":4},{"damage":13,"enemies":"Centurion and Healer","floor":24,"turns":5},{"damage":5,"enemies":"Snecko","floor":25,"turns":4},{"damage":29,"enemies":"Colosseum Slavers","floor":27,"turns":8},{"damage":57,"enemies":"Cultist and Chosen","floor":29,"turns":6}],"seed_played":"-1595914587664887682","potions_obtained":[{"floor":3,"key":"PowerPotion"},{"floor":11,"key":"BlessingOfTheForge"},{"floor":13,"key":"LiquidBronze"},{"floor":14,"key":"Swift Potion"},{"floor":16,"key":"Dexterity Potion"},{"floor":18,"key":"Regen Potion"},{"floor":19,"key":"ElixirPotion"},{"floor":22,"key":"Energy Potion"}],"is_trial":false,"path_per_floor":["M","?","M","?","M","E","M","M","T","M","E","R","M","M","R","B",null,"M","M","$","M","M","R","M","M","T","?","R","M"],"character_chosen":"IRONCLAD","items_purchased":["Membership Card","Shrug It Off","Mummified Hand","Heavy Blade"],"campfire_rested":2,"item_purchase_floors":[20,20,20,20],"current_hp_per_floor":[80,80,80,80,81,50,35,27,27,31,20,46,55,49,49,15,93,81,74,74,66,49,49,45,47,47,25,56,0,0],"gold":146,"neow_bonus":"THREE_ENEMY_KILL","is_daily":false,"chose_seed":false,"campfire_upgraded":2,"win_rate":0.0,"timestamp":1609022998,"path_taken":["M","?","?","?","M","E","M","M","T","M","E","R","M","M","R","BOSS","M","M","$","M","?","R","M","M","T","?","R","M"],"items_purchased_type":["Relic","Card","Relic","Card"],"build_version":"2020-12-22","purchased_purges":1,"victory":false,"max_hp_per_floor":[80,80,80,80,81,82,83,84,84,85,88,88,91,92,92,93,93,94,97,97,100,101,101,104,105,105,106,106,106,106],"card_choices":[{"not_picked":["Iron Wave","Havoc"],"picked":"Combust","floor":1},{"not_picked":["Twin Strike","Entrench"],"picked":"Cleave","floor":3},{"not_picked":["Thunderclap","Infernal Blade","Sword Boomerang"],"picked":"SKIP","floor":5},{"not_picked":["Perfected Strike","Iron Wave"],"picked":"Demon Form","floor":6},{"not_picked":["Inflame","Entrench","Iron Wave"],"picked":"Heavy Blade","floor":7},{"not_picked":["Dropkick","Evolve","Clash","Bloodletting"],"picked":"SKIP","floor":8},{"not_picked":["Bloodletting","Sever Soul","Body Slam"],"picked":"Immolate","floor":10},{"not_picked":["Bloodletting","Sword Boomerang","Uppercut","Twin Strike"],"picked":"Singing Bowl","floor":11},{"not_picked":["Clash","Sword Boomerang","Metallicize","Twin Strike"],"picked":"Singing Bowl","floor":13},{"not_picked":["Rampage","Flex","Sword Boomerang"],"picked":"Armaments","floor":14},{"not_picked":["Impervious","Offering","Corruption"],"picked":"Barricade","floor":16},{"not_picked":["True Grit","Headbutt+1","Clothesline"],"picked":"Heavy Blade","floor":18},{"not_picked":["Thunderclap+1","Hemokinesis","Headbutt","Cleave+1"],"picked":"Singing Bowl","floor":19},{"not_picked":["Perfected Strike+1","Twin Strike","Body Slam","Flex"],"picked":"Singing Bowl","floor":21},{"not_picked":["Pummel","Rampage","Warcry"],"picked":"Armaments","floor":22},{"not_picked":["Dual Wield","Headbutt","Warcry","Offering"],"picked":"Singing Bowl","floor":24},{"not_picked":["Dark Embrace+1","Warcry","Cleave"],"picked":"Battle Trance","floor":25}],"player_experience":219061,"relics_obtained":[{"floor":6,"key":"Question Card"},{"floor":11,"key":"Singing Bowl"},{"floor":26,"key":"Potion Belt"}],"event_choices":[{"cards_removed":["Strike_R"],"damage_healed":0,"gold_gain":0,"player_choice":"Took Card","damage_taken":0,"max_hp_gain":0,"max_hp_loss":0,"event_name":"NoteForYourself","floor":2,"gold_loss":0,"cards_obtained":["Strike_B"]},{"damage_healed":0,"gold_gain":0,"player_choice":"Trade","damage_taken":0,"relics_obtained":["FaceOfCleric"],"max_hp_gain":0,"max_hp_loss":0,"event_name":"FaceTrader","floor":4,"gold_loss":0},{"damage_healed":0,"gold_gain":0,"player_choice":"Fight","damage_taken":0,"max_hp_gain":0,"max_hp_loss":0,"event_name":"Colosseum","floor":27,"gold_loss":0},{"damage_healed":0,"gold_gain":0,"player_choice":"Fled From Nobs","damage_taken":0,"max_hp_gain":0,"max_hp_loss":0,"event_name":"Colosseum","floor":27,"gold_loss":0}],"is_beta":false,"boss_relics":[{"not_picked":["Black Star","Runic Pyramid"],"picked":"Empty Cage"}],"items_purged_floors":[20],"is_endless":false,"potions_floor_spawned":[3,11,13,14,16,18,19,22,27],"killed_by":"Cultist and Chosen","ascension_level":0}}