{"host":"9ao8zyj25591zp5j","time":1609012057,"event":{"mods":["AchievementEnabler","Act Like it!","Arknights The Spire","Ascension Reborn","Bard","BaseMod","CapriCore","CatGirl Mod","Downfall","Elementarium","Filter the Spire","Friendly Minions","Glutton Mod","Hallownest","Hermit","Hubris","Kiyohime????","LagranYue(???·?)","Marisa????????","Mimic Mod","Minty Spire (QoL Compilation)","Prisma Mod","Replay The Spire","StSLib","The Animator","The Construct","The Cursed","The Death Knight","The Dragon Tamer","The Witch","[IsaacMod]????"],"gold_per_floor":[118,218,218,232,232,232,36,61,114,114,159,174,174,237,237,237,237],"floor_reached":16,"playtime":1380,"items_purged":[],"score":90,"play_id":"451946fd-1974-4065-aee6-ad9ecfd3c099","local_time":"20201226204737","is_ascension_mode":true,"campfire_choices":[{"floor":6,"key":"REST"},{"floor":13,"key":"REST"},{"floor":15,"key":"REST"}],"circlet_count":0,"master_deck":["DeathKnight:Strike_DeathKnight","DeathKnight:Strike_DeathKnight","DeathKnight:Strike_DeathKnight","DeathKnight:Strike_DeathKnight","DeathKnight:Strike_DeathKnight","DeathKnight:Defend_DeathKnight","DeathKnight:Defend_DeathKnight","DeathKnight:Defend_DeathKnight","DeathKnight:Defend_DeathKnight+1","DeathKnight:Defend_DeathKnight","DeathKnight:RuneTap","DeathKnight:RuneStrike","DoctorFetus","DeathKnight:FoulBulwark","DeathKnight:Ossuary","DeathKnight:Marrowrend","Replay:SS_forest_5","DeathKnight:Frostscythe+1","DeathKnight:DeathGrip","DeathKnight:DeathStrike","DeathKnight:SindragosasBreath","DeathKnight:BludPresence"],"relics":["HushsDoor","LagranYue:RandomDrawCardRelic","GuppysHead","LagranYue:ContractPerformanceRelic","ReplayTheSpireMod:Ring of Challenge","DeathKnight:ScourgePlagueSample"],"acts_visited":["Exordium"],"potions_floor_usage":[4,8],"damage_taken":[{"damage":13,"enemies":"Hallownest:monsterHuskGuard","floor":1,"turns":4},{"damage":4,"enemies":"Hallownest:2_Baldur","floor":4,"turns":4},{"damage":1,"enemies":"Hallownest:monsterHuskWarrior","floor":8,"turns":4},{"damage":18,"enemies":"Hallownest:monsterAspidMother","floor":11,"turns":6},{"damage":30,"enemies":"Hallownest:MossCreep_and_Mosskin","floor":12,"turns":10},{"damage":28,"enemies":"Hallownest:1_Ooma_and_2_Uuma","floor":14,"turns":7},{"damage":65,"enemies":"Hallownest:BossFalseKnight","floor":16,"turns":6}],"seed_played":"710752442864215489","potions_obtained":[{"floor":4,"key":"BlessingOfTheForge"}],"is_trial":false,"path_per_floor":["M","?","?","M","?","R","$","M","T","?","M","M","R","M","R","B"],"character_chosen":"DEATH_KNIGHT","items_purchased":["Replay:SS_forest_5","DeathKnight:Frostscythe+1"],"campfire_rested":3,"item_purchase_floors":[7,7],"current_hp_per_floor":[62,62,62,67,67,75,75,74,74,74,56,33,55,27,49,0,0],"gold":237,"neow_bonus":"BOSS_RELIC","is_daily":false,"chose_seed":false,"campfire_upgraded":0,"win_rate":0.0,"timestamp":1609012057,"path_taken":["M","?","?","M","?","R","$","M","T","?","M","?","R","M","R","BOSS"],"items_purchased_type":["Card","Card"],"build_version":"2020-12-22","purchased_purges":0,"victory":false,"max_hp_per_floor":[75,75,75,75,75,75,75,75,75,75,75,75,75,75,75,75,75],"card_choices":[{"not_picked":[],"picked":"DoctorFetus","floor":0},{"not_picked":["DeathKnight:UnholyFrenzy","DeathKnight:GargoyleSkin"],"picked":"DeathKnight:FoulBulwark","floor":1},{"not_picked":["DeathKnight:BloodEchoes","DeathKnight:RuneShock"],"picked":"DeathKnight:Ossuary","floor":2},{"not_picked":["DeathKnight:Ossuary","DeathKnight:BoneShield"],"picked":"DeathKnight:Marrowrend","floor":4},{"not_picked":["DeathKnight:RunicCorruption","DeathKnight:Lichborne"],"picked":"DeathKnight:DeathGrip","floor":8},{"not_picked":["DeathKnight:DeathGrip","DeathKnight:HornOfWinter"],"picked":"DeathKnight:DeathStrike","floor":11},{"not_picked":["DeathKnight:UnholyPresence","DeathKnight:IceboundArmor"],"picked":"DeathKnight:SindragosasBreath","floor":12},{"not_picked":["DeathKnight:RaiseAlly","DeathKnight:AntiMagicShell"],"picked":"DeathKnight:BludPresence","floor":14}],"player_experience":9165,"relics_obtained":[{"floor":5,"key":"ReplayTheSpireMod:Ring of Challenge"},{"floor":9,"key":"DeathKnight:ScourgePlagueSample"}],"event_choices":[],"is_beta":false,"boss_relics":[],"items_purged_floors":[],"is_endless":false,"potions_floor_spawned":[4],"killed_by":"Hallownest:BossFalseKnight","ascension_level":0}}