{"host":"86c6vgocyjlprmyx","time":1609017101,"event":{"mods":["BaseMod","Downfall","Hermit","Minty Spire (QoL Compilation)","Quick Restart","Replay The Spire","Shade Mod","StSLib","The Cursed","The Hierophant"],"gold_per_floor":[110,123,120,120,141,181,181,192,218,218,218,218],"floor_reached":11,"playtime":822,"items_purged":[],"score":75,"play_id":"f8882ac4-ce9f-4b5b-8fd3-097cb0390a18","local_time":"20201226221141","is_ascension_mode":false,"campfire_choices":[{"data":"hierophant:Determination","floor":7,"key":"SMITH"},{"floor":10,"key":"REST"}],"circlet_count":0,"master_deck":["hierophant:Strike_Hierophant","hierophant:Strike_Hierophant","hierophant:Strike_Hierophant","hierophant:Strike_Hierophant","hierophant:Punish","hierophant:Defend_Hierophant","hierophant:Defend_Hierophant","hierophant:Defend_Hierophant","hierophant:Defend_Hierophant","hierophant:ChurchCoffers","hierophant:SealAway","hierophant:PristineSoul","hierophant:Doubloon","hierophant:Charity","ReplayTheSpireMod:Splinters","hierophant:FieryStrike","hierophant:Determination+1","hierophant:RepressedViolence"],"relics":["hierophant:PropheticMaskRelic","Replay:WaspNest","Smiling Mask"],"acts_visited":["Exordium"],"potions_floor_usage":[11,11],"damage_taken":[{"damage":9,"enemies":"Jaw Worm","floor":1,"turns":4},{"damage":0,"enemies":"Small Slimes","floor":2,"turns":2},{"damage":0,"enemies":"Cultist","floor":3,"turns":4},{"damage":0,"enemies":"2 Fungi Beasts","floor":5,"turns":4},{"damage":19,"enemies":"Gremlin Nob","floor":6,"turns":5},{"damage":36,"enemies":"Large Slime","floor":8,"turns":7},{"damage":48,"enemies":"Lagavulin","floor":11,"turns":7}],"seed_played":"2165464247956760921","potions_obtained":[{"floor":1,"key":"Fire Potion"},{"floor":6,"key":"AttackPotion"},{"floor":8,"key":"BlessingOfTheForge"}],"is_trial":false,"path_per_floor":["M","M","M","?","M","E","R","M","T","R","E"],"character_chosen":"HIEROPHANT","items_purchased":[],"campfire_rested":1,"item_purchase_floors":[],"current_hp_per_floor":[73,73,73,73,73,54,54,22,22,46,0,0],"gold":218,"neow_bonus":"TEN_PERCENT_HP_BONUS","is_daily":false,"chose_seed":false,"campfire_upgraded":1,"win_rate":0.0,"timestamp":1609017101,"path_taken":["M","M","M","?","M","E","R","M","T","R","E"],"items_purchased_type":[],"build_version":"2020-12-22","purchased_purges":0,"victory":false,"max_hp_per_floor":[82,82,82,82,82,82,82,82,82,82,82,82],"card_choices":[{"not_picked":["hierophant:FaithHealing","hierophant:Purify"],"picked":"hierophant:SealAway","floor":1},{"not_picked":["hierophant:Dazzle","hierophant:HolyVerse"],"picked":"hierophant:PristineSoul","floor":2},{"not_picked":["hierophant:Shelter","hierophant:RecallFunds"],"picked":"hierophant:Charity","floor":3},{"not_picked":["hierophant:HammerAndAnvil","hierophant:CursedGold"],"picked":"hierophant:FieryStrike","floor":5},{"not_picked":["hierophant:Sermon","hierophant:TollTheBells"],"picked":"hierophant:Determination","floor":6},{"not_picked":["hierophant:Community","hierophant:MorningPrayer"],"picked":"hierophant:RepressedViolence","floor":8}],"player_experience":182810,"relics_obtained":[{"floor":6,"key":"Replay:WaspNest"},{"floor":9,"key":"Smiling Mask"}],"event_choices":[],"is_beta":false,"boss_relics":[],"items_purged_floors":[],"is_endless":false,"potions_floor_spawned":[1,6,8],"killed_by":"Lagavulin","ascension_level":0}}