{"host":"mniz8q056kux99zk","time":1609000338,"event":{"mods":["BaseMod","CapriCore","Highlight Path","Hubris","Infinite Spire","Minty Spire (QoL Compilation)","StSLib"],"gold_per_floor":[114,134,134,134,151,180,198,198,246,246,257,0,0,29,29,126,126,143,242,261,10,26,56,56,74,101,101,101,0,0,19,19,114,114,133,147,147,159,33,65,65,92,165,165,165,165],"floor_reached":45,"playtime":2504,"items_purged":[],"score":681,"play_id":"eb1220b9-2fa3-49cf-a0e5-cc06877958c5","local_time":"20201226113218","is_ascension_mode":true,"campfire_choices":[{"floor":8,"key":"REST"},{"floor":10,"key":"REST"},{"floor":15,"key":"REST"},{"floor":24,"key":"RECALL"},{"data":"Cloak And Dagger","floor":27,"key":"SMITH"},{"floor":30,"key":"REST"},{"floor":32,"key":"REST"},{"data":"Blade Dance","floor":41,"key":"SMITH"},{"floor":44,"key":"REST"}],"circlet_count":0,"master_deck":["Strike_G","Strike_G","Strike_G","Strike_G","Strike_G","Defend_G","Defend_G","Defend_G","Defend_G","Defend_G","Survivor","Neutralize","Blade Dance","Dash+1","Accuracy+1","Quick Slash","Cloak And Dagger+1","Predator","Dash","Grand Finale","Dagger Throw+1","Choke","Infinite Blades+1","Blade Dance","Cloak And Dagger","Masterful Stab+1","A Thousand Cuts+1","Blade Dance+1","Deflect","Blade Dance+1"],"relics":["hubris:Backtick","Ninja Scroll","Pen Nib","Potion Belt","Membership Card","Omamori","Kunai","hubris:GrandSneckoEye","Ornamental Fan","Frozen Egg 2","hubris:PeanutButter","Whetstone","WristBlade","hubris:Towel","Pear","InkBottle","hubris:64BitClover","Singing Bowl"],"acts_visited":["Exordium","TheCity","TheBeyond"],"potions_floor_usage":[6,6,14,23,23,23,31,45],"damage_taken":[{"damage":0,"enemies":"Jaw Worm","floor":1,"turns":4},{"damage":0,"enemies":"2 Louse","floor":2,"turns":3},{"damage":0,"enemies":"Small Slimes","floor":5,"turns":3},{"damage":39,"enemies":"Gremlin Nob","floor":6,"turns":5},{"damage":0,"enemies":"2 Fungi Beasts","floor":7,"turns":3},{"damage":0,"enemies":"Looter","floor":11,"turns":3},{"damage":8,"enemies":"Lagavulin","floor":14,"turns":6},{"damage":6,"enemies":"Slime Boss","floor":16,"turns":6},{"damage":0,"enemies":"2 Thieves","floor":18,"turns":3},{"damage":0,"enemies":"Shell Parasite","floor":20,"turns":5},{"damage":0,"enemies":"Snecko","floor":22,"turns":3},{"damage":7,"enemies":"Nightmare","floor":23,"turns":6},{"damage":0,"enemies":"Shelled Parasite and Fungi","floor":25,"turns":3},{"damage":0,"enemies":"Centurion and Healer","floor":31,"turns":4},{"damage":10,"enemies":"hubris:MusketHawk","floor":33,"turns":6},{"damage":0,"enemies":"3 Darklings","floor":35,"turns":3},{"damage":13,"enemies":"3 Shapes","floor":36,"turns":2},{"damage":0,"enemies":"Sphere and 2 Shapes","floor":38,"turns":3},{"damage":0,"enemies":"Reptomancer","floor":40,"turns":4},{"damage":0,"enemies":"Giant Head","floor":42,"turns":5},{"damage":0,"enemies":"infinitespire:Three Voidlings","floor":45,"turns":3},{"damage":88,"enemies":"Nightmare_Alpha","floor":45,"turns":9}],"seed_played":"1582064738260238178","potions_obtained":[{"floor":1,"key":"SneckoOil"},{"floor":6,"key":"Fruit Juice"},{"floor":7,"key":"SpeedPotion"},{"floor":16,"key":"Fire Potion"},{"floor":20,"key":"FearPotion"},{"floor":23,"key":"Regen Potion"},{"floor":38,"key":"SteroidPotion"}],"is_trial":false,"path_per_floor":["M","M","?","?","M","E","M","R","T","R","M","$","?","E","R","B",null,"M","?","M","$","M","NM","R","M","T","R","?","?","R","M","R","B",null,"M","M","?","M","$","E","R","E","T","R","?"],"character_chosen":"THE_SILENT","items_purchased":["Membership Card","Omamori","Poison Potion","Ornamental Fan","Frozen Egg 2","Pear"],"campfire_rested":6,"item_purchase_floors":[12,12,12,21,21,39],"current_hp_per_floor":[70,70,52,55,55,21,21,44,44,67,67,67,67,59,78,72,78,78,78,78,78,78,71,71,71,71,71,18,18,41,53,76,66,78,78,65,65,65,75,75,75,75,75,88,0,0],"gold":165,"neow_bonus":"BOSS_RELIC","is_daily":false,"chose_seed":false,"campfire_upgraded":2,"win_rate":0.0,"timestamp":1609000338,"path_taken":["M","M","?","?","M","E","M","R","T","R","M","$","?","E","R","BOSS","M","?","M","$","M","NM","R","M","T","R","?","?","R","?","R","BOSS","M","M","?","M","$","E","R","E","T","R","?"],"items_purchased_type":["Relic","Relic","Potion","Relic","Relic","Relic"],"build_version":"2020-12-22","purchased_purges":0,"victory":false,"max_hp_per_floor":[70,70,70,73,73,78,78,78,78,78,78,78,78,78,78,78,78,78,78,78,78,78,78,78,78,78,78,78,78,78,78,78,78,78,78,78,78,78,88,88,88,88,88,88,88,88],"card_choices":[{"not_picked":["Concentrate","Bouncing Flask"],"picked":"Blade Dance","floor":1},{"not_picked":["Bane","Acrobatics"],"picked":"Dash","floor":2},{"not_picked":["Quick Slash","Flying Knee"],"picked":"Accuracy","floor":5},{"not_picked":["Reflex","hubris:Counter"],"picked":"Quick Slash","floor":6},{"not_picked":["All Out Attack","Bane"],"picked":"Cloak And Dagger","floor":7},{"not_picked":["hubris:Sniper","hubris:SlightOfHand"],"picked":"Predator","floor":11},{"not_picked":["Dagger Throw","hubris:Sniper"],"picked":"Dash","floor":14},{"not_picked":["Wraith Form v2","Doppelganger"],"picked":"Grand Finale","floor":16},{"not_picked":["Tactician+1","Concentrate"],"picked":"Dagger Throw","floor":18},{"not_picked":["Poisoned Stab+1","Sucker Punch+1"],"picked":"Choke","floor":20},{"not_picked":["Cloak And Dagger","Choke"],"picked":"Infinite Blades+1","floor":22},{"not_picked":["Heel Hook","Crippling Poison"],"picked":"Blade Dance","floor":23},{"not_picked":["hubris:SlightOfHand","Prepared+1"],"picked":"Cloak And Dagger","floor":25},{"not_picked":["Concentrate","hubris:Sniper"],"picked":"Masterful Stab+1","floor":31},{"not_picked":["Die Die Die","Storm of Steel"],"picked":"A Thousand Cuts+1","floor":33},{"not_picked":["Escape Plan","Bane+1"],"picked":"Blade Dance+1","floor":35},{"not_picked":["Noxious Fumes+1","Leg Sweep+1"],"picked":"Deflect","floor":36},{"not_picked":["Backflip","Dagger Spray+1"],"picked":"Blade Dance","floor":38},{"not_picked":["Skewer","Dagger Throw","Choke+1"],"picked":"SKIP","floor":40},{"not_picked":["Flying Knee","hubris:SlightOfHand","Dagger Spray"],"picked":"SKIP","floor":42}],"player_experience":100794,"relics_obtained":[{"floor":6,"key":"Potion Belt"},{"floor":14,"key":"Kunai"},{"floor":23,"key":"hubris:PeanutButter"},{"floor":26,"key":"Whetstone"},{"floor":40,"key":"InkBottle"},{"floor":42,"key":"hubris:64BitClover"},{"floor":43,"key":"Singing Bowl"}],"event_choices":[{"damage_healed":0,"gold_gain":0,"player_choice":"Success","damage_taken":18,"relics_obtained":["Pen Nib"],"max_hp_gain":0,"max_hp_loss":0,"event_name":"Scrap Ooze","floor":3,"gold_loss":0},{"damage_healed":0,"gold_gain":0,"player_choice":"Grow","damage_taken":0,"max_hp_gain":0,"max_hp_loss":0,"event_name":"Living Wall","floor":13,"gold_loss":0,"cards_upgraded":["Accuracy"]},{"damage_healed":0,"gold_gain":99,"player_choice":"Stole From Cult","damage_taken":0,"max_hp_gain":0,"max_hp_loss":0,"event_name":"Nest","floor":19,"gold_loss":0},{"damage_healed":0,"gold_gain":0,"player_choice":"Paid Fearfully","damage_taken":0,"max_hp_gain":0,"max_hp_loss":0,"event_name":"Masked Bandits","floor":29,"gold_loss":101}],"is_beta":false,"boss_relics":[{"not_picked":["Runic Pyramid","Philosopher\u0027s Stone"],"picked":"hubris:GrandSneckoEye"},{"not_picked":["hubris:BlackHole","Astrolabe"],"picked":"WristBlade"}],"items_purged_floors":[],"is_endless":true,"potions_floor_spawned":[1,6,7,16,20,23,38],"killed_by":"Nightmare_Alpha","ascension_level":1}}