{"host":"0azimyi6n3ugndj4","time":1609006409,"event":{"mods":["2.2 Compatiblity","BaseMod","Bestiary","Conspire","Curses Come First","Defuse TimeMaze Blight","Hyrulean Relics","Infinite Spire","Minty Spire (QoL Compilation)","Relic Stats","Replay The Spire","StSLib","SuperFastMode","Uncapped","¡¼?Úª?ø«¡½REMEMod"],"gold_per_floor":[159,159,420,420,420,507,543,43,67,7,7,58,97,97,97,331,331,364,284,284,334,427,427,520,571,571,571,571],"floor_reached":27,"playtime":677,"items_purged":["Blasphemy"],"score":579,"play_id":"655dd5ba-b19f-4875-b864-903bc89e3ac5","local_time":"20201227031329","daily_mods":["Shiny","Vintage","ControlledChaos","Diverse","Colorless Cards","Heirloom","Time Dilation","Flight","Binary","Elite Swarm","Lethality","Midas","Night Terrors","Binary"],"is_ascension_mode":true,"campfire_choices":[{"floor":15,"key":"REST"},{"floor":23,"key":"REST"}],"circlet_count":0,"master_deck":["AscendersBane","Brilliance","Devotion","LessonLearned","Vault","Alpha","Establishment","REME_WorshipGod","Replay:LoomingThreat","DeusExMachina","Judgement","ConjureBlade","REME_EmptyShield","MasterReality","Ragnarok","REME_CRH","Scrawl","Wish","Omniscience","SpiritShield","DevaForm","Hyperbeam","REME_ForAll","Machine Learning","Buffer","Mirror Shield","Seek","Echo Form","All For One","Reboot","Fission","Core Surge","Multi-Cast","Thunder Strike","Biased Cognition","REME_Shoggoth","Electrodynamics","ReplayRNGCard","ReplayTheSpireMod:Omega Cannon","Rainbow","Meteor Strike","ReplayTheSpireMod:Fabricate Wheel","Amplify","Creative AI","REME_ShadowForm","ReplayTheSpireMod:Necrosis","Corpse Explosion","Die Die Die","Atom Bomb","ReplayTheSpireMod:From All Sides","Adrenaline","Envenom","Doppelganger","Burst","Wraith Form v2","REME_SpectralBlade","Tools of the Trade","REME_CopyPotion","After Image","Poison Darts","A Thousand Cuts","Venomology","Replay:Bag of Tricks","Malaise","Phantasmal Killer","Night Terror","infinitespire:Neurotoxin","Unload","Bullet Time","Storm of Steel","Glass Knife","Double Tap","Demon Form","REME_ACTH","Fiend Fire","Eclipse","conspire:Purge","Berserk","Impervious","Juggernaut","Brutality","Demonic Infusion","conspire:HitWhereItHurts","Exhume","Offering","REME_Fury","Bludgeon","Feed","Replay:Many Hands","Limit Break","Corruption","Barricade","Hemogenesis","REME_TheLastStrike","Reaper","Immolate","Thinking Ahead","Metamorphosis","Master of Strategy","Magnetism","REME_HeartOfCthun","Chrysalis","Mayhem","REME_PuzzleBox","Secret Weapon","Midas Touch","ReplayTheSpireMod:Brewmster","REME_AllRoundStrike","REME_MawOfCthun","REME_EyeOfCthun","REME_WheelOfFate","Sadistic Nature","REME_Flogging","ReplayUltimateDefense","Transmutation","REME_BattleFury","HandOfGreed","ReplayTheSpireMod:Necrogeddon","Apotheosis","Panache","Violence","Secret Technique","REME_BodyOfCthun","The Bomb","Crow Ritual","REME_BuildACard","REME_ProfessionalPlagiarism","Intimidate"],"relics":["Replay:M_SmolderingBlood","Frozen Eye","Busted Crown","REME_ComplimentaryCards","Lizard Tail","The Courier","infinitespire:Cubic Diamond","zeldaRelics:CourageTriforce","Darkstone Periapt","infinitespire:Satchel","Replay:Multitool","Blue Doll","Replay:Bottled Steam","infinitespire:WardingShard","Bag of Preparation","Empty Cage","Orichalcum","Red Mask","zeldaRelics:WisdomTriforce","Matryoshka"],"acts_visited":["Exordium","TheCity"],"potions_floor_usage":[12,22,22],"damage_taken":[{"damage":0,"enemies":"Small Slimes","floor":1,"turns":1},{"damage":5,"enemies":"Gremlin Nob","floor":6,"turns":2},{"damage":8,"enemies":"Jaw Worm","floor":7,"turns":2},{"damage":15,"enemies":"2 Louse","floor":12,"turns":2},{"damage":0,"enemies":"Exordium Wildlife","floor":13,"turns":1},{"damage":16,"enemies":"Slime Boss","floor":16,"turns":6},{"damage":22,"enemies":"3 Byrds","floor":18,"turns":3},{"damage":66,"enemies":"Masked Bandits","floor":22,"turns":6},{"damage":44,"enemies":"Book of Stabbing","floor":24,"turns":4},{"damage":0,"enemies":"Shell Parasite","floor":25,"turns":3},{"damage":25,"enemies":"Centurion and Healer","floor":27,"turns":2}],"seed_played":"-8637933445172741730","potions_obtained":[{"floor":7,"key":"ColorlessPotion"},{"floor":18,"key":"Strength Potion"}],"is_trial":true,"path_per_floor":["M","?","?","?","?","E","M","$","T","$","T","M","M","?","R","B",null,"M","?","?","?","?","R","E","M","T","M"],"character_chosen":"DEFECT","items_purchased":["infinitespire:Satchel","Replay:Multitool","Blue Doll"],"campfire_rested":2,"item_purchase_floors":[8,8,8],"current_hp_per_floor":[64,69,44,37,37,32,24,24,24,24,24,9,9,9,71,55,67,45,45,45,45,23,66,22,22,22,0,0],"gold":571,"neow_bonus":"","is_daily":false,"chose_seed":false,"campfire_upgraded":0,"win_rate":0.0,"timestamp":1609006409,"path_taken":["M","?","?","?","?","E","?","?","T","$","?","M","M","?","R","BOSS","M","?","?","?","?","R","E","M","T","M"],"items_purchased_type":["Relic","Relic","Relic"],"build_version":"2020-12-22","purchased_purges":1,"victory":false,"max_hp_per_floor":[71,76,76,76,76,76,76,76,76,76,76,76,76,76,71,71,71,71,71,71,71,71,66,66,66,66,66,66],"relic_stats":{"Darkstone Periapt":0,"Lizard Tail":35,"Busted Crown":16,"counters":[11,32],"Bag of Preparation":[12],"Orichalcum":[36],"obtain_stats":[{"Darkstone Periapt":7,"zeldaRelics:WisdomPiece":24,"Blue Doll":8,"The Courier":1,"infinitespire:Cubic Diamond":5,"Replay:Multitool":8,"Bag of Preparation":14,"Orichalcum":18,"Empty Cage":17,"zeldaRelics:CourageTriforce":11,"zeldaRelics:WisdomTriforce":26,"Frozen Eye":0,"Lizard Tail":0,"Busted Crown":0,"Matryoshka":25,"infinitespire:WardingShard":13,"Replay:M_SmolderingBlood":5,"infinitespire:Satchel":8,"zeldaRelics:CouragePiece":6,"Red Mask":22,"Cracked Core":0,"REME_ComplimentaryCards":0,"Replay:Bottled Steam":12},{"Darkstone Periapt":3,"zeldaRelics:WisdomPiece":9,"Blue Doll":3,"The Courier":1,"infinitespire:Cubic Diamond":1,"Replay:Multitool":3,"Bag of Preparation":5,"Orichalcum":7,"Empty Cage":6,"zeldaRelics:CourageTriforce":3,"zeldaRelics:WisdomTriforce":10,"Frozen Eye":0,"Lizard Tail":0,"Busted Crown":0,"Matryoshka":10,"infinitespire:WardingShard":5,"Replay:M_SmolderingBlood":1,"infinitespire:Satchel":3,"zeldaRelics:CouragePiece":2,"Red Mask":8,"Cracked Core":0,"REME_ComplimentaryCards":0,"Replay:Bottled Steam":4},{"Darkstone Periapt":5,"zeldaRelics:WisdomPiece":27,"Blue Doll":5,"The Courier":1,"infinitespire:Cubic Diamond":1,"Replay:Multitool":5,"Bag of Preparation":8,"Orichalcum":17,"Empty Cage":14,"zeldaRelics:CourageTriforce":5,"zeldaRelics:WisdomTriforce":30,"Frozen Eye":0,"Lizard Tail":0,"Busted Crown":0,"Matryoshka":30,"infinitespire:WardingShard":8,"Replay:M_SmolderingBlood":1,"infinitespire:Satchel":5,"zeldaRelics:CouragePiece":3,"Red Mask":23,"Cracked Core":0,"REME_ComplimentaryCards":0,"Replay:Bottled Steam":7}]},"card_choices":[],"player_experience":1439385,"relics_obtained":[{"floor":1,"key":"The Courier"},{"floor":6,"key":"zeldaRelics:CouragePiece"},{"floor":7,"key":"Darkstone Periapt"},{"floor":9,"key":"zeldaRelics:CouragePiece"},{"floor":11,"key":"zeldaRelics:CouragePiece"},{"floor":12,"key":"Replay:Bottled Steam"},{"floor":13,"key":"infinitespire:WardingShard"},{"floor":18,"key":"Orichalcum"},{"floor":22,"key":"Red Mask"},{"floor":24,"key":"zeldaRelics:WisdomPiece"},{"floor":25,"key":"Matryoshka"},{"floor":26,"key":"zeldaRelics:WisdomPiece"},{"floor":26,"key":"zeldaRelics:WisdomPiece"}],"event_choices":[{"damage_healed":0,"gold_gain":0,"player_choice":"Donut","damage_taken":0,"max_hp_gain":5,"max_hp_loss":0,"event_name":"Big Fish","floor":2,"gold_loss":0},{"cards_removed":["Replay:AllIn"],"damage_healed":0,"gold_gain":0,"player_choice":"Card Removal","damage_taken":7,"max_hp_gain":0,"max_hp_loss":0,"event_name":"Golden Wing","floor":4,"gold_loss":0},{"cards_removed":["Poisoned Strike"],"damage_healed":0,"gold_gain":0,"player_choice":"Gave Card","damage_taken":0,"relics_obtained":["Bag of Preparation"],"max_hp_gain":0,"max_hp_loss":0,"event_name":"WeMeetAgain","floor":14,"gold_loss":0},{"damage_healed":0,"gold_gain":0,"player_choice":"Ignored","damage_taken":0,"max_hp_gain":0,"max_hp_loss":0,"event_name":"Vampires","floor":20,"gold_loss":0},{"damage_healed":0,"gold_gain":50,"player_choice":"Stole From Cult","damage_taken":0,"max_hp_gain":0,"max_hp_loss":0,"event_name":"Nest","floor":21,"gold_loss":0},{"damage_healed":0,"gold_gain":0,"player_choice":"Fought Bandits","damage_taken":0,"max_hp_gain":0,"max_hp_loss":0,"event_name":"Masked Bandits","floor":22,"gold_loss":0}],"is_beta":false,"boss_relics":[{"not_picked":["Replay:Ancient Bell","REME_LowDesire"],"picked":"Empty Cage"}],"items_purged_floors":[10],"is_endless":false,"potions_floor_spawned":[7,18],"killed_by":"Centurion and Healer","ascension_level":20}}