{"host":"86c6vgocyjlprmyx","time":1609009976,"event":{"mods":["BaseMod","Downfall","Hermit","Minty Spire (QoL Compilation)","Replay The Spire","Shade Mod","StSLib","The Cursed","The Hierophant","The Necromancer","The Servant 0.9.4"],"gold_per_floor":[99,112,112,25,44,44,118,138,166,192,206,216,141,157,176,176,176,176],"floor_reached":16,"playtime":1284,"items_purged":[],"score":104,"play_id":"00bf2cc6-0565-45ee-9030-b5adf56ae881","local_time":"20201226201256","is_ascension_mode":false,"campfire_choices":[{"floor":1.0,"key":"DIG"},{"floor":6.0,"key":"DIG"},{"floor":13,"key":"DIG"}],"circlet_count":0,"master_deck":["Guardian:Strike_Guardian","Guardian:Strike_Guardian","Guardian:Strike_Guardian","Guardian:Defend_Guardian","Guardian:Defend_Guardian","Guardian:Defend_Guardian","Guardian:Defend_Guardian","Guardian:CurlUp","Guardian:TwinSlam","Slimebound:Icky","Guardian:DecasProtection","Guardian:SpikerProtocol+1","Guardian:Incinerate","Guardian:ChargeCore","Guardian:Gem_Fragmented","Guardian:DecasProtection","Guardian:SphericShield","Guardian:GuardianWhirl"],"relics":["Guardian:ModeShifter","Shovel","Frozen Egg 2","Shuriken","Mummified Hand","Odd Mushroom","Happy Flower","downfall:HeartBlessingGreen","Lantern"],"acts_visited":[],"potions_floor_usage":[12,16,16,16],"damage_taken":[{"damage":1.0,"enemies":"2 Louse","floor":2.0,"turns":2.0},{"damage":5.0,"enemies":"downfall:FleeingMerchant","floor":4.0,"turns":4.0},{"damage":0.0,"enemies":"Small Slimes","floor":5.0,"turns":4.0},{"damage":0,"enemies":"Cultist","floor":8,"turns":4},{"damage":12,"enemies":"The Mushroom Lair","floor":9,"turns":5},{"damage":46,"enemies":"Lagavulin","floor":10,"turns":10},{"damage":1,"enemies":"Blue Slaver","floor":11,"turns":3},{"damage":2,"enemies":"Lots of Slimes","floor":12,"turns":3},{"damage":2,"enemies":"2 Fungi Beasts","floor":14,"turns":3},{"damage":0,"enemies":"3 Louse","floor":15,"turns":3},{"damage":12,"enemies":"downfall:Defect","floor":16,"turns":6}],"seed_played":"8311784361615121312","potions_obtained":[{"floor":2.0,"key":"BlessingOfTheForge"},{"floor":8,"key":"LiquidBronze"},{"floor":10,"key":"ColorlessPotion"},{"floor":11,"key":"ColorlessPotion"},{"floor":12,"key":"sneckomod:MuddlingPotion"},{"floor":15,"key":"Elixir"}],"is_trial":false,"path_per_floor":["R","M","?","$","M","R","T","M","?","E","M","M","R","M","M","B"],"character_chosen":"GUARDIAN","items_purchased":["Guardian:SpikerProtocol+1"],"campfire_rested":0,"item_purchase_floors":[4],"current_hp_per_floor":[80,79,79,74,74,74,74,74,62,16,15,13,13,11,11,0,0,0],"gold":176,"neow_bonus":"ONE_RARE_RELIC","is_daily":false,"chose_seed":false,"campfire_upgraded":0,"win_rate":0.0,"timestamp":1609009976,"path_taken":["R","M","?","$","M","R","T","M","?","E","M","M","R","M","M","BOSS"],"items_purchased_type":["Card"],"build_version":"2020-12-22","purchased_purges":0,"victory":false,"max_hp_per_floor":[80,80,80,80,80,80,80,80,80,80,80,80,80,80,80,80,80,80],"card_choices":[{"not_picked":["Guardian:PrismaticBeam","Guardian:TemporalStrike"],"picked":"Guardian:DecasProtection","floor":2.0},{"not_picked":["Guardian:Gem_Blue","Guardian:VentSteam"],"picked":"Guardian:Gem_Crimson","floor":4.0},{"not_picked":["Guardian:Emergency","Guardian:Recover"],"picked":"Guardian:Incinerate","floor":5.0},{"not_picked":["Guardian:RollAttack","Guardian:PrismaticBeam"],"picked":"Guardian:Gem_Orange","floor":8},{"not_picked":["Guardian:Preprogram","Guardian:SentryBeam"],"picked":"Guardian:ChargeCore","floor":9},{"not_picked":["Guardian:PrismaticBeam","Guardian:Preprogram"],"picked":"Guardian:Gem_Fragmented","floor":10},{"not_picked":["Guardian:MultiBeam","Guardian:TemporalStrike"],"picked":"Guardian:Gem_Blue","floor":11},{"not_picked":["Guardian:WalkerClaw","Guardian:Gem_Green"],"picked":"Guardian:DecasProtection","floor":12},{"not_picked":["Guardian:DecasProtection","Guardian:Gem_Purple"],"picked":"Guardian:SphericShield","floor":14},{"not_picked":["Guardian:TemporalShield","Guardian:WalkerClaw"],"picked":"Guardian:GuardianWhirl","floor":15}],"player_experience":178460,"relics_obtained":[{"floor":1.0,"key":"Frozen Egg 2"},{"floor":6.0,"key":"Shuriken"},{"floor":7,"key":"Mummified Hand"},{"floor":9,"key":"Odd Mushroom"},{"floor":10,"key":"Happy Flower"},{"floor":13,"key":"Lantern"}],"event_choices":[{"damage_healed":0,"gold_gain":0,"player_choice":"Fought Mushrooms","damage_taken":0,"max_hp_gain":0,"max_hp_loss":0,"event_name":"Mushrooms","floor":9,"gold_loss":0}],"is_beta":false,"boss_relics":[],"items_purged_floors":[],"is_endless":false,"potions_floor_spawned":[2,8,10,11,12,15],"killed_by":"downfall:Defect","ascension_level":0}}