{"host":"j204k34h42bd6fas","time":1609018507,"event":{"mods":["Aspiration","BaseMod","Colored Map","Colored Powertips","Conspire","Energized Spire","Hubris","Infinite Spire","JesterMod","Mimic Mod","Minty Spire (QoL Compilation)","Rare Cards Sparkle","Relic Stats","Replay The Spire","Say the Spire","StSLib","The Cursed","The Marked"],"gold_per_floor":[109,109,128,141,66,94,104,121,121,121,121,121],"floor_reached":11,"playtime":444,"items_purged":[],"score":94,"play_id":"82818fa1-23bb-4312-89c0-5a8b8388aed5","local_time":"20201226163507","is_ascension_mode":true,"campfire_choices":[{"floor":10,"key":"REST"}],"circlet_count":0,"master_deck":["Strike_G","Strike_G","Strike_G","Strike_G","Strike_G","Defend_G","Defend_G","Defend_G","Defend_G","Defend_G","Survivor","Neutralize","Riddle With Holes","Flying Knee","Quick Slash","Slice","Outmaneuver","Dagger Throw","Acrobatics"],"relics":["Ring of the Snake","NeowsBlessing","aspiration:FetidBarrel","Quantum Egg","hubris:DisguiseKit"],"acts_visited":["Exordium"],"potions_floor_usage":[],"damage_taken":[{"damage":3,"enemies":"conspire:RoseBush","floor":1,"turns":1},{"damage":0,"enemies":"Cultist","floor":3,"turns":1},{"damage":0,"enemies":"infinitespire:Voidling","floor":4,"turns":1},{"damage":22,"enemies":"3 Sentries","floor":6,"turns":7},{"damage":0,"enemies":"2 Fungi Beasts","floor":7,"turns":3},{"damage":13,"enemies":"3 Louse","floor":8,"turns":3},{"damage":53,"enemies":"Lagavulin","floor":11,"turns":6}],"seed_played":"909928502518028922","potions_obtained":[{"floor":6,"key":"SpeedPotion"},{"floor":8,"key":"Venom Potion"}],"is_trial":false,"path_per_floor":["M","?","M","M","$","E","M","M","T","R","E"],"character_chosen":"THE_SILENT","items_purchased":["Quick Slash","Slice"],"campfire_rested":1,"item_purchase_floors":[5,5],"current_hp_per_floor":[67,67,67,67,67,45,45,32,32,53,0,0],"gold":121,"neow_bonus":"THREE_ENEMY_KILL","is_daily":false,"chose_seed":false,"campfire_upgraded":0,"win_rate":0.0,"timestamp":1609018507,"path_taken":["M","?","M","?","$","E","?","M","T","R","E"],"items_purchased_type":["Card","Card"],"build_version":"2020-12-22","purchased_purges":0,"victory":false,"max_hp_per_floor":[70,70,70,70,70,70,70,70,70,70,70,70],"relic_stats":{"counters":[7,22],"obtain_stats":[{"hubris:DisguiseKit":9,"NeowsBlessing":0,"aspiration:FetidBarrel":2,"Quantum Egg":6,"Ring of the Snake":0},{"hubris:DisguiseKit":6,"NeowsBlessing":0,"aspiration:FetidBarrel":1,"Quantum Egg":4,"Ring of the Snake":0},{"hubris:DisguiseKit":16,"NeowsBlessing":0,"aspiration:FetidBarrel":1,"Quantum Egg":10,"Ring of the Snake":0}],"Ring of the Snake":[14]},"card_choices":[{"not_picked":["Hidden Blade","Prepared"],"picked":"Quick Slash","floor":1},{"not_picked":["Dagger Throw","Flechettes"],"picked":"Riddle With Holes","floor":3},{"not_picked":["Quick Slash","ReplayTheSpireMod:Exploit Weakness"],"picked":"Flying Knee","floor":4},{"not_picked":["Draining Mist","Deadly Poison"],"picked":"Outmaneuver","floor":6},{"not_picked":["Cloak And Dagger","Underhanded Strike"],"picked":"Dagger Throw","floor":7},{"not_picked":["hubris:Counter","Leg Sweep"],"picked":"Acrobatics","floor":8}],"player_experience":313206,"relics_obtained":[{"floor":6,"key":"Quantum Egg"},{"floor":9,"key":"hubris:DisguiseKit"}],"event_choices":[{"cards_removed":["Quick Slash"],"damage_healed":0,"gold_gain":0,"player_choice":"Gave Card","damage_taken":0,"relics_obtained":["aspiration:FetidBarrel"],"max_hp_gain":0,"max_hp_loss":0,"event_name":"WeMeetAgain","floor":2,"gold_loss":0}],"is_beta":false,"boss_relics":[],"items_purged_floors":[],"is_endless":false,"potions_floor_spawned":[6,8],"killed_by":"Lagavulin","ascension_level":5}}