{"host":"bbcqjedmotowk2e9","time":1609003110,"event":{"mods":["AchievementEnabler","Aspiration","BaseMod","Colored Powertips","Energized Spire","GifTheSpireLib","Halation","Hubris","Hyrulean Relics","Infinite Spire","Marisa????????","Minty Spire (QoL Compilation)","Permanent Neow","Quick Restart","Relic Stats","Replay The Spire","Spires And Sneckos","StSLib","Stuff the Spire","Synergy Search","The Disciple"],"gold_per_floor":[114,129,144,76,76,106,121,121,121,121,136,136,151,166,166,266,266,281,281,281,281,281],"floor_reached":21,"playtime":1014,"items_purged":[],"score":181,"play_id":"5dc2572b-ae72-4758-a6af-e4379b6829a2","local_time":"20201226201830","daily_mods":["SealedDeck","Diverse","Binary"],"is_ascension_mode":false,"campfire_choices":[{"data":"BeatsPerMinute","floor":10,"key":"SMITH"},{"data":"White Noise","floor":12,"key":"SMITH"},{"floor":15,"key":"REST"}],"circlet_count":0,"master_deck":["Allegro+1","Misterioso+1","Rallentando+1","Allegro+1","Accelerando","Moderato","ThirdEye","Leap","LockedAnchor","Replay:Undeath\u0027s Touch","DragonMeteor","Hidden Blade","Quick Slash","MilkyWay","White Noise+1","Protect","BeatsPerMinute+1","MysteriousBeam","Core Surge","Clumsy"],"relics":["Cracked Core","ReplayTheSpireMod:TigerMarble","Dream Catcher","InkBottle","halation:Risk"],"acts_visited":["Exordium","TheCity"],"potions_floor_usage":[],"damage_taken":[{"damage":4,"enemies":"infinitespire:Voidling","floor":1,"turns":4},{"damage":0,"enemies":"Small Slimes","floor":2,"turns":3},{"damage":4,"enemies":"Cultist","floor":3,"turns":4},{"damage":29,"enemies":"Gremlin Nob","floor":6,"turns":4},{"damage":1,"enemies":"2 Fungi Beasts","floor":7,"turns":3},{"damage":0,"enemies":"Looter","floor":11,"turns":2},{"damage":0,"enemies":"Large Slime","floor":13,"turns":5},{"damage":4,"enemies":"Gremlin Gang","floor":14,"turns":4},{"damage":14,"enemies":"Slime Boss","floor":16,"turns":8},{"damage":36,"enemies":"2 Thieves","floor":18,"turns":4}],"seed_played":"5451747836825439005","potions_obtained":[{"floor":3,"key":"Explosive Potion"},{"floor":7,"key":"ColorlessPotion"},{"floor":16,"key":"FocusPotion"}],"is_trial":false,"path_per_floor":["M","M","M","$","?","E","M","$","T","R","M","R","M","M","R","B",null,"M","?","AVR","?"],"character_chosen":"DEFECT","items_purchased":["BeatsPerMinute"],"campfire_rested":1,"item_purchase_floors":[4],"current_hp_per_floor":[75,75,71,71,71,42,41,41,41,41,41,41,41,37,59,45,75,39,39,39,39,39],"gold":281,"neow_bonus":"","is_daily":true,"chose_seed":false,"campfire_upgraded":2,"win_rate":0.0,"timestamp":1609003110,"path_taken":["M","?","M","$","?","E","M","?","T","R","M","R","M","M","R","BOSS","M","?","AVR","?"],"items_purchased_type":["Card"],"build_version":"2020-12-22","purchased_purges":0,"victory":false,"max_hp_per_floor":[75,75,75,75,75,75,75,75,75,75,75,75,75,75,75,75,75,75,75,75,75,75],"relic_stats":{"Dream Catcher":1,"counters":[10,41],"obtain_stats":[{"Dream Catcher":6,"ReplayTheSpireMod:TigerMarble":5,"Cracked Core":0,"InkBottle":9,"halation:Risk":17},{"Dream Catcher":4,"ReplayTheSpireMod:TigerMarble":3,"Cracked Core":0,"InkBottle":5,"halation:Risk":9},{"Dream Catcher":15,"ReplayTheSpireMod:TigerMarble":11,"Cracked Core":0,"InkBottle":18,"halation:Risk":37}],"InkBottle":[8]},"card_choices":[{"not_picked":["Conserve Battery","Wireheading"],"picked":"SKIP","floor":1},{"not_picked":["Turbo","Loop"],"picked":"SKIP","floor":2},{"not_picked":["Dodge and Roll"],"picked":"Protect","floor":3},{"not_picked":["Capacitor","Slice"],"picked":"SKIP","floor":6},{"not_picked":["Dagger Throw","Sucker Punch"],"picked":"SKIP","floor":7},{"not_picked":["Quick Slash","WitchOfGreed"],"picked":"SKIP","floor":11},{"not_picked":["Sweeping Beam","Dagger Throw"],"picked":"SKIP","floor":13},{"not_picked":["FlurryOfBlows"],"picked":"MysteriousBeam","floor":14},{"not_picked":["Glass Knife"],"picked":"Core Surge","floor":16},{"not_picked":["Collect","WitchLeyline+1"],"picked":"SKIP","floor":18}],"player_experience":562769,"relics_obtained":[{"floor":6,"key":"Dream Catcher"},{"floor":9,"key":"InkBottle"}],"event_choices":[{"cards_removed":["Nirvana"],"damage_healed":0,"gold_gain":0,"player_choice":"Gave Card","damage_taken":0,"relics_obtained":["ReplayTheSpireMod:TigerMarble"],"max_hp_gain":0,"max_hp_loss":0,"event_name":"WeMeetAgain","floor":5,"gold_loss":0}],"is_beta":false,"boss_relics":[{"not_picked":["energizedSpire:OgreHead","aspiration:IroncladSkillbook"],"picked":"halation:Risk"}],"items_purged_floors":[],"is_endless":false,"potions_floor_spawned":[3,7,16],"ascension_level":0}}