{"host":"zig6x0mxqzam82fb","time":1609026321,"event":{"mods":["BaseMod","Block Reminder","Colored Map","Colored Powertips","Minty Spire (QoL Compilation)","Relic Stats"],"gold_per_floor":[218,233,165,180,199,224,224,254,254,254,273,289,302,302,302,398,398,413,423,435,6,6,6,41,41,87,103,103,103,122,122,122],"floor_reached":31,"playtime":2209,"items_purged":[],"score":373,"play_id":"684eb760-1718-49cc-9856-f7fbfaca3da5","local_time":"20201226184521","is_ascension_mode":true,"campfire_choices":[{"floor":7,"key":"REST"},{"data":"Noxious Fumes","floor":10,"key":"SMITH"},{"floor":15,"key":"REST"},{"data":"Wraith Form v2","floor":23,"key":"SMITH"},{"floor":25,"key":"REST"},{"data":"Terror","floor":28,"key":"SMITH"}],"circlet_count":0,"master_deck":["Defend_G+1","Defend_G+1","Defend_G+1","Defend_G+1","Defend_G+1","Survivor","Neutralize","Terror+1","Crippling Poison","Quick Slash","Deadly Poison","Poisoned Stab","Glass Knife","Noxious Fumes+1","Catalyst","All Out Attack","Poisoned Stab","Noxious Fumes","Sucker Punch","Poisoned Stab","Infinite Blades","Bullet Time+1","Backflip+1","Blade Dance+1","Burst+1","PiercingWail+1","Dash","Cloak And Dagger+1","Burst+1","Wraith Form v2+1","Bite","Bite","Bite","Bite","Bite","Noxious Fumes","Normality","Setup+1","Acrobatics+1","Wraith Form v2","Backflip+1"],"relics":["Ring of the Snake","Pear","Paper Crane","Prayer Wheel","Toxic Egg 2","Cursed Key","Toolbox","The Specimen","Juzu Bracelet"],"acts_visited":["Exordium","TheCity"],"potions_floor_usage":[8,13,18,24,27,27],"damage_taken":[{"damage":2,"enemies":"Cultist","floor":1,"turns":4},{"damage":0,"enemies":"2 Louse","floor":2,"turns":3},{"damage":1,"enemies":"Jaw Worm","floor":4,"turns":4},{"damage":23,"enemies":"Exordium Thugs","floor":5,"turns":4},{"damage":22,"enemies":"3 Sentries","floor":6,"turns":8},{"damage":2,"enemies":"Gremlin Nob","floor":8,"turns":3},{"damage":0,"enemies":"Large Slime","floor":11,"turns":3},{"damage":6,"enemies":"Looter","floor":12,"turns":2},{"damage":4,"enemies":"3 Louse","floor":13,"turns":3},{"damage":2,"enemies":"Slime Boss","floor":16,"turns":7},{"damage":6,"enemies":"3 Byrds","floor":18,"turns":4},{"damage":23,"enemies":"2 Thieves","floor":19,"turns":3},{"damage":9,"enemies":"Centurion and Healer","floor":20,"turns":6},{"damage":19,"enemies":"Slavers","floor":24,"turns":6},{"damage":2,"enemies":"Chosen and Byrds","floor":27,"turns":4},{"damage":48,"enemies":"Cultist and Chosen","floor":30,"turns":8},{"damage":14,"enemies":"Shelled Parasite and Fungi","floor":31,"turns":2}],"seed_played":"7249081425663915418","potions_obtained":[{"floor":1,"key":"Swift Potion"},{"floor":2,"key":"SpeedPotion"},{"floor":6,"key":"SkillPotion"},{"floor":13,"key":"SneckoOil"},{"floor":24,"key":"CunningPotion"},{"floor":27,"key":"BlessingOfTheForge"}],"is_trial":false,"path_per_floor":["M","M","$","M","M","E","R","E","T","R","M","M","M","T","R","B",null,"M","M","M","$","?","R","E","R","T","M","R","?","M","M"],"character_chosen":"THE_SILENT","items_purchased":["Quick Slash","Deadly Poison","Burst+1","Wraith Form v2","Toolbox","Fire Potion"],"campfire_rested":3,"item_purchase_floors":[3,3,21,21,21,21],"current_hp_per_floor":[68,68,68,67,44,32,56,54,54,54,54,48,44,44,68,66,80,74,51,42,42,42,42,29,45,45,49,49,49,7,0,0],"gold":122,"neow_bonus":"HUNDRED_GOLD","is_daily":false,"chose_seed":false,"campfire_upgraded":3,"win_rate":0.0,"timestamp":1609026321,"path_taken":["M","M","$","M","?","E","R","E","T","R","?","M","?","?","R","BOSS","M","M","M","$","?","R","E","R","T","M","R","?","M","M"],"items_purchased_type":["Card","Card","Card","Card","Relic","Potion"],"build_version":"2020-12-22","purchased_purges":0,"victory":false,"max_hp_per_floor":[70,70,70,70,70,80,80,80,80,80,80,80,80,80,80,80,80,80,80,80,80,56,56,56,56,56,56,56,56,56,56,56],"relic_stats":{"counters":[17,74],"Prayer Wheel":8,"Juzu Bracelet":0,"Cursed Key":1,"obtain_stats":[{"Pear":6,"The Specimen":24,"Toolbox":21,"Prayer Wheel":9,"Juzu Bracelet":26,"Paper Crane":8,"Toxic Egg 2":14,"Cursed Key":17,"Ring of the Snake":0},{"Pear":5,"The Specimen":14,"Toolbox":13,"Prayer Wheel":6,"Juzu Bracelet":14,"Paper Crane":6,"Toxic Egg 2":9,"Cursed Key":10,"Ring of the Snake":0},{"Pear":23,"The Specimen":60,"Toolbox":54,"Prayer Wheel":26,"Juzu Bracelet":60,"Paper Crane":26,"Toxic Egg 2":34,"Cursed Key":41,"Ring of the Snake":0}],"Ring of the Snake":[34]},"card_choices":[{"not_picked":["Dagger Spray","Endless Agony"],"picked":"Terror","floor":1},{"not_picked":["Prepared","Well Laid Plans"],"picked":"Crippling Poison","floor":2},{"not_picked":["Deadly Poison","Calculated Gamble"],"picked":"Poisoned Stab","floor":4},{"not_picked":["Cloak And Dagger","Quick Slash"],"picked":"Glass Knife","floor":5},{"not_picked":["Blade Dance","PiercingWail"],"picked":"Noxious Fumes","floor":6},{"not_picked":["Finisher","Flechettes"],"picked":"Catalyst","floor":8},{"not_picked":["Expertise","Outmaneuver"],"picked":"All Out Attack","floor":11},{"not_picked":["Prepared","Sucker Punch"],"picked":"Poisoned Stab","floor":11},{"not_picked":["Doppelganger","Accuracy"],"picked":"Noxious Fumes","floor":12},{"not_picked":["Outmaneuver","Blade Dance"],"picked":"Sucker Punch","floor":12},{"not_picked":["Dagger Spray","Accuracy"],"picked":"Poisoned Stab","floor":13},{"not_picked":["Terror","Endless Agony"],"picked":"Infinite Blades","floor":13},{"not_picked":["After Image","Glass Knife"],"picked":"Bullet Time+1","floor":16},{"not_picked":["Outmaneuver+1","Underhanded Strike+1"],"picked":"Backflip+1","floor":18},{"not_picked":["Slice","PiercingWail+1"],"picked":"Blade Dance+1","floor":18},{"not_picked":["Catalyst+1","Predator"],"picked":"Burst+1","floor":19},{"not_picked":["Dagger Throw+1","Quick Slash+1"],"picked":"PiercingWail+1","floor":19},{"not_picked":["Quick Slash","Deflect+1"],"picked":"Dash","floor":20},{"not_picked":["Underhanded Strike","Flying Knee+1"],"picked":"Cloak And Dagger+1","floor":20},{"not_picked":["Acrobatics+1","Calculated Gamble+1"],"picked":"Noxious Fumes","floor":24},{"not_picked":["Calculated Gamble+1","Quick Slash"],"picked":"Setup+1","floor":27},{"not_picked":["Underhanded Strike","Dagger Throw"],"picked":"Acrobatics+1","floor":27},{"not_picked":["Deflect+1","Deadly Poison+1"],"picked":"Wraith Form v2","floor":30},{"not_picked":["Skewer","Acrobatics+1"],"picked":"Backflip+1","floor":30}],"player_experience":343957,"relics_obtained":[{"floor":6,"key":"Pear"},{"floor":8,"key":"Paper Crane"},{"floor":9,"key":"Prayer Wheel"},{"floor":14,"key":"Toxic Egg 2"},{"floor":24,"key":"The Specimen"},{"floor":26,"key":"Juzu Bracelet"}],"event_choices":[{"damage_healed":0,"gold_gain":0,"player_choice":"Became a vampire","damage_taken":0,"max_hp_gain":0,"max_hp_loss":24,"event_name":"Vampires","floor":22,"gold_loss":0,"cards_obtained":["Bite","Bite","Bite","Bite","Bite"]},{"damage_healed":0,"gold_gain":0,"player_choice":"Simplicity","damage_taken":0,"max_hp_gain":0,"max_hp_loss":0,"event_name":"Back to Basics","floor":29,"gold_loss":0,"cards_upgraded":["Defend_G","Defend_G","Defend_G","Defend_G","Defend_G"]}],"is_beta":false,"boss_relics":[{"not_picked":["Snecko Eye","HoveringKite"],"picked":"Cursed Key"}],"items_purged_floors":[],"is_endless":false,"potions_floor_spawned":[1,2,6,13,24,27],"killed_by":"Shelled Parasite and Fungi","ascension_level":4}}