{"host":"kev6uqotw4tlyx8l","time":1609025851,"event":{"mods":["Act Like it!","Aspiration","BaseMod","Colored Powertips","Dota2Spire","Downfall","Hallownest","Infinite Spire","Marisa????????","Minty Spire (QoL Compilation)","Quick Restart","Remilia??????","Replay The Spire","StSLib","The Cursed","The Jungle","The Marked","The Mystic","The Servant 0.9.4"],"gold_per_floor":[118,118,133,143,157,157,192,209,209,221,69,81,81,150,150,150,150],"floor_reached":16,"playtime":378,"items_purged":[],"score":104,"play_id":"dbbe228f-42ff-4cf7-be23-149f5cb4769f","local_time":"20201227063731","is_ascension_mode":false,"campfire_choices":[{"data":"Hidden Blade","floor":6,"key":"SMITH"},{"floor":13,"key":"REST"},{"data":"ReplayTheSpireMod:Scrap Shanks","floor":15,"key":"SMITH"}],"circlet_count":0,"master_deck":["Strike_G","Strike_G","Strike_G","Strike_G","Strike_G","Defend_G","Defend_G","Defend_G","Defend_G","Defend_G","Survivor","Neutralize","Dagger Throw","Flying Knee","Underhanded Strike","Hidden Blade+1","Deflect","Prepared","PiercingWail","ReplayTheSpireMod:Scrap Shanks+1","Underhanded Strike","Flying Knee","Prepared"],"relics":["Ring of the Snake","NeowsBlessing","Meat on the Bone","infinitespire:Eraser","Dota2Spire:BlackKingBar"],"acts_visited":["Exordium"],"potions_floor_usage":[7,16],"damage_taken":[{"damage":0,"enemies":"Cultist","floor":1,"turns":1},{"damage":0,"enemies":"Small Slimes","floor":3,"turns":1},{"damage":0,"enemies":"2 Louse","floor":4,"turns":1},{"damage":0,"enemies":"Looter","floor":5,"turns":3},{"damage":8,"enemies":"Gremlin Nob","floor":7,"turns":3},{"damage":8,"enemies":"2 Fungi Beasts","floor":8,"turns":3},{"damage":9,"enemies":"Red Slaver","floor":10,"turns":3},{"damage":6,"enemies":"Looter","floor":12,"turns":3},{"damage":63,"enemies":"The Guardian","floor":16,"turns":8}],"seed_played":"7756697936995766015","potions_obtained":[{"floor":3,"key":"infinitespire:BlackPotion"},{"floor":5,"key":"Milkshake"},{"floor":10,"key":"champ:CounterPotion"}],"is_trial":false,"path_per_floor":["M","T","M","M","M","R","E","M","T","M","$","M","R","?","R","B"],"character_chosen":"THE_SILENT","items_purchased":["ReplayTheSpireMod:Scrap Shanks","Underhanded Strike","Flying Knee"],"campfire_rested":1,"item_purchase_floors":[11,11,11],"current_hp_per_floor":[70,70,70,70,70,70,62,54,54,45,45,39,60,60,60,0,0],"gold":150,"neow_bonus":"THREE_ENEMY_KILL","is_daily":false,"chose_seed":false,"campfire_upgraded":2,"win_rate":0.0,"timestamp":1609025851,"path_taken":["M","?","?","M","M","R","E","M","T","M","$","M","R","?","R","BOSS"],"items_purchased_type":["Card","Card","Card"],"build_version":"2020-12-22","purchased_purges":0,"victory":false,"max_hp_per_floor":[70,70,70,70,70,70,70,70,70,70,70,70,70,70,70,70,70],"card_choices":[{"not_picked":["Deadly Poison","Flechettes"],"picked":"Dagger Throw","floor":1},{"not_picked":["Deadly Poison","Hidden Blade"],"picked":"Flying Knee","floor":3},{"not_picked":["Dagger Throw","Dodge and Roll"],"picked":"Underhanded Strike","floor":4},{"not_picked":["Sucker Punch","Deadly Poison"],"picked":"Hidden Blade","floor":5},{"not_picked":["Flying Knee","Venomology"],"picked":"Deflect","floor":7},{"not_picked":["Deflect","PiercingWail"],"picked":"Prepared","floor":8},{"not_picked":["Masterful Stab","Toxin Wave"],"picked":"PiercingWail","floor":10},{"not_picked":["PiercingWail","All Out Attack"],"picked":"Prepared","floor":12}],"player_experience":12711,"relics_obtained":[{"floor":2,"key":"Meat on the Bone"},{"floor":7,"key":"infinitespire:Eraser"},{"floor":9,"key":"Dota2Spire:BlackKingBar"}],"event_choices":[{"damage_healed":0,"gold_gain":69,"player_choice":"Gained Gold","damage_taken":0,"max_hp_gain":0,"max_hp_loss":0,"event_name":"Golden Wing","floor":14,"gold_loss":0}],"is_beta":false,"boss_relics":[],"items_purged_floors":[],"is_endless":false,"potions_floor_spawned":[3,5,10],"killed_by":"The Guardian","ascension_level":0}}