{"host":"a7dhdzm3fda48fos","time":1609010222,"event":{"mods":["AchievementEnabler","BaseMod","Card Forge","Colored Map","Gold Saver","Minty Spire (QoL Compilation)","Remove Card Discount Mod","Shop Mod","StSLib"],"gold_per_floor":[172,186,201,201,221,221,246,246,246,321,354,365,377,391,391,492,492,502,520,432,432,347,347,372,372,399,436,462,574,597,623,635,748,760,790,802,549,549,561,594,607,607,607,623,623,643,643,221,221,221],"floor_reached":51,"playtime":2965,"items_purged":[],"score":779,"play_id":"23880b0b-4a32-4f7f-8307-1ed9c30ed43b","local_time":"20201226201702","is_ascension_mode":false,"campfire_choices":[{"data":"Self Repair","floor":6,"key":"SMITH"},{"data":"Force Field","floor":8,"key":"SMITH"},{"floor":15,"key":"REST"},{"floor":32,"key":"REST"},{"floor":45,"key":"REST"},{"floor":49,"key":"REST"}],"circlet_count":0,"master_deck":["Defragment+1","Electrodynamics+1","Capacitor+1","Loop+1","Amplify+1","Rebound+1","Fusion+1","Rebound+1","Self Repair+1","Force Field+1","Conserve Battery+1","Machine Learning+1","Capacitor+1","Enlightenment+1","Aggregate+1","Defragment+1","Double Energy+1","Bandage Up+1","Genetic Algorithm+1","Consume+1","Storm+1","Master of Strategy+1","Static Discharge+1"],"relics":["Cracked Core","Hammer of Thor","Seething Fire","Anvil of the Gods","Blood Vial","Toxic Egg 2","Eternal Feather","Runic Pyramid","MutagenicStrength","Pear","Ornamental Fan","Dream Catcher","Philosopher\u0027s Stone","MerchantsRug","Bottled Tornado","HornCleat","Frozen Egg 2","Pen Nib","Sundial"],"acts_visited":["Exordium","TheCity","TheBeyond"],"potions_floor_usage":[11,14,44,44],"damage_taken":[{"damage":10,"enemies":"2 Louse","floor":1,"turns":3},{"damage":11,"enemies":"Jaw Worm","floor":2,"turns":2},{"damage":7,"enemies":"Small Slimes","floor":3,"turns":2},{"damage":10,"enemies":"Looter","floor":5,"turns":2},{"damage":0,"enemies":"Gremlin Nob","floor":7,"turns":2},{"damage":13,"enemies":"Lagavulin","floor":11,"turns":4},{"damage":21,"enemies":"Red Slaver","floor":12,"turns":3},{"damage":19,"enemies":"2 Fungi Beasts","floor":13,"turns":4},{"damage":11,"enemies":"Gremlin Gang","floor":14,"turns":3},{"damage":30,"enemies":"The Guardian","floor":16,"turns":8},{"damage":7,"enemies":"Shell Parasite","floor":18,"turns":4},{"damage":24,"enemies":"2 Thieves","floor":19,"turns":3},{"damage":27,"enemies":"Gremlin Leader","floor":24,"turns":4},{"damage":39,"enemies":"Slavers","floor":27,"turns":3},{"damage":10,"enemies":"Cultist and Chosen","floor":28,"turns":3},{"damage":28,"enemies":"Centurion and Healer","floor":30,"turns":4},{"damage":21,"enemies":"Snake Plant","floor":31,"turns":2},{"damage":40,"enemies":"Champ","floor":33,"turns":5},{"damage":18,"enemies":"3 Shapes","floor":35,"turns":3},{"damage":54,"enemies":"3 Darklings","floor":39,"turns":3},{"damage":39,"enemies":"Nemesis","floor":40,"turns":5},{"damage":25,"enemies":"Sphere and 2 Shapes","floor":41,"turns":4},{"damage":42,"enemies":"Jaw Worm Horde","floor":44,"turns":4},{"damage":22,"enemies":"Spire Growth","floor":46,"turns":4},{"damage":64,"enemies":"Time Eater","floor":50,"turns":6}],"seed_played":"-5930127094436583966","potions_obtained":[{"floor":2,"key":"Weak Potion"},{"floor":5,"key":"SpeedPotion"},{"floor":11,"key":"Strength Potion"},{"floor":13,"key":"ColorlessPotion"},{"floor":19,"key":"Explosive Potion"},{"floor":27,"key":"Block Potion"},{"floor":35,"key":"FocusPotion"},{"floor":41,"key":"Weak Potion"}],"is_trial":false,"path_per_floor":["M","M","M","$","M","R","E","R","T","?","E","M","M","M","R","B",null,"M","M","$","?","?","?","E","T","T","E","M","?","M","M","R","B",null,"M","?","$","?","M","E","M","$","T","M","R","M","?","$","R","B",null],"character_chosen":"DEFECT","items_purchased":["Enlightenment+1","MerchantsRug","Bottled Tornado","Master of Strategy+1","Sundial"],"campfire_rested":4,"item_purchase_floors":[20,37,37,48,48],"current_hp_per_floor":[72,61,54,54,44,44,44,44,44,33,42,23,26,37,70,62,82,82,58,58,58,58,82,75,75,75,58,70,70,64,45,81,63,92,92,92,92,102,58,47,50,50,50,10,52,52,52,52,94,48],"gold":221,"neow_bonus":"TEN_PERCENT_HP_BONUS","is_daily":false,"chose_seed":false,"campfire_upgraded":2,"win_rate":0.0,"timestamp":1609010222,"path_taken":["M","M","M","$","M","R","E","R","T","?","E","M","M","M","R","BOSS","M","M","$","?","?","?","E","?","T","E","?","?","?","M","R","BOSS","M","?","$","?","M","E","M","$","T","?","R","M","?","?","R","BOSS"],"items_purchased_type":["Card","Relic","Relic","Card","Relic"],"build_version":"2020-12-22","purchased_purges":0,"victory":true,"max_hp_per_floor":[82,82,82,82,82,82,82,82,82,82,82,82,82,82,82,82,82,82,82,82,82,82,82,92,92,92,92,92,92,92,92,92,92,92,92,92,92,102,102,102,102,102,102,102,102,102,102,102,102,102],"card_choices":[{"not_picked":["Sweeping Beam","Melter"],"picked":"Rebound","floor":1},{"not_picked":["Leap","Coolheaded"],"picked":"Fusion","floor":2},{"not_picked":["Gash","Sweeping Beam"],"picked":"Rebound","floor":3},{"not_picked":["Tempest","Cold Snap"],"picked":"Self Repair","floor":5},{"not_picked":["Aggregate","Melter"],"picked":"Force Field","floor":7},{"not_picked":["Hologram+1","Steam Power+1","Barrage"],"picked":"SKIP","floor":11},{"not_picked":["Beam Cell","Steam+1","Stack+1"],"picked":"SKIP","floor":12},{"not_picked":["Heatsinks","Sweeping Beam"],"picked":"Machine Learning","floor":13},{"not_picked":["Melter","Redo+1"],"picked":"Conserve Battery+1","floor":14},{"not_picked":["All For One","Multi-Cast+1"],"picked":"Machine Learning","floor":16},{"not_picked":["Ball Lightning","Beam Cell"],"picked":"Capacitor","floor":18},{"not_picked":["Rebound","Go for the Eyes+1","Hologram+1"],"picked":"SKIP","floor":19},{"not_picked":["Chaos+1","Heatsinks","Scrape+1"],"picked":"SKIP","floor":24},{"not_picked":["Aggregate+1","Reinforced Body+1","Melter+1"],"picked":"SKIP","floor":27},{"not_picked":["Streamline+1","Cold Snap+1"],"picked":"Aggregate+1","floor":28},{"not_picked":["Rebound+1","Sweeping Beam+1"],"picked":"Defragment","floor":30},{"not_picked":["Beam Cell+1","Barrage+1","Capacitor"],"picked":"SKIP","floor":31},{"not_picked":["Amplify+1","All For One+1"],"picked":"Reboot+1","floor":33},{"not_picked":["Hologram+1","Hello World"],"picked":"Double Energy+1","floor":35},{"not_picked":["The Bomb+1","PanicButton+1"],"picked":"Bandage Up+1","floor":36},{"not_picked":["Storm","Ball Lightning+1","Barrage"],"picked":"SKIP","floor":39},{"not_picked":["Darkness+1","Rebound+1","Coolheaded+1"],"picked":"SKIP","floor":40},{"not_picked":["Leap+1","Barrage+1","Beam Cell+1"],"picked":"SKIP","floor":41},{"not_picked":["Reprogram+1","Gash","Streamline+1"],"picked":"SKIP","floor":44},{"not_picked":["Multi-Cast+1","Streamline"],"picked":"Defragment+1","floor":45},{"not_picked":["Hello World+1","Loop+1","Beam Cell+1"],"picked":"SKIP","floor":46},{"not_picked":["Loop+1","Heatsinks+1"],"picked":"Static Discharge+1","floor":49}],"player_experience":29345,"relics_obtained":[{"floor":7,"key":"Blood Vial"},{"floor":9,"key":"Toxic Egg 2"},{"floor":11,"key":"Eternal Feather"},{"floor":24,"key":"Pear"},{"floor":25,"key":"Ornamental Fan"},{"floor":26,"key":"MawBank"},{"floor":27,"key":"Dream Catcher"},{"floor":40,"key":"HornCleat"},{"floor":43,"key":"Frozen Egg 2"}],"event_choices":[{"damage_healed":0,"gold_gain":75,"player_choice":"Gather Gold","damage_taken":11,"max_hp_gain":0,"max_hp_loss":0,"event_name":"World of Goop","floor":10,"gold_loss":0},{"damage_healed":0,"gold_gain":0,"player_choice":"Inject Mutagens","damage_taken":0,"relics_obtained":["MutagenicStrength"],"max_hp_gain":0,"max_hp_loss":0,"event_name":"Drug Dealer","floor":21,"gold_loss":0},{"damage_healed":0,"gold_gain":0,"player_choice":"Obtained Relic","damage_taken":0,"relics_obtained":["Molten Egg 2"],"max_hp_gain":0,"max_hp_loss":0,"event_name":"Addict","floor":22,"gold_loss":85},{"damage_healed":27,"gold_gain":0,"player_choice":"Heal","damage_taken":0,"max_hp_gain":0,"max_hp_loss":0,"event_name":"The Library","floor":23,"gold_loss":0},{"damage_healed":0,"gold_gain":100,"player_choice":"Pray","damage_taken":0,"max_hp_gain":0,"max_hp_loss":0,"event_name":"Golden Shrine","floor":29,"gold_loss":0},{"damage_healed":0,"gold_gain":0,"player_choice":"Memory 1","damage_taken":0,"max_hp_gain":0,"max_hp_loss":0,"event_name":"SensoryStone","floor":36,"gold_loss":0},{"cards_removed":["Reboot"],"damage_healed":0,"gold_gain":0,"player_choice":"Offered Rare","damage_taken":0,"max_hp_gain":10,"max_hp_loss":0,"event_name":"Bonfire Elementals","floor":38,"gold_loss":0},{"cards_removed":["Defragment"],"damage_healed":0,"gold_gain":0,"player_choice":"Gave Card","damage_taken":0,"relics_obtained":["Pen Nib"],"max_hp_gain":0,"max_hp_loss":0,"event_name":"WeMeetAgain","floor":47,"gold_loss":0}],"is_beta":false,"boss_relics":[{"not_picked":["Ectoplasm","Astrolabe"],"picked":"Runic Pyramid"},{"not_picked":["Nuclear Battery","SlaversCollar"],"picked":"Philosopher\u0027s Stone"}],"items_purged_floors":[],"is_endless":false,"potions_floor_spawned":[2,5,11,13,19,27,28,33,35,41],"ascension_level":0}}