{"host":"kig4ty9d1aubg29s","time":1609002299,"event":{"mods":["BaseMod","Minty Spire (QoL Compilation)","READ ME - Guardian Mod","READ ME - Snecko Mod","StSLib","The Cursed","The Gatherer","The Hierophant","The Runesmith"],"gold_per_floor":[114,44,60,60,60,88,88,115,141,158,189,189,201,218,218,293,293,304,323,323,398,424,458,458,53,128,142,161,161,190,263,263,336,336,350,350,368,386,711,711,711],"floor_reached":40,"playtime":1289,"items_purged":[],"score":919,"play_id":"9501be90-62d3-44ec-9815-cbcf31a1de00","local_time":"20201227020459","is_ascension_mode":true,"campfire_choices":[{"floor":7,"key":"REST"},{"floor":15,"key":"REST"},{"floor":24,"key":"REST"},{"data":"After Image","floor":29,"key":"SMITH"},{"data":"Accuracy","floor":32,"key":"SMITH"}],"circlet_count":0,"master_deck":["AscendersBane","Strike_G","Strike_G+1","Strike_G+1","Strike_G","Strike_G","Defend_G","Defend_G","Defend_G","Defend_G","Defend_G","Survivor","Neutralize","Accuracy+1","Blade Dance","Blade Dance","Slice","Infinite Blades","Cloak And Dagger","Dagger Spray","Dagger Spray","After Image+1","Backstab","Distraction+1","Prepared","Slice","Accuracy","Underhanded Strike","Sucker Punch","Backstab","After Image+1","Leg Sweep+1","Madness","Madness","Infinite Blades+1","PiercingWail","Terror"],"relics":["Ring of the Snake","Orichalcum","Matryoshka","Bag of Marbles","Akabeko","Tiny Chest","Ancient Tea Set","Mercury Hourglass","WristBlade","Whetstone","The Courier","Red Mask","Pear","Bottled Tornado","Regal Pillow","Paper Crane","Tingsha","Frozen Egg 2","Black Star","Old Coin"],"acts_visited":["Exordium","TheCity","TheBeyond"],"potions_floor_usage":[16,22,22,33,40],"damage_taken":[{"damage":18,"enemies":"Jaw Worm","floor":1,"turns":7},{"damage":0,"enemies":"Cultist","floor":3,"turns":4},{"damage":24,"enemies":"Lagavulin","floor":6,"turns":7},{"damage":4,"enemies":"Gremlin Nob","floor":8,"turns":3},{"damage":6,"enemies":"Small Slimes","floor":10,"turns":3},{"damage":26,"enemies":"Lagavulin","floor":11,"turns":5},{"damage":0,"enemies":"Exordium Wildlife","floor":13,"turns":1},{"damage":0,"enemies":"Looter","floor":14,"turns":1},{"damage":14,"enemies":"Hexaghost","floor":16,"turns":6},{"damage":1,"enemies":"3 Byrds","floor":18,"turns":3},{"damage":2,"enemies":"Chosen","floor":19,"turns":3},{"damage":4,"enemies":"Masked Bandits","floor":22,"turns":3},{"damage":0,"enemies":"Slavers","floor":23,"turns":1},{"damage":6,"enemies":"Snake Plant","floor":27,"turns":2},{"damage":0,"enemies":"Centurion and Healer","floor":28,"turns":1},{"damage":6,"enemies":"Book of Stabbing","floor":30,"turns":3},{"damage":21,"enemies":"Collector","floor":33,"turns":6},{"damage":5,"enemies":"3 Darklings","floor":35,"turns":5},{"damage":7,"enemies":"3 Shapes","floor":37,"turns":4},{"damage":11,"enemies":"Jaw Worm Horde","floor":38,"turns":3},{"damage":4,"enemies":"Mind Bloom Boss Battle","floor":39,"turns":6},{"damage":47,"enemies":"Nemesis","floor":40,"turns":4}],"seed_played":"5665319402829952235","potions_obtained":[{"floor":6,"key":"EssenceOfSteel"},{"floor":11,"key":"BlessingOfTheForge"},{"floor":13,"key":"Poison Potion"},{"floor":19,"key":"ColorlessPotion"},{"floor":22,"key":"Ancient Potion"},{"floor":27,"key":"AttackPotion"},{"floor":28,"key":"Explosive Potion"},{"floor":35,"key":"PowerPotion"}],"is_trial":false,"path_per_floor":["M","?","M","?","T","E","R","E","T","M","E","?","M","M","R","B",null,"M","M","?","T","?","E","R","$","T","M","M","R","E","T","R","B",null,"M","?","M","M","?","E"],"character_chosen":"THE_SILENT","items_purchased":["Bottled Tornado","Regal Pillow","Accuracy"],"campfire_rested":3,"item_purchase_floors":[25,25,25],"current_hp_per_floor":[47,47,47,71,71,47,68,64,64,58,32,32,32,32,53,39,64,63,61,41,41,37,47,73,73,73,67,67,67,61,61,61,40,75,70,54,47,36,32,0,0],"gold":711,"neow_bonus":"TEN_PERCENT_HP_BONUS","is_daily":false,"chose_seed":false,"campfire_upgraded":2,"win_rate":0.0,"timestamp":1609002299,"path_taken":["M","?","?","?","?","E","R","E","T","M","E","?","M","?","R","BOSS","M","M","?","?","?","E","R","?","T","?","M","R","E","?","R","BOSS","M","?","M","M","?","E"],"items_purchased_type":["Relic","Relic","Card"],"build_version":"2020-12-22","purchased_purges":0,"victory":false,"max_hp_per_floor":[72,72,72,72,72,72,72,72,72,72,72,72,72,72,72,72,72,72,72,77,77,77,87,87,87,87,87,87,87,87,87,87,87,87,87,87,87,87,87,87,87],"card_choices":[{"not_picked":["Acrobatics","All Out Attack"],"picked":"Accuracy","floor":1},{"not_picked":["Backflip","Acrobatics"],"picked":"Blade Dance","floor":3},{"not_picked":["Footwork","Backstab"],"picked":"Blade Dance","floor":6},{"not_picked":["Backflip","Dagger Throw"],"picked":"Slice","floor":8},{"not_picked":["Setup","Outmaneuver"],"picked":"Infinite Blades","floor":10},{"not_picked":["Dagger Spray","Glass Knife"],"picked":"Cloak And Dagger","floor":11},{"not_picked":["Flechettes","Underhanded Strike"],"picked":"Dagger Spray","floor":13},{"not_picked":["Quick Slash","Backflip"],"picked":"Dagger Spray","floor":14},{"not_picked":["Grand Finale","Die Die Die"],"picked":"After Image","floor":16},{"not_picked":["Prepared","Predator"],"picked":"Backstab","floor":18},{"not_picked":["Dagger Spray","Predator"],"picked":"Distraction+1","floor":19},{"not_picked":["Flying Knee","Bane"],"picked":"Prepared","floor":22},{"not_picked":["Tools of the Trade","Catalyst"],"picked":"Slice","floor":23},{"not_picked":["Setup","Bouncing Flask"],"picked":"Underhanded Strike","floor":27},{"not_picked":["Bane","Outmaneuver"],"picked":"Sucker Punch","floor":28},{"not_picked":["Setup+1","Glass Knife"],"picked":"Backstab","floor":30},{"not_picked":["Corpse Explosion","Unload"],"picked":"After Image+1","floor":33},{"not_picked":["Predator","Backflip"],"picked":"Leg Sweep+1","floor":35},{"not_picked":["Sucker Punch","Tactician+1"],"picked":"Infinite Blades+1","floor":37},{"not_picked":["Prepared+1","Poisoned Stab"],"picked":"PiercingWail","floor":38},{"not_picked":["Quick Slash","Dagger Throw+1"],"picked":"Terror","floor":39}],"player_experience":1898843,"relics_obtained":[{"floor":5,"key":"Matryoshka"},{"floor":6,"key":"Bag of Marbles"},{"floor":8,"key":"Akabeko"},{"floor":9,"key":"Tiny Chest"},{"floor":9,"key":"Ancient Tea Set"},{"floor":11,"key":"Mercury Hourglass"},{"floor":21,"key":"Whetstone"},{"floor":21,"key":"The Courier"},{"floor":22,"key":"Red Mask"},{"floor":23,"key":"Pear"},{"floor":26,"key":"Paper Crane"},{"floor":30,"key":"Tingsha"},{"floor":31,"key":"Frozen Egg 2"},{"floor":39,"key":"Old Coin"}],"event_choices":[{"damage_healed":0,"gold_gain":0,"player_choice":"Paid Gold","damage_taken":0,"relics_obtained":["Orichalcum"],"max_hp_gain":0,"max_hp_loss":0,"event_name":"WeMeetAgain","floor":2,"gold_loss":70},{"damage_healed":24,"gold_gain":0,"player_choice":"Banana","damage_taken":0,"max_hp_gain":0,"max_hp_loss":0,"event_name":"Big Fish","floor":4,"gold_loss":0},{"damage_healed":0,"gold_gain":0,"player_choice":"Ignored","damage_taken":0,"max_hp_gain":0,"max_hp_loss":0,"event_name":"Shining Light","floor":12,"gold_loss":0},{"damage_healed":0,"gold_gain":0,"player_choice":"Shed Blood","damage_taken":25,"max_hp_gain":5,"max_hp_loss":0,"event_name":"Forgotten Altar","floor":20,"gold_loss":0},{"damage_healed":0,"gold_gain":0,"player_choice":"Fought Bandits","damage_taken":0,"max_hp_gain":0,"max_hp_loss":0,"event_name":"Masked Bandits","floor":22,"gold_loss":0},{"damage_healed":0,"gold_gain":0,"player_choice":"Embrace Madness","damage_taken":16,"max_hp_gain":0,"max_hp_loss":0,"event_name":"Winding Halls","floor":36,"gold_loss":0,"cards_obtained":["Madness","Madness"]},{"damage_healed":0,"gold_gain":0,"player_choice":"Fight","damage_taken":0,"max_hp_gain":0,"max_hp_loss":0,"event_name":"MindBloom","floor":39,"gold_loss":0}],"is_beta":false,"boss_relics":[{"not_picked":["SacredBark","Cursed Key"],"picked":"WristBlade"},{"not_picked":["Velvet Choker","Runic Pyramid"],"picked":"Black Star"}],"items_purged_floors":[],"is_endless":false,"potions_floor_spawned":[6,11,13,19,22,27,28,35,39],"killed_by":"Nemesis","ascension_level":16}}