{"host":"7elm0r5975gb9iir","time":1609025149,"event":{"mods":["AchievementEnabler","BaseMod","Colored Map","DeckTracker","Keyboard Shortcuts","Minty Spire (QoL Compilation)","Permanent Neow","Random Character Button","SuperFastMode"],"gold_per_floor":[115,115,135,148,165,165,183,210,210,210,210,12,12,26,26,122,122,95,20,32,392,392],"floor_reached":21,"playtime":1216,"items_purged":["Strike_G"],"score":208,"play_id":"ae169e0d-86e8-429f-8b88-76a692be2b9c","local_time":"20201227082549","is_ascension_mode":true,"campfire_choices":[{"floor":6,"key":"REST"},{"floor":10,"key":"REST"},{"floor":13,"key":"REST"},{"floor":15,"key":"REST"}],"circlet_count":0,"master_deck":["Strike_G","Strike_G","Strike_G","Strike_G","Defend_G","Defend_G","Defend_G","Defend_G","Survivor","Neutralize","Thinking Ahead","Slice","Expertise","All Out Attack","Accuracy","Tools of the Trade","Outmaneuver","Slice","Slice","Venomology","Underhanded Strike","Prepared"],"relics":["Ring of the Snake","Bottled Flame","WingedGreaves","Regal Pillow","Runic Pyramid"],"acts_visited":["Exordium","TheCity"],"potions_floor_usage":[8,8,16,16,16,18,20,20,20],"damage_taken":[{"damage":5,"enemies":"2 Louse","floor":1,"turns":4},{"damage":0,"enemies":"Cultist","floor":3,"turns":3},{"damage":0,"enemies":"Small Slimes","floor":4,"turns":3},{"damage":11,"enemies":"Red Slaver","floor":5,"turns":3},{"damage":2,"enemies":"3 Louse","floor":7,"turns":4},{"damage":46,"enemies":"Gremlin Nob","floor":8,"turns":5},{"damage":20,"enemies":"Exordium Thugs","floor":14,"turns":4},{"damage":69,"enemies":"Slime Boss","floor":16,"turns":12},{"damage":28,"enemies":"2 Thieves","floor":18,"turns":5},{"damage":7,"enemies":"3 Byrds","floor":20,"turns":4}],"seed_played":"8644299114175561749","potions_obtained":[{"floor":1,"key":"Block Potion"},{"floor":3,"key":"DistilledChaos"},{"floor":8,"key":"SpeedPotion"},{"floor":11,"key":"Regen Potion"},{"floor":11,"key":"EssenceOfSteel"},{"floor":20,"key":"ColorlessPotion"}],"is_trial":false,"path_per_floor":["M","?","M","M","M","R","M","E","T","R","?","$","R","M","R","B",null,"M","$","M","?"],"character_chosen":"THE_SILENT","items_purchased":["Regal Pillow","Slice"],"campfire_rested":4,"item_purchase_floors":[12,12],"current_hp_per_floor":[44,44,44,44,33,54,52,6,6,27,27,27,63,43,70,10,70,42,42,35,0,0],"gold":392,"neow_bonus":"RANDOM_COLORLESS_2","is_daily":false,"chose_seed":false,"campfire_upgraded":0,"win_rate":0.0,"timestamp":1609025149,"path_taken":["M","?","?","M","M","R","M","E","T","R","?","$","R","M","R","BOSS","M","?","M","?"],"items_purchased_type":["Relic","Card"],"build_version":"2020-12-22","purchased_purges":1,"victory":false,"max_hp_per_floor":[70,70,70,70,70,70,70,70,70,70,70,70,70,70,70,70,70,70,70,70,70,70],"card_choices":[{"not_picked":["Mayhem","Metamorphosis"],"picked":"Thinking Ahead","floor":0},{"not_picked":["Well Laid Plans","PiercingWail"],"picked":"Slice","floor":1},{"not_picked":["Flying Knee","Quick Slash"],"picked":"Expertise","floor":3},{"not_picked":["PiercingWail","Cloak And Dagger"],"picked":"All Out Attack","floor":4},{"not_picked":["Dodge and Roll","Deadly Poison"],"picked":"Accuracy","floor":5},{"not_picked":["Cloak And Dagger","Dash"],"picked":"Tools of the Trade","floor":7},{"not_picked":["Sucker Punch","Choke"],"picked":"Outmaneuver","floor":8},{"not_picked":["Dodge and Roll","Deadly Poison"],"picked":"Slice","floor":14},{"not_picked":["Envenom","Phantasmal Killer"],"picked":"Venomology","floor":16},{"not_picked":["Dash","Cloak And Dagger+1"],"picked":"Underhanded Strike","floor":18},{"not_picked":["PiercingWail","Footwork+1"],"picked":"Prepared","floor":20}],"player_experience":67562,"relics_obtained":[{"floor":8,"key":"Bottled Flame"},{"floor":9,"key":"WingedGreaves"}],"event_choices":[{"cards_removed":["Defend_G"],"damage_healed":0,"gold_gain":0,"player_choice":"Purged","damage_taken":0,"max_hp_gain":0,"max_hp_loss":0,"event_name":"Purifier","floor":2,"gold_loss":0},{"damage_healed":0,"gold_gain":0,"player_choice":"Got Potions","damage_taken":0,"max_hp_gain":0,"max_hp_loss":0,"event_name":"Lab","floor":11,"gold_loss":0}],"is_beta":false,"boss_relics":[{"not_picked":["Astrolabe","SacredBark"],"picked":"Runic Pyramid"}],"items_purged_floors":[19],"is_endless":false,"potions_floor_spawned":[1,3,8,14,20],"ascension_level":3}}