{"host":"1z4hbl9vfqrhg136","time":1609023081,"event":{"mods":["BaseMod","Minty Spire (QoL Compilation)"],"gold_per_floor":[114,129,144,154,154,180,55,74,124,124,159,159,192,202,202,274,274,293,20,30,30,30,30,30,30],"floor_reached":24,"playtime":1820,"items_purged":["Defend_P"],"score":432,"play_id":"107b1a64-4389-46ee-847e-2e19e5dc6cb8","local_time":"20201226225121","is_ascension_mode":true,"campfire_choices":[{"floor":10.0,"key":"REST"},{"floor":12.0,"key":"REST"},{"data":"Protect","floor":15.0,"key":"SMITH"},{"data":"Worship","floor":23,"key":"SMITH"}],"circlet_count":0,"master_deck":["AscendersBane","Strike_P","Strike_P","Strike_P","Defend_P","Defend_P","Defend_P+1","Eruption","Vigilance","FlurryOfBlows","Consecrate","Protect+1","InnerPeace","EmptyFist","WheelKick","Worship+1","SignatureMove","ReachHeaven","Omniscience","SpiritShield","Protect","Meditate+1","LikeWater","Wallop","Shame","Wireheading"],"relics":["PureWater","Pen Nib","Orichalcum","Happy Flower","Kunai","Anchor","VioletLotus","Membership Card","War Paint"],"acts_visited":["Exordium","TheCity"],"potions_floor_usage":[],"damage_taken":[{"damage":4.0,"enemies":"2 Louse","floor":1.0,"turns":3.0},{"damage":0.0,"enemies":"Jaw Worm","floor":2.0,"turns":5.0},{"damage":0.0,"enemies":"Small Slimes","floor":3.0,"turns":1.0},{"damage":0.0,"enemies":"Gremlin Gang","floor":4.0,"turns":2.0},{"damage":29.0,"enemies":"Lagavulin","floor":6.0,"turns":10.0},{"damage":15.0,"enemies":"Lots of Slimes","floor":8.0,"turns":4.0},{"damage":19.0,"enemies":"3 Sentries","floor":11.0,"turns":9.0},{"damage":2.0,"enemies":"Gremlin Nob","floor":13.0,"turns":3.0},{"damage":0.0,"enemies":"Exordium Wildlife","floor":14.0,"turns":2.0},{"damage":6.0,"enemies":"The Guardian","floor":16.0,"turns":9.0},{"damage":18,"enemies":"2 Thieves","floor":18,"turns":4},{"damage":2,"enemies":"Spheric Guardian","floor":20,"turns":4},{"damage":46,"enemies":"Gremlin Leader","floor":24,"turns":5}],"seed_played":"-5213517044224218940","potions_obtained":[{"floor":2.0,"key":"BlessingOfTheForge"},{"floor":3.0,"key":"Weak Potion"},{"floor":13.0,"key":"Ambrosia"},{"floor":16.0,"key":"EssenceOfSteel"},{"floor":20,"key":"SpeedPotion"}],"is_trial":false,"path_per_floor":["M","M","M","M","?","E","$","M","T","R","E","R","E","M","R","B",null,"M","$","M","?","?","R","E"],"character_chosen":"WATCHER","items_purchased":["WheelKick","Worship","Membership Card","Meditate","LikeWater"],"campfire_rested":2,"item_purchase_floors":[7,7,19,19,19],"current_hp_per_floor":[57,57,57,57,57,28,28,13,13,33,14,34,32,32,32,26,58,40,40,38,38,38,38,0,0],"gold":30,"neow_bonus":"RANDOM_COMMON_RELIC","is_daily":false,"chose_seed":false,"campfire_upgraded":2,"win_rate":0.0,"timestamp":1609023081,"path_taken":["M","M","M","M","?","E","$","M","T","R","E","R","E","M","R","BOSS","M","$","M","?","?","R","E"],"items_purchased_type":["Card","Card","Relic","Card","Card"],"build_version":"2020-12-22","purchased_purges":1,"victory":false,"max_hp_per_floor":[68,68,68,68,68,68,68,68,68,68,68,68,68,68,68,68,68,68,68,68,68,68,68,68,68],"card_choices":[{"not_picked":["Halt","MentalFortress"],"picked":"FlurryOfBlows","floor":1.0},{"not_picked":["Evaluate","Crescendo","FlurryOfBlows"],"picked":"SKIP","floor":2.0},{"not_picked":["FlurryOfBlows","WindmillStrike"],"picked":"Consecrate","floor":3.0},{"not_picked":["InnerPeace","Collect"],"picked":"Protect","floor":4.0},{"not_picked":["ClearTheMind","Crescendo"],"picked":"EmptyFist","floor":6.0},{"not_picked":["Halt","FlurryOfBlows","ClearTheMind"],"picked":"SKIP","floor":8.0},{"not_picked":["ThirdEye","Swivel"],"picked":"SignatureMove","floor":11.0},{"not_picked":["SignatureMove","Swivel"],"picked":"ReachHeaven","floor":13.0},{"not_picked":["FollowUp","PathToVictory"],"picked":"Omniscience","floor":14.0},{"not_picked":["Omniscience","DeusExMachina"],"picked":"SpiritShield","floor":16.0},{"not_picked":["Consecrate","SashWhip"],"picked":"Protect","floor":18},{"not_picked":["Prostrate","Fasting2"],"picked":"Wallop","floor":20}],"player_experience":1848282,"relics_obtained":[{"floor":6.0,"key":"Orichalcum"},{"floor":9.0,"key":"Happy Flower"},{"floor":11.0,"key":"Kunai"},{"floor":13.0,"key":"Anchor"}],"event_choices":[{"damage_healed":0.0,"max_hp_gain":0.0,"max_hp_loss":0.0,"gold_gain":0.0,"cards_transformed":["Strike_P"],"event_name":"Living Wall","player_choice":"Change","floor":5.0,"gold_loss":0.0,"damage_taken":0.0,"cards_obtained":["InnerPeace"]},{"damage_healed":0,"gold_gain":0,"player_choice":"Stole Relic","damage_taken":0,"relics_obtained":["War Paint"],"max_hp_gain":0,"max_hp_loss":0,"event_name":"Addict","floor":21,"gold_loss":0,"cards_obtained":["Shame"]},{"damage_healed":0,"gold_gain":0,"player_choice":"Read","damage_taken":0,"max_hp_gain":0,"max_hp_loss":0,"event_name":"The Library","floor":22,"gold_loss":0,"cards_obtained":["Wireheading"]}],"is_beta":false,"boss_relics":[{"not_picked":["Ectoplasm","Astrolabe"],"picked":"VioletLotus"}],"items_purged_floors":[19],"is_endless":false,"potions_floor_spawned":[2,3,13,16,20],"killed_by":"Gremlin Leader","ascension_level":20}}