{"host":"xg9ie4wrtr2e8x9r","time":1609019830,"event":{"mods":["Aspiration","BaseMod","Bestiary","BetterRewards","CCEM","Clawfect","Colored Map","Colored Powertips","Conspire","DNKmod","Downfall","Friendly Minions","GifTheSpireLib","Hubris","Infinite Spire","Minty Spire (QoL Compilation)","Remove Card Discount Mod","Replay The Spire","StSLib","Stuff the Spire","The Construct","The Jungle","The Mystic"],"gold_per_floor":[1011,1011,1024,1036,1053,1053,1053,1053,1053,1053,161,187,187,3794,3794,3890,3890,3904,3567,3577,3591,3602,3637,3637,3649,3649,3331,3331,3331,3331,3331,3364,3375,3375,3471,3471,3491,2821,2821,2872,2462,2462,2476,2476,2526,2526,2538,2550,2560,2578,2578,2578,2578,2578,2002,2033,2033],"floor_reached":58,"playtime":5310,"items_purged":["Strike_G","Strike_G","Strike_G","Defend_G","Strike_G","Strike_G","Defend_G","Pain","Decay","Defend_G","Defend_G","Defend_G","ReplayTheSpireMod:The Works","Underhanded Strike+1","StuffTheSpire:ClusterCrunch+1","Survivor","Neutralize","A Thousand Cuts"],"score":1647,"play_id":"0e49e686-7f8f-4e5e-b603-e8966acf842e","local_time":"20201226225709","is_ascension_mode":false,"campfire_choices":[{"floor":6.0,"key":"RECALL"},{"data":"Noxious Fumes","floor":8.0,"key":"SMITH"},{"data":"Outmaneuver","floor":8.0,"key":"SMITH"},{"data":"Riddle With Holes","floor":10.0,"key":"SMITH"},{"data":"Master of Strategy","floor":10.0,"key":"SMITH"},{"data":"Chrysalis","floor":13.0,"key":"SMITH"},{"data":"Distraction","floor":13.0,"key":"SMITH"},{"data":"Metamorphosis","floor":24.0,"key":"SMITH"},{"data":"Night Terror","floor":24.0,"key":"SMITH"},{"floor":28.0,"key":"REST"},{"floor":34.0,"key":"REST"},{"data":"Magnetism","floor":42,"key":"SMITH"},{"data":"hubris:Rewind","floor":42,"key":"SMITH"},{"data":"Jack Of All Trades","floor":46,"key":"SMITH"},{"data":"Adrenaline","floor":46,"key":"SMITH"},{"data":"infinitespire:UltimateForm","floor":51,"key":"SMITH"},{"data":"Distraction","floor":51,"key":"SMITH"},{"data":"StuffTheSpire:Repulse","floor":54,"key":"SMITH"},{"data":"Noxious Fumes","floor":54,"key":"SMITH"}],"circlet_count":0,"master_deck":["Noxious Fumes+1","Quick Slash+1","Master of Strategy+1","Quick Slash","Slice+1","Outmaneuver+1","Poisoned Stab","Riddle With Holes+1","hubris:SlightOfHand+1","Dodge and Roll+1","Chrysalis+1","expansioncontent:BronzeBeam","Distraction+1","Night Terror+1","Finisher","StuffTheSpire:Repulse+1","Well Laid Plans","Metamorphosis+1","expansioncontent:FaceSlap+1","Bouncing Flask","Footwork","hubris:EnhanceAbility+1","Fluid Movement","Fluid Movement","infinitespire:UltimateForm+1","hubris:Rewind+1","StuffTheSpire:MirrorStance+1","Adrenaline+1","Footwork","Backflip+1","Distraction+1","Noxious Fumes","Noxious Fumes+1","Magnetism+1","expansioncontent:GuardianWhirl","Jack Of All Trades+1","Fluid Movement+1","expansioncontent:DonusPower"],"relics":["Ring of the Snake","CCEMRelics:Francisca","OrangePellets","Blue Doll","hubris:CuriousFeather","HandDrill","Replay:Arrowhead","WarpedTongs","conspire:DecoderRing","Ancient Tea Set","Omamori","CCEMRelics:GrindingGear","aspiration:Lifesprig","Sozu","Replay:Wax Seal","Potion Belt","ClockworkSouvenir","Akabeko","Coffee Dripper","aspiration:HatOfInfinitePower","Eternal Feather","Bronze Scales","hubris:ToyBattleship","ReplayTheSpireMod:ShopPack","aspiration:VileToxins","CCEMRelics:GrapeVine","infinitespire:FocusingShard","Unceasing Top"],"acts_visited":["Exordium","TheCity","TheBeyond","TheEnding"],"potions_floor_usage":[57],"damage_taken":[{"damage":0.0,"enemies":"2 Louse","floor":1.0,"turns":2.0},{"damage":0.0,"enemies":"Cultist","floor":3.0,"turns":2.0},{"damage":0.0,"enemies":"infinitespire:Voidling","floor":4.0,"turns":1.0},{"damage":0.0,"enemies":"Looter","floor":5.0,"turns":1.0},{"damage":4.0,"enemies":"Lagavulin","floor":12.0,"turns":4.0},{"damage":23.0,"enemies":"Fading Forest","floor":16.0,"turns":10.0},{"damage":37.0,"enemies":"conspire:FuzzyDice","floor":18.0,"turns":3.0},{"damage":20.0,"enemies":"2 Thieves","floor":20.0,"turns":3.0},{"damage":0.0,"enemies":"Snecko","floor":21.0,"turns":3.0},{"damage":13.0,"enemies":"conspire:HollyBat","floor":22.0,"turns":7.0},{"damage":0.0,"enemies":"conspire:Head Lice","floor":23.0,"turns":2.0},{"damage":0.0,"enemies":"Shelled Parasite and Fungi","floor":25.0,"turns":2.0},{"damage":20.0,"enemies":"Book of Stabbing","floor":32.0,"turns":3.0},{"damage":0.0,"enemies":"Snake Plant","floor":33.0,"turns":2.0},{"damage":40,"enemies":"Champ","floor":35,"turns":6},{"damage":1,"enemies":"3 Darklings","floor":37,"turns":3},{"damage":0,"enemies":"3 Shapes","floor":43,"turns":3},{"damage":5,"enemies":"Spire Growth","floor":47,"turns":4},{"damage":1,"enemies":"Writhing Mass","floor":48,"turns":3},{"damage":0,"enemies":"Jaw Worm Horde","floor":49,"turns":2},{"damage":0,"enemies":"Sphere and 2 Shapes","floor":50,"turns":3},{"damage":63,"enemies":"Time Eater","floor":52,"turns":6},{"damage":1,"enemies":"Shield and Spear","floor":56,"turns":3},{"damage":78,"enemies":"The Heart","floor":57,"turns":7}],"seed_played":"-7439626037489136399","potions_obtained":[{"floor":1.0,"key":"Poison Potion"},{"floor":3.0,"key":"Dexterity Potion"},{"floor":16.0,"key":"GhostInAJar"}],"is_trial":false,"path_per_floor":["M","?","M","M","M","R","?","R","T","R","$","E","R","$","R_BF","B",null,"M","$","M","M","M","E","R","M","T","$","R","PTL","PTL","AVR","E","M","R","B",null,"M","$","?","T","$","R","M","?","T","R","M","M","M","M","R","B",null,"R","$","E","B",null],"character_chosen":"THE_SILENT","items_purchased":["CCEMRelics:Francisca","OrangePellets","Blue Doll","Noxious Fumes","Quick Slash+1","Master of Strategy","HandDrill","Quick Slash","Slice+1","Outmaneuver","conspire:DecoderRing","Ancient Tea Set","A Thousand Cuts","hubris:SlightOfHand","Dodge and Roll+1","Chrysalis","expansioncontent:BronzeBeam","CCEMRelics:GrindingGear","aspiration:Lifesprig","StuffTheSpire:Sprint","StuffTheSpire:ClusterCrunch+1","StuffTheSpire:Repulse","Well Laid Plans","Metamorphosis","expansioncontent:FaceSlap+1","ClockworkSouvenir","hubris:EnhanceAbility+1","Fluid Movement","aspiration:HatOfInfinitePower","Eternal Feather","Footwork","Backflip+1","hubris:ToyBattleship","ReplayTheSpireMod:ShopPack","Distraction","Noxious Fumes","CCEMRelics:GrapeVine","infinitespire:FocusingShard","expansioncontent:DonusPower"],"campfire_rested":2,"item_purchase_floors":[0,0,0,0,0,0,0,0,0,0,11,11,11,11,11,11,11,14,14,14,14,19,19,19,19,27,27,27,38,38,38,38,41,41,41,41,55,55,55],"current_hp_per_floor":[100,100,100,100,100,100,100,100,100,100,100,96,96,96,100,77,100,63,63,43,43,30,30,30,30,30,30,60,60,60,60,40,40,70,30,100,99,99,99,99,99,100,100,100,100,100,95,94,94,94,100,37,100,100,100,99,21],"gold":2033,"neow_bonus":"","is_daily":false,"chose_seed":false,"campfire_upgraded":16,"win_rate":0.0,"timestamp":1609019829,"path_taken":["M","?","?","M","M","R","?","R","T","R","$","E","R","$","R_BF","BOSS","M","$","?","M","M","E","R","M","T","$","R","PTL","PTL","AVR","E","M","R","BOSS","M","$","?","?","$","R","?","?","T","R","M","M","?","M","R","BOSS","R","$","E","BOSS"],"items_purchased_type":["Relic","Relic","Relic","Card","Card","Card","Relic","Card","Card","Card","Relic","Relic","Card","Card","Card","Card","Card","Relic","Relic","Card","Card","Card","Card","Card","Card","Relic","Card","Card","Relic","Relic","Card","Card","Relic","Relic","Card","Card","Relic","Relic","Card"],"build_version":"2020-12-22","purchased_purges":18,"victory":true,"max_hp_per_floor":[100,100,100,100,100,100,100,100,100,100,100,100,100,100,100,100,100,100,100,100,100,100,100,100,100,100,100,100,100,100,100,100,100,100,100,100,100,100,100,100,100,100,100,100,100,100,100,100,100,100,100,100,100,100,100,100,100],"card_choices":[{"not_picked":["Bouncing Flask","PiercingWail"],"picked":"ReplayTheSpireMod:The Works","floor":1.0},{"not_picked":["Dagger Throw","Bane"],"picked":"Poisoned Stab","floor":3.0},{"not_picked":["Eviscerate","Quick Slash","ReplayTheSpireMod:Shiv Toss"],"picked":"SKIP","floor":4.0},{"not_picked":["Eviscerate","Quick Slash","ReplayTheSpireMod:Shiv Toss"],"picked":"SKIP","floor":4.0},{"not_picked":["Escape Plan","Calculated Gamble"],"picked":"Riddle With Holes","floor":5.0},{"not_picked":["Deflect","Calculated Gamble"],"picked":"Distraction","floor":12.0},{"not_picked":["Doppelganger","Adrenaline"],"picked":"Night Terror","floor":16.0},{"not_picked":["Deadly Poison+1","StuffTheSpire:Injection"],"picked":"Finisher","floor":18.0},{"not_picked":["Terror","Outmaneuver"],"picked":"Bouncing Flask","floor":20.0},{"not_picked":["Deflect","Outmaneuver"],"picked":"Footwork","floor":21.0},{"not_picked":["Outmaneuver+1","Endless Agony","PiercingWail"],"picked":"SKIP","floor":22.0},{"not_picked":["Skewer+1","Hidden Blade","StuffTheSpire:Repulse"],"picked":"SKIP","floor":23.0},{"not_picked":["StuffTheSpire:Fury","Acrobatics"],"picked":"Underhanded Strike+1","floor":25.0},{"not_picked":["Backflip","Expertise"],"picked":"StuffTheSpire:MirrorStance+1","floor":32.0},{"not_picked":["Deadly Poison","Tactician","All Out Attack+1"],"picked":"SKIP","floor":33.0},{"not_picked":["infinitespire:Neurotoxin","After Image"],"picked":"Adrenaline","floor":35},{"not_picked":["Hidden Blade","Dagger Spray+1","Outmaneuver"],"picked":"SKIP","floor":37},{"not_picked":["expansioncontent:Corrupt","Thinking Ahead"],"picked":"Magnetism","floor":41},{"not_picked":["expansioncontent:PrepareCrush","expansioncontent:AwakenDeath"],"picked":"expansioncontent:GuardianWhirl","floor":41},{"not_picked":["expansioncontent:GuardianWhirl","Madness"],"picked":"Jack Of All Trades","floor":41},{"not_picked":["Hidden Blade+1","Riddle With Holes+1","StuffTheSpire:ClusterCrunch"],"picked":"SKIP","floor":43},{"not_picked":["PiercingWail+1","Acrobatics","StuffTheSpire:Injection+1"],"picked":"SKIP","floor":47},{"not_picked":["Sucker Punch+1","Wraith Form v2","Poisoned Stab+1"],"picked":"SKIP","floor":48},{"not_picked":["Sucker Punch","Caltrops+1"],"picked":"Fluid Movement+1","floor":49},{"not_picked":["Blade Dance","Finisher","Backflip+1"],"picked":"SKIP","floor":50},{"not_picked":["Quick Slash+1","Leg Sweep","Choke"],"picked":"SKIP","floor":56}],"player_experience":333828,"relics_obtained":[{"floor":12.0,"key":"Omamori"},{"floor":23.0,"key":"Replay:Wax Seal"},{"floor":26.0,"key":"Potion Belt"},{"floor":32.0,"key":"Akabeko"},{"floor":40,"key":"Bronze Scales"},{"floor":45,"key":"aspiration:VileToxins"},{"floor":56,"key":"Unceasing Top"}],"event_choices":[{"damage_healed":0.0,"max_hp_gain":0.0,"max_hp_loss":0.0,"gold_gain":0.0,"event_name":"Wheel of Change","player_choice":"Cursed","floor":2.0,"gold_loss":0.0,"damage_taken":0.0,"cards_obtained":["Decay"]},{"damage_healed":0.0,"max_hp_gain":0.0,"max_hp_loss":0.0,"gold_gain":0.0,"event_name":"Accursed Blacksmith","player_choice":"Rummage","floor":7.0,"gold_loss":0.0,"damage_taken":0.0,"relics_obtained":["WarpedTongs"],"cards_obtained":["Pain"]},{"cards_removed":["StuffTheSpire:Sprint"],"damage_healed":0,"gold_gain":0,"player_choice":"Removed Skill","damage_taken":0,"max_hp_gain":0,"max_hp_loss":0,"event_name":"Falling","floor":39,"gold_loss":0},{"damage_healed":0,"gold_gain":0,"player_choice":"Ignored","damage_taken":0,"max_hp_gain":0,"max_hp_loss":0,"event_name":"Golden Shrine","floor":44,"gold_loss":0}],"is_beta":false,"boss_relics":[{"not_picked":["Runic Dome","Replay:Fungal Core"],"picked":"Sozu"},{"not_picked":["hubris:Stopwatch","SacredBark"],"picked":"Coffee Dripper"}],"items_purged_floors":[0,0,0,0,11,11,11,14,14,14,19,19,19,38,38,38,41,41],"is_endless":false,"potions_floor_spawned":[1,3,5,16,18,21,25,32,33,43,49],"ascension_level":0}}