{"host":"svab9sudlrudptws","time":1609016267,"event":{"mods":["BaseMod","Colored Powertips","Minty Spire (QoL Compilation)","Robot Space Explorer","Shade Mod","StSLib","The Blackbeard","The Mystic","The Necromancer","The Poker Player","The Servant 0.9.4"],"gold_per_floor":[110,121,139,139,139,64,94,94,118,133,146,179,198,209,209,209,209],"floor_reached":16,"playtime":1223,"items_purged":["Regret"],"score":125,"play_id":"deb41a8b-51b7-49d5-801e-90227e318b80","local_time":"20201226225747","is_ascension_mode":true,"campfire_choices":[{"data":"mysticmod:Flurry","floor":8,"key":"SMITH"},{"data":"mysticmod:MightyMagic","floor":15,"key":"SMITH"}],"circlet_count":0,"master_deck":["mysticmod:Strike_Mystic","mysticmod:Strike_Mystic","mysticmod:Strike_Mystic","mysticmod:Defend_Mystic","mysticmod:Defend_Mystic","mysticmod:Defend_Mystic","mysticmod:Defend_Mystic","mysticmod:ArcaneDodge","mysticmod:ShockingGrasp","mysticmod:Flurry+1","mysticmod:MightyMagic+1","mysticmod:GreaterInvisibility","mysticmod:Feint","mysticmod:GreaterInvisibility","mysticmod:DiviningBlow","mysticmod:FloatingDisk","mysticmod:FloatingDisk","mysticmod:CorrosiveTouch"],"relics":["mysticmod:SpellBook","Boot","Potion Belt","Strawberry","Anchor","Frozen Egg 2"],"acts_visited":["Exordium"],"potions_floor_usage":[12],"damage_taken":[{"damage":6,"enemies":"Jaw Worm","floor":1,"turns":6},{"damage":5,"enemies":"2 Louse","floor":2,"turns":3},{"damage":4,"enemies":"Small Slimes","floor":3,"turns":4},{"damage":16,"enemies":"Lagavulin","floor":7,"turns":7},{"damage":25,"enemies":"Exordium Thugs","floor":10,"turns":6},{"damage":0,"enemies":"3 Louse","floor":11,"turns":2},{"damage":1,"enemies":"Gremlin Nob","floor":12,"turns":3},{"damage":1,"enemies":"Exordium Wildlife","floor":13,"turns":3},{"damage":0,"enemies":"2 Fungi Beasts","floor":14,"turns":3},{"damage":27,"enemies":"Hexaghost","floor":16,"turns":9}],"seed_played":"-6865119017291298595","potions_obtained":[{"floor":7,"key":"SpeedPotion"},{"floor":10,"key":"Strength Potion"}],"is_trial":false,"path_per_floor":["M","M","M","?","?","$","E","R","T","M","M","E","M","M","R","B"],"character_chosen":"MYSTIC_CLASS","items_purchased":[],"campfire_rested":0,"item_purchase_floors":[],"current_hp_per_floor":[71,66,62,62,62,62,53,53,53,28,28,27,26,26,26,0,0],"gold":209,"neow_bonus":"RANDOM_COMMON_RELIC","is_daily":false,"chose_seed":false,"campfire_upgraded":2,"win_rate":0.0,"timestamp":1609016267,"path_taken":["M","M","M","?","?","$","E","R","T","M","M","E","M","M","R","BOSS"],"items_purchased_type":[],"build_version":"2020-12-22","purchased_purges":1,"victory":false,"max_hp_per_floor":[77,77,77,77,77,77,84,84,84,84,84,84,84,84,84,84,84],"card_choices":[{"not_picked":["mysticmod:PowerSlash","mysticmod:Alacrity"],"picked":"mysticmod:Flurry","floor":1},{"not_picked":["mysticmod:Probe","mysticmod:FloatingDisk"],"picked":"mysticmod:MightyMagic","floor":2},{"not_picked":["mysticmod:FiveFootStep","mysticmod:SuddenClarity"],"picked":"mysticmod:GreaterInvisibility","floor":3},{"not_picked":["mysticmod:PowerAttack","mysticmod:Disengage"],"picked":"mysticmod:GreaterInvisibility","floor":7},{"not_picked":["mysticmod:BulkUp","mysticmod:TomeOfSpells","mysticmod:Shield"],"picked":"SKIP","floor":10},{"not_picked":["mysticmod:Shield","mysticmod:PureInstinct"],"picked":"mysticmod:DiviningBlow","floor":11},{"not_picked":["mysticmod:Shield","mysticmod:Sideswipe"],"picked":"mysticmod:FloatingDisk","floor":12},{"not_picked":["mysticmod:Sideswipe","mysticmod:BladedDash"],"picked":"mysticmod:FloatingDisk","floor":13},{"not_picked":["mysticmod:Snowball","mysticmod:Alacrity"],"picked":"mysticmod:CorrosiveTouch","floor":14}],"player_experience":1653048,"relics_obtained":[{"floor":7,"key":"Strawberry"},{"floor":9,"key":"Anchor"},{"floor":12,"key":"Frozen Egg 2"}],"event_choices":[{"damage_healed":0,"gold_gain":0,"player_choice":"Box","damage_taken":0,"relics_obtained":["Potion Belt"],"max_hp_gain":0,"max_hp_loss":0,"event_name":"Big Fish","floor":4,"gold_loss":0,"cards_obtained":["Regret"]},{"damage_healed":0,"gold_gain":0,"cards_transformed":["mysticmod:Strike_Mystic"],"player_choice":"Change","damage_taken":0,"max_hp_gain":0,"max_hp_loss":0,"event_name":"Living Wall","floor":5,"gold_loss":0,"cards_obtained":["mysticmod:Feint"]}],"is_beta":false,"boss_relics":[],"items_purged_floors":[6],"is_endless":false,"potions_floor_spawned":[7,10],"killed_by":"Hexaghost","ascension_level":2}}