{"host":"hu38hxukylnnynm2","time":1609019641,"event":{"mods":["AchievementEnabler","BaseMod","Card Forge","Colored Powertips","DNKmod","DeckTracker","Friendly Minions","Highlight Path","Minty Spire (QoL Compilation)","Spicy Shops","StSLib"],"gold_per_floor":[1114,619,719,739,750,780,790,823,872,892,903,934,469,469,469,566,566,584,598,608,288,304,304,304,330,375,409,409,409,409,436,436,534,534,550,550,602,619,632,662,662,690,690,717,767,767,785,810,810,810,810,810,247,276,276],"floor_reached":56,"playtime":1845,"items_purged":[],"score":2156,"play_id":"a68c08a3-5490-4386-abfc-9cbaf28f863a","local_time":"20201226165401","is_ascension_mode":true,"campfire_choices":[{"floor":15,"key":"RECALL"},{"floor":23,"key":"DIG"},{"floor":29,"key":"DIG"},{"floor":32,"key":"DIG"},{"floor":41,"key":"DIG"},{"floor":46,"key":"DIG"},{"floor":49,"key":"DIG"},{"floor":52,"key":"DIG"}],"circlet_count":0,"master_deck":["Strike_P+1","Strike_P+1","Strike_P+1","Strike_P+1","Defend_P+1","Defend_P+1","Defend_P+1","Defend_P+1","Eruption+1","Vigilance+1","Mayhem+1","Omega+1","Mayhem+1","Omega+1","Mayhem+1","Omega+1","Mayhem+1","Omega+1","Mayhem+1","Omega+1","Pray+1","Tantrum+1","Protect+1","SignatureMove+1","Meditate+1","InnerPeace+1","ForeignInfluence+1","ForeignInfluence+1","Ragnarok+1","FlurryOfBlows+1","Brilliance+1","DeusExMachina+1","Omniscience+1"],"relics":["PureWater","Hammer of Thor","Seething Fire","Anvil of the Gods","Kunai","Membership Card","Ancient Tea Set","Blood Vial","Shovel","Meat on the Bone","Juzu Bracelet","Omamori","Gremlin Horn","Sling","Oddly Smooth Stone","White Beast Statue","Strange Spoon","Boot","Calling Bell","PreservedInsect","Singing Bowl","Peace Pipe","Matryoshka","Lantern","Vajra","Darkstone Periapt","Dream Catcher","Yang","Toy Ornithopter","Anchor","Torii","StrikeDummy","Potion Belt","Du-Vu Doll","Pen Nib","Fusion Hammer","CloakClasp","Sundial","Akabeko","Bronze Scales","Molten Egg 2","Ornamental Fan","Turnip","CeramicFish","Toxic Egg 2","Art of War","Mercury Hourglass","Calipers","Happy Flower","Mummified Hand","ClockworkSouvenir","Mango","Bottled Flame"],"acts_visited":["Exordium","TheCity","TheBeyond","TheEnding"],"potions_floor_usage":[22,22,22,25,48,50,55,55],"damage_taken":[{"damage":0,"enemies":"Small Slimes","floor":1,"turns":1},{"damage":0,"enemies":"Cultist","floor":4,"turns":2},{"damage":0,"enemies":"Jaw Worm","floor":5,"turns":1},{"damage":0,"enemies":"Lagavulin","floor":6,"turns":2},{"damage":2,"enemies":"2 Fungi Beasts","floor":7,"turns":3},{"damage":0,"enemies":"3 Sentries","floor":8,"turns":1},{"damage":0,"enemies":"Exordium Thugs","floor":10,"turns":1},{"damage":0,"enemies":"Exordium Wildlife","floor":11,"turns":1},{"damage":0,"enemies":"Gremlin Nob","floor":12,"turns":1},{"damage":16,"enemies":"The Guardian","floor":16,"turns":3},{"damage":0,"enemies":"2 Thieves","floor":18,"turns":1},{"damage":5,"enemies":"Shell Parasite","floor":19,"turns":2},{"damage":0,"enemies":"Centurion and Healer","floor":20,"turns":2},{"damage":0,"enemies":"Snake Plant","floor":22,"turns":2},{"damage":0,"enemies":"Gremlin Leader","floor":25,"turns":1},{"damage":0,"enemies":"Book of Stabbing","floor":27,"turns":2},{"damage":0,"enemies":"Gremlin Leader","floor":31,"turns":2},{"damage":21,"enemies":"Collector","floor":33,"turns":3},{"damage":0,"enemies":"Orb Walker","floor":35,"turns":2},{"damage":0,"enemies":"2 Orb Walkers","floor":37,"turns":2},{"damage":0,"enemies":"3 Shapes","floor":38,"turns":1},{"damage":0,"enemies":"Transient","floor":39,"turns":5},{"damage":12,"enemies":"Giant Head","floor":40,"turns":3},{"damage":0,"enemies":"Nemesis","floor":42,"turns":3},{"damage":0,"enemies":"Reptomancer","floor":44,"turns":1},{"damage":0,"enemies":"Mind Bloom Boss Battle","floor":45,"turns":2},{"damage":0,"enemies":"Writhing Mass","floor":47,"turns":2},{"damage":0,"enemies":"Giant Head","floor":48,"turns":2},{"damage":10,"enemies":"Donu and Deca","floor":50,"turns":2},{"damage":0,"enemies":"Shield and Spear","floor":54,"turns":2},{"damage":63,"enemies":"The Heart","floor":55,"turns":5}],"seed_played":"-5009223990081836408","potions_obtained":[{"floor":1,"key":"EssenceOfSteel"},{"floor":7,"key":"Block Potion"},{"floor":12,"key":"Dexterity Potion"},{"floor":22,"key":"Ancient Potion"},{"floor":24,"key":"BottledMiracle"},{"floor":24,"key":"DistilledChaos"},{"floor":25,"key":"SpeedPotion"},{"floor":27,"key":"Block Potion"},{"floor":31,"key":"Strength Potion"},{"floor":33,"key":"Dexterity Potion"},{"floor":48,"key":"BlessingOfTheForge"}],"is_trial":false,"path_per_floor":["M","$","?","M","M","E","M","E","T","M","M","E","$","?","R","B",null,"M","M","M","$","M","R","?","E","T","E","?","R","T","E","R","B",null,"M","?","?","M","M","E","R","E","T","E","?","R","M","E","R","B",null,"R","$","E","B",null],"character_chosen":"WATCHER","items_purchased":["Kunai","Membership Card","Ancient Tea Set","Blood Vial","Gremlin Horn","Sling","Oddly Smooth Stone","White Beast Statue","Strange Spoon","Matryoshka","Lantern","Vajra","Darkstone Periapt","Calipers","Happy Flower","Mummified Hand","ClockworkSouvenir","Mango","Energy Potion","BottledMiracle"],"campfire_rested":0,"item_purchase_floors":[2,2,2,2,13,13,13,13,13,21,21,21,21,53,53,53,53,53,53,53],"current_hp_per_floor":[100,100,100,100,100,100,98,100,100,100,100,100,100,100,100,84,96,100,99,103,103,105,105,105,108,108,110,110,110,110,112,112,91,107,111,111,115,118,120,110,110,112,112,114,118,118,122,128,128,123,127,127,141,144,81],"gold":276,"neow_bonus":"HUNDRED_GOLD","is_daily":false,"chose_seed":false,"campfire_upgraded":0,"win_rate":0.0,"timestamp":1609019641,"path_taken":["M","$","?","?","M","E","M","E","T","M","M","E","$","?","R","BOSS","M","M","M","$","M","R","?","E","T","E","?","R","?","E","R","BOSS","M","?","?","M","M","E","R","E","T","E","?","R","M","E","R","BOSS","R","$","E","BOSS"],"items_purchased_type":["Relic","Relic","Relic","Relic","Relic","Relic","Relic","Relic","Relic","Relic","Relic","Relic","Relic","Relic","Relic","Relic","Relic","Relic","Potion","Potion"],"build_version":"2020-12-22","purchased_purges":0,"victory":true,"max_hp_per_floor":[100,100,100,100,100,100,100,100,100,100,100,100,100,100,100,100,100,102,104,106,106,106,106,106,108,108,110,110,110,110,112,112,112,112,114,114,116,118,120,122,122,122,122,122,124,124,126,128,128,128,128,128,142,144,144],"card_choices":[{"not_picked":["WreathOfFlame","EmptyMind"],"picked":"Pray","floor":1},{"not_picked":["BowlingBash","FlurryOfBlows"],"picked":"Tantrum","floor":4},{"not_picked":["ClearTheMind","EmptyFist"],"picked":"Protect","floor":5},{"not_picked":["Crescendo","Adaptation","Halt"],"picked":"SKIP","floor":6},{"not_picked":["PathToVictory","BowlingBash"],"picked":"SignatureMove","floor":7},{"not_picked":["Wireheading","JustLucky"],"picked":"Meditate","floor":8},{"not_picked":["DeusExMachina","FlyingSleeves"],"picked":"InnerPeace","floor":10},{"not_picked":["FlyingSleeves","MentalFortress"],"picked":"ForeignInfluence","floor":11},{"not_picked":["SignatureMove","WaveOfTheHand"],"picked":"ForeignInfluence","floor":12},{"not_picked":["DeusExMachina","Devotion"],"picked":"Ragnarok","floor":16},{"not_picked":["WindmillStrike","Halt","ThirdEye"],"picked":"Singing Bowl","floor":18},{"not_picked":["BowlingBash","PathToVictory+1","Consecrate+1"],"picked":"Singing Bowl","floor":19},{"not_picked":["SashWhip","CutThroughFate+1","Pray+1"],"picked":"Singing Bowl","floor":20},{"not_picked":["BowlingBash+1","WreathOfFlame"],"picked":"SashWhip+1","floor":22},{"not_picked":["Conclude+1","Crescendo","Nirvana"],"picked":"Singing Bowl","floor":25},{"not_picked":["SandsOfTime+1","Blasphemy","EmptyBody"],"picked":"Singing Bowl","floor":27},{"not_picked":["EmptyFist+1","CarveReality+1","WindmillStrike"],"picked":"Singing Bowl","floor":31},{"not_picked":["Judgement","SpiritShield"],"picked":"Brilliance","floor":33},{"not_picked":["CutThroughFate","SashWhip","ThirdEye+1"],"picked":"Singing Bowl","floor":35},{"not_picked":["Consecrate","FollowUp+1","CrushJoints"],"picked":"Singing Bowl","floor":37},{"not_picked":["SashWhip","PathToVictory","Consecrate"],"picked":"Singing Bowl","floor":38},{"not_picked":["ConjureBlade","Wallop","Protect+1"],"picked":"Singing Bowl","floor":39},{"not_picked":["Worship","Protect","SashWhip+1"],"picked":"Singing Bowl","floor":40},{"not_picked":["CrushJoints","Weave+1"],"picked":"DeusExMachina","floor":42},{"not_picked":["Meditate+1","Consecrate+1"],"picked":"Omniscience","floor":44},{"not_picked":["Meditate+1","FearNoEvil+1","Consecrate+1"],"picked":"Singing Bowl","floor":45},{"not_picked":["DeceiveReality","FollowUp+1","EmptyFist+1"],"picked":"Singing Bowl","floor":47},{"not_picked":["PathToVictory+1","Protect+1","Pray+1"],"picked":"Singing Bowl","floor":48},{"not_picked":["LikeWater","BowlingBash+1","Wallop+1"],"picked":"Singing Bowl","floor":54}],"player_experience":527684,"relics_obtained":[{"floor":6,"key":"Shovel"},{"floor":8,"key":"Meat on the Bone"},{"floor":9,"key":"Juzu Bracelet"},{"floor":12,"key":"Omamori"},{"floor":17,"key":"PreservedInsect"},{"floor":17,"key":"Singing Bowl"},{"floor":17,"key":"Peace Pipe"},{"floor":23,"key":"Dream Catcher"},{"floor":25,"key":"Yang"},{"floor":26,"key":"Toy Ornithopter"},{"floor":26,"key":"Anchor"},{"floor":27,"key":"Torii"},{"floor":29,"key":"StrikeDummy"},{"floor":30,"key":"Potion Belt"},{"floor":31,"key":"Du-Vu Doll"},{"floor":32,"key":"Pen Nib"},{"floor":37,"key":"CloakClasp"},{"floor":40,"key":"Sundial"},{"floor":41,"key":"Akabeko"},{"floor":42,"key":"Bronze Scales"},{"floor":43,"key":"Molten Egg 2"},{"floor":44,"key":"Ornamental Fan"},{"floor":45,"key":"Turnip"},{"floor":46,"key":"CeramicFish"},{"floor":48,"key":"Toxic Egg 2"},{"floor":49,"key":"Art of War"},{"floor":52,"key":"Mercury Hourglass"},{"floor":54,"key":"Bottled Flame"}],"event_choices":[{"damage_healed":0,"gold_gain":100,"player_choice":"Gold","damage_taken":0,"max_hp_gain":0,"max_hp_loss":0,"event_name":"Wheel of Change","floor":3,"gold_loss":0},{"damage_healed":0,"gold_gain":0,"player_choice":"Box","damage_taken":0,"relics_obtained":["Boot"],"max_hp_gain":0,"max_hp_loss":0,"event_name":"Big Fish","floor":14,"gold_loss":0,"cards_obtained":["Regret"]},{"damage_healed":0,"gold_gain":0,"player_choice":"Got Potions","damage_taken":0,"max_hp_gain":0,"max_hp_loss":0,"event_name":"Lab","floor":24,"gold_loss":0},{"damage_healed":0,"gold_gain":0,"cards_transformed":["SashWhip"],"player_choice":"Transformed","damage_taken":0,"max_hp_gain":0,"max_hp_loss":0,"event_name":"Transmorgrifier","floor":28,"gold_loss":0,"cards_obtained":["FlurryOfBlows"]},{"damage_healed":0,"gold_gain":0,"player_choice":"Ignored","damage_taken":0,"max_hp_gain":0,"max_hp_loss":0,"event_name":"SecretPortal","floor":36,"gold_loss":0},{"damage_healed":0,"gold_gain":0,"player_choice":"Fight","damage_taken":0,"max_hp_gain":0,"max_hp_loss":0,"event_name":"Mysterious Sphere","floor":37,"gold_loss":0},{"damage_healed":0,"gold_gain":0,"player_choice":"Fight","damage_taken":0,"max_hp_gain":0,"max_hp_loss":0,"event_name":"MindBloom","floor":45,"gold_loss":0}],"is_beta":false,"boss_relics":[{"not_picked":["Snecko Eye","VioletLotus"],"picked":"Calling Bell"},{"not_picked":["Velvet Choker","Pandora\u0027s Box"],"picked":"Fusion Hammer"}],"items_purged_floors":[],"is_endless":false,"potions_floor_spawned":[1,7,12,16,18,19,20,22,25,27,31,33,35,37,38,39,40,42,44,45,47,48,54],"ascension_level":6}}