{"host":"3jpwrwmmgyabjceh","time":1609012240,"event":{"mods":["AchievementEnabler","BaseMod","Colored Map","Colored Powertips","Highlight Path","Minty Spire (QoL Compilation)","Quick Restart","StSLib"],"gold_per_floor":[110,60,84,84,98,133,133,166,193,206,206,226,245,260,260,359,359,379,173,88,102,102,135,150,150,150,150,150],"floor_reached":27,"playtime":742,"items_purged":["Strike_R"],"score":335,"play_id":"aaf8130c-4024-451b-8c23-95f637fcbdfe","local_time":"20201226225040","is_ascension_mode":true,"campfire_choices":[{"data":"Iron Wave","floor":7,"key":"SMITH"},{"data":"Clothesline","floor":11,"key":"SMITH"},{"data":"Rampage","floor":15,"key":"SMITH"}],"circlet_count":0,"master_deck":["Strike_R","Strike_R","Strike_R","Defend_R","Defend_R","Defend_R","Defend_R","Bash+1","Iron Wave+1","Rampage+1","Clothesline+1","Thunderclap","Cleave","Shrug It Off","Inflame","Shrug It Off","Spot Weakness","Shrug It Off"],"relics":["Burning Blood","NeowsBlessing","Tiny Chest","CaptainsWheel","Toy Ornithopter","Vajra","Mark of Pain","Art of War","Ginger","Juzu Bracelet"],"acts_visited":["Exordium","TheCity"],"potions_floor_usage":[12,16,21,21,21,23],"damage_taken":[{"damage":0,"enemies":"Jaw Worm","floor":1,"turns":1},{"damage":0,"enemies":"2 Louse","floor":5,"turns":1},{"damage":0,"enemies":"3 Sentries","floor":6,"turns":1},{"damage":22,"enemies":"Lagavulin","floor":8,"turns":5},{"damage":1,"enemies":"Cultist","floor":10,"turns":3},{"damage":0,"enemies":"2 Fungi Beasts","floor":12,"turns":2},{"damage":6,"enemies":"Blue Slaver","floor":13,"turns":2},{"damage":5,"enemies":"Exordium Thugs","floor":14,"turns":4},{"damage":72,"enemies":"Slime Boss","floor":16,"turns":11},{"damage":15,"enemies":"Shell Parasite","floor":18,"turns":5},{"damage":0,"enemies":"Spheric Guardian","floor":21,"turns":4},{"damage":51,"enemies":"Book of Stabbing","floor":23,"turns":7},{"damage":39,"enemies":"Cultist and Chosen","floor":24,"turns":7},{"damage":31,"enemies":"Snecko","floor":27,"turns":5}],"seed_played":"187857186951655968","potions_obtained":[{"floor":5,"key":"Dexterity Potion"},{"floor":6,"key":"FairyPotion"},{"floor":10,"key":"DistilledChaos"},{"floor":12,"key":"EntropicBrew"},{"floor":21,"key":"Swift Potion"}],"is_trial":false,"path_per_floor":["M","?","T","?","M","E","R","E","T","M","R","M","M","M","R","B",null,"M","$","?","M","T","E","M","?","T","M"],"character_chosen":"IRONCLAD","items_purchased":["Inflame","Shrug It Off"],"campfire_rested":0,"item_purchase_floors":[19,19],"current_hp_per_floor":[80,80,80,80,80,80,80,64,64,69,69,80,80,80,80,19,65,56,56,56,77,77,37,30,30,30,0,0],"gold":150,"neow_bonus":"THREE_ENEMY_KILL","is_daily":false,"chose_seed":false,"campfire_upgraded":3,"win_rate":0.0,"timestamp":1609012240,"path_taken":["M","?","?","?","M","E","R","E","T","M","R","M","M","?","R","BOSS","M","$","?","M","?","E","M","?","T","M"],"items_purchased_type":["Card","Card"],"build_version":"2020-12-22","purchased_purges":1,"victory":false,"max_hp_per_floor":[80,80,80,80,80,80,80,80,80,80,80,80,80,80,80,80,80,80,80,80,80,80,80,80,80,80,80,80],"card_choices":[{"not_picked":["Battle Trance","Dual Wield"],"picked":"Iron Wave","floor":1},{"not_picked":["Perfected Strike","True Grit"],"picked":"Rampage","floor":5},{"not_picked":["Wild Strike","Flex","Exhume"],"picked":"SKIP","floor":6},{"not_picked":["Heavy Blade","Flex"],"picked":"Clothesline","floor":8},{"not_picked":["Havoc","Perfected Strike","Clothesline"],"picked":"SKIP","floor":10},{"not_picked":["Fire Breathing","Iron Wave","Flex"],"picked":"SKIP","floor":12},{"not_picked":["Iron Wave","Clash"],"picked":"Thunderclap","floor":13},{"not_picked":["Armaments","Heavy Blade"],"picked":"Cleave","floor":14},{"not_picked":["Perfected Strike+1","Thunderclap+1"],"picked":"Shrug It Off","floor":18},{"not_picked":["Seeing Red","Anger","Whirlwind"],"picked":"SKIP","floor":21},{"not_picked":["Whirlwind+1","Sever Soul","Sentinel"],"picked":"SKIP","floor":23},{"not_picked":["Intimidate","Heavy Blade"],"picked":"Spot Weakness","floor":24}],"player_experience":290339,"relics_obtained":[{"floor":3,"key":"Tiny Chest"},{"floor":6,"key":"CaptainsWheel"},{"floor":8,"key":"Toy Ornithopter"},{"floor":9,"key":"Vajra"},{"floor":22,"key":"Ginger"},{"floor":23,"key":"Juzu Bracelet"}],"event_choices":[{"cards_removed":["Strike_R"],"damage_healed":0,"gold_gain":0,"player_choice":"Card Removal","damage_taken":0,"max_hp_gain":0,"max_hp_loss":0,"event_name":"The Cleric","floor":2,"gold_loss":50},{"damage_healed":0,"gold_gain":0,"player_choice":"Upgraded","damage_taken":0,"max_hp_gain":0,"max_hp_loss":0,"event_name":"Upgrade Shrine","floor":4,"gold_loss":0,"cards_upgraded":["Bash"]},{"damage_healed":0,"gold_gain":0,"player_choice":"Obtained Relic","damage_taken":0,"relics_obtained":["Art of War"],"max_hp_gain":0,"max_hp_loss":0,"event_name":"Addict","floor":20,"gold_loss":85},{"damage_healed":0,"gold_gain":0,"player_choice":"1 cards matched","damage_taken":0,"max_hp_gain":0,"max_hp_loss":0,"event_name":"Match and Keep!","floor":25,"gold_loss":0,"cards_obtained":["Shrug It Off"]}],"is_beta":false,"boss_relics":[{"not_picked":["Runic Dome","Runic Pyramid"],"picked":"Mark of Pain"}],"items_purged_floors":[19],"is_endless":false,"potions_floor_spawned":[5,6,10,12,21],"killed_by":"Snecko","ascension_level":5}}