{"host":"31s8hzukbhz1k6i6","time":1609009313,"event":{"mods":["BaseMod","Colored Map","Minty Spire (QoL Compilation)","Relic Stats"],"gold_per_floor":[116,116,127,77,77,110,110,124,171,200,71,101,101,118,118,218,218,218,218,218,218,218,218,218,218,218,218,218,218,218,218,218,218,218,218,218,218,218,6,6,6,6,6,6,6,6,6,6,6,6],"floor_reached":51,"playtime":2477,"items_purged":["Defend_R"],"score":945,"play_id":"db104977-200b-4ab3-873b-2821e8e056a7","local_time":"20201226110153","is_ascension_mode":false,"campfire_choices":[{"data":"Pommel Strike","floor":7,"key":"SMITH"},{"data":"Inflame","floor":13,"key":"SMITH"},{"data":"Flame Barrier","floor":15,"key":"SMITH"},{"data":"Pommel Strike","floor":27,"key":"SMITH"},{"data":"Disarm","floor":32,"key":"SMITH"},{"data":"Limit Break","floor":44,"key":"SMITH"},{"data":"Barricade","floor":46,"key":"SMITH"},{"data":"Flex","floor":49,"key":"SMITH"}],"circlet_count":0,"master_deck":["Defend_R","Bash+1","Shrug It Off","Pommel Strike+1","Clothesline","Shrug It Off","Reaper","Inflame+1","Flame Barrier+1","Barricade+1","Ghostly Armor","Flex+1","Uppercut+1","Necronomicurse","Pommel Strike+1","Disarm+1","Rage+1","Shrug It Off+1","Offering","Seeing Red+1","Battle Trance+1","Sword Boomerang+1","Pommel Strike+1","Limit Break+1","Offering","Flex+1","Entrench+1","Shrug It Off+1"],"relics":["Burning Blood","Anchor","Blood Vial","Dream Catcher","Bird Faced Urn","Sundial","Ectoplasm","Necronomicon","MawBank","Shuriken","CaptainsWheel","Astrolabe","WingedGreaves","Pen Nib","Old Coin","FossilizedHelix","Orichalcum"],"acts_visited":["Exordium","TheCity","TheBeyond"],"potions_floor_usage":[12,16,33,33,50,50,50],"damage_taken":[{"damage":5,"enemies":"Jaw Worm","floor":1,"turns":4},{"damage":0,"enemies":"Small Slimes","floor":3,"turns":3},{"damage":32,"enemies":"Lagavulin","floor":6,"turns":6},{"damage":0,"enemies":"2 Louse","floor":8,"turns":4},{"damage":37,"enemies":"Gremlin Nob","floor":10,"turns":5},{"damage":3,"enemies":"3 Sentries","floor":12,"turns":9},{"damage":0,"enemies":"Exordium Wildlife","floor":14,"turns":4},{"damage":36,"enemies":"Hexaghost","floor":16,"turns":12},{"damage":0,"enemies":"Chosen","floor":18,"turns":3},{"damage":5,"enemies":"Spheric Guardian","floor":20,"turns":5},{"damage":7,"enemies":"Centurion and Healer","floor":22,"turns":5},{"damage":0,"enemies":"Book of Stabbing","floor":23,"turns":5},{"damage":6,"enemies":"Sentry and Sphere","floor":24,"turns":4},{"damage":7,"enemies":"Snecko","floor":25,"turns":5},{"damage":0,"enemies":"Gremlin Leader","floor":29,"turns":3},{"damage":0,"enemies":"Snake Plant","floor":30,"turns":3},{"damage":7,"enemies":"Sentry and Sphere","floor":31,"turns":6},{"damage":0,"enemies":"Automaton","floor":33,"turns":9},{"damage":0,"enemies":"Orb Walker","floor":35,"turns":2},{"damage":20,"enemies":"Mind Bloom Boss Battle","floor":36,"turns":6},{"damage":5,"enemies":"3 Shapes","floor":38,"turns":5},{"damage":0,"enemies":"Nemesis","floor":40,"turns":5},{"damage":20,"enemies":"Giant Head","floor":42,"turns":4},{"damage":33,"enemies":"Nemesis","floor":45,"turns":7},{"damage":6,"enemies":"Maw","floor":47,"turns":5},{"damage":6,"enemies":"3 Darklings","floor":48,"turns":4},{"damage":4,"enemies":"Time Eater","floor":50,"turns":3}],"seed_played":"3327765531589237716","potions_obtained":[{"floor":6,"key":"LiquidMemories"},{"floor":10,"key":"LiquidBronze"},{"floor":16,"key":"SkillPotion"},{"floor":20,"key":"Regen Potion"},{"floor":22,"key":"AttackPotion"},{"floor":35,"key":"Strength Potion"},{"floor":36,"key":"LiquidBronze"},{"floor":45,"key":"DuplicationPotion"}],"is_trial":false,"path_per_floor":["M","?","M","?","?","E","R","M","T","E","$","E","R","M","R","B",null,"M","?","M","?","M","E","M","M","T","R","T","E","M","M","R","B",null,"M","?","?","M","$","E","?","E","T","R","E","R","M","M","R","B",null],"character_chosen":"IRONCLAD","items_purchased":["Fire Potion","Inflame","Limit Break"],"campfire_rested":0,"item_purchase_floors":[11,11,39],"current_hp_per_floor":[80,62,68,68,68,42,42,50,50,21,21,40,40,58,58,42,80,80,80,80,64,80,80,80,79,79,79,79,80,80,80,80,80,80,80,80,80,80,80,80,80,80,80,80,57,57,80,80,80,80],"gold":6,"neow_bonus":"UPGRADE_CARD","is_daily":false,"chose_seed":false,"campfire_upgraded":8,"win_rate":0.0,"timestamp":1609009313,"path_taken":["M","?","M","?","?","E","R","M","T","E","$","E","R","M","R","BOSS","M","?","M","?","M","E","?","M","T","R","?","E","M","?","R","BOSS","M","?","?","?","$","E","?","E","T","R","E","R","M","?","R","BOSS"],"items_purchased_type":["Potion","Card","Card"],"build_version":"2020-12-22","purchased_purges":1,"victory":true,"max_hp_per_floor":[80,80,80,80,80,80,80,80,80,80,80,80,80,80,80,80,80,80,80,80,80,80,80,80,80,80,80,80,80,80,80,80,80,80,80,80,80,80,80,80,80,80,80,80,80,80,80,80,80,80],"relic_stats":{"counters":[27,136],"Astrolabe":["Seeing Red","Battle Trance","Sword Boomerang"],"Pen Nib":[4],"Orichalcum":[0],"MawBank":0,"Burning Blood":81,"Blood Vial":15,"Dream Catcher":0,"Sundial":[18],"Shuriken":[22],"Bird Faced Urn":[26],"Ectoplasm":965,"Necronomicon":[55],"obtain_stats":[{"Astrolabe":34,"Pen Nib":40,"Orichalcum":45,"MawBank":23,"Burning Blood":0,"Old Coin":42,"Blood Vial":6,"Anchor":2,"Dream Catcher":9,"CaptainsWheel":29,"Sundial":12,"Shuriken":28,"Bird Faced Urn":10,"Ectoplasm":17,"WingedGreaves":36,"Necronomicon":21,"FossilizedHelix":43},{"Astrolabe":18,"Pen Nib":22,"Orichalcum":24,"MawBank":12,"Burning Blood":0,"Old Coin":23,"Blood Vial":3,"Anchor":1,"Dream Catcher":4,"CaptainsWheel":15,"Sundial":6,"Shuriken":14,"Bird Faced Urn":5,"Ectoplasm":8,"WingedGreaves":20,"Necronomicon":10,"FossilizedHelix":23},{"Astrolabe":95,"Pen Nib":113,"Orichalcum":124,"MawBank":65,"Burning Blood":0,"Old Coin":117,"Blood Vial":13,"Anchor":4,"Dream Catcher":17,"CaptainsWheel":77,"Sundial":31,"Shuriken":74,"Bird Faced Urn":22,"Ectoplasm":47,"WingedGreaves":103,"Necronomicon":55,"FossilizedHelix":117}]},"card_choices":[{"not_picked":["Fire Breathing","Perfected Strike"],"picked":"Shrug It Off","floor":1},{"not_picked":["Combust","Sword Boomerang"],"picked":"Pommel Strike","floor":3},{"not_picked":["Armaments","Metallicize"],"picked":"Shrug It Off","floor":6},{"not_picked":["Warcry","Clothesline","Sword Boomerang"],"picked":"SKIP","floor":8},{"not_picked":["Reckless Charge","Pommel Strike"],"picked":"Reaper","floor":10},{"not_picked":["Armaments","Sever Soul"],"picked":"Flame Barrier","floor":12},{"not_picked":["Warcry","Flex","Armaments"],"picked":"SKIP","floor":14},{"not_picked":["Brutality","Reaper"],"picked":"Barricade","floor":16},{"not_picked":["Warcry+1","Twin Strike","Anger"],"picked":"SKIP","floor":18},{"not_picked":["Warcry","Shrug It Off"],"picked":"Uppercut+1","floor":20},{"not_picked":["Warcry","Ghostly Armor"],"picked":"Pommel Strike","floor":22},{"not_picked":["Corruption","Carnage"],"picked":"Disarm","floor":23},{"not_picked":["Rampage+1","Body Slam","Twin Strike+1"],"picked":"SKIP","floor":24},{"not_picked":["Armaments+1","Dropkick"],"picked":"Rage+1","floor":25},{"not_picked":["Feed","Flex"],"picked":"Shrug It Off+1","floor":29},{"not_picked":["Perfected Strike","Anger","Iron Wave+1"],"picked":"SKIP","floor":30},{"not_picked":["Cleave","Spot Weakness","Sword Boomerang"],"picked":"SKIP","floor":31},{"not_picked":["Juggernaut","Demon Form"],"picked":"Offering","floor":33},{"not_picked":["Sever Soul","Shrug It Off","Headbutt"],"picked":"SKIP","floor":35},{"not_picked":["Heavy Blade+1","Flex"],"picked":"Pommel Strike+1","floor":36},{"not_picked":["Infernal Blade+1","Cleave+1","Warcry+1"],"picked":"SKIP","floor":38},{"not_picked":["Flex","Body Slam","Fire Breathing"],"picked":"SKIP","floor":40},{"not_picked":["Heavy Blade","Impervious"],"picked":"Flex+1","floor":42},{"not_picked":["Clothesline+1","Body Slam"],"picked":"Entrench+1","floor":45},{"not_picked":["Seeing Red+1","Headbutt"],"picked":"Shrug It Off+1","floor":47},{"not_picked":["Armaments","True Grit","Twin Strike+1"],"picked":"SKIP","floor":48}],"player_experience":8125,"relics_obtained":[{"floor":6,"key":"Blood Vial"},{"floor":9,"key":"Dream Catcher"},{"floor":10,"key":"Bird Faced Urn"},{"floor":12,"key":"Sundial"},{"floor":21,"key":"Necronomicon"},{"floor":23,"key":"MawBank"},{"floor":28,"key":"Shuriken"},{"floor":29,"key":"CaptainsWheel"},{"floor":36,"key":"WingedGreaves"},{"floor":40,"key":"Pen Nib"},{"floor":42,"key":"Old Coin"},{"floor":43,"key":"FossilizedHelix"},{"floor":45,"key":"Orichalcum"}],"event_choices":[{"damage_healed":0,"gold_gain":0,"player_choice":"Success","damage_taken":18,"relics_obtained":["Anchor"],"max_hp_gain":0,"max_hp_loss":0,"event_name":"Scrap Ooze","floor":2,"gold_loss":0},{"cards_removed":["Defend_R"],"damage_healed":0,"gold_gain":0,"player_choice":"Card Removal","damage_taken":0,"max_hp_gain":0,"max_hp_loss":0,"event_name":"The Cleric","floor":4,"gold_loss":50},{"damage_healed":0,"gold_gain":0,"cards_transformed":["Strike_R"],"player_choice":"Change","damage_taken":0,"max_hp_gain":0,"max_hp_loss":0,"event_name":"Living Wall","floor":5,"gold_loss":0,"cards_obtained":["Clothesline"]},{"damage_healed":0,"gold_gain":0,"cards_transformed":["Strike_R","Strike_R"],"player_choice":"Became Test Subject","damage_taken":0,"max_hp_gain":0,"max_hp_loss":0,"event_name":"Drug Dealer","floor":19,"gold_loss":0,"cards_obtained":["Ghostly Armor","Flex"]},{"damage_healed":0,"gold_gain":0,"player_choice":"Obtained Book","damage_taken":16,"max_hp_gain":0,"max_hp_loss":0,"event_name":"Cursed Tome","floor":21,"gold_loss":0},{"damage_healed":0,"gold_gain":0,"player_choice":"Fight","damage_taken":0,"max_hp_gain":0,"max_hp_loss":0,"event_name":"MindBloom","floor":36,"gold_loss":0},{"damage_healed":0,"gold_gain":0,"player_choice":"0 cards matched","damage_taken":0,"max_hp_gain":0,"max_hp_loss":0,"event_name":"Match and Keep!","floor":37,"gold_loss":0,"cards_obtained":[]},{"damage_healed":0,"gold_gain":0,"player_choice":"Copied","damage_taken":0,"max_hp_gain":0,"max_hp_loss":0,"event_name":"Duplicator","floor":41,"gold_loss":0,"cards_obtained":["Offering"]}],"is_beta":false,"boss_relics":[{"not_picked":["Black Blood","Runic Cube"],"picked":"Ectoplasm"},{"not_picked":["Coffee Dripper","Runic Pyramid"],"picked":"Astrolabe"}],"items_purged_floors":[39],"is_endless":false,"potions_floor_spawned":[6,10,16,20,22,25,29,31,35,36,40,45],"ascension_level":0}}