{"host":"htqwg582tjjtn9p7","time":1609022928,"event":{"mods":["2.2 Compatiblity","AchievementEnabler","Act Like it!","Aspiration","BaseMod","Better Third Choice","Colored Map","Conspire","Curses Come First","Displayed Cursed Tome","Energized Spire","Force Act Four","GifTheSpireLib","Hermit","Highlight Path","JesterMod","Mad Scientist","Minty Spire (QoL Compilation)","Pale of the Ancients","Permanent Neow","Random Character Button","Relic Stats","Replay The Spire","Robot Space Explorer","Somnambulant","Spicy Shops","Spikes Relics","StSLib","Stuff the Spire","The Blue Laboratory","The Disciple","The Dragon Tamer","The Forsaken","The Gatherer","The Judge","The Jungle","The Marked","The Runesmith","The Servant 0.9.4"],"gold_per_floor":[113,125,140,151,151,180,180,190,190,202,5,5,5,40,40,136,136,150,50,50,63,63,95,95,109,109,135,234,247,247,258,258,354,354,369,383,383,402,402,433,445,445,445,479,490,490,504,6,6,6,18,37,37,37,37,52,52,100,100,100],"floor_reached":61,"playtime":3843,"items_purged":["RobotSpaceExplorer:Strike","RobotSpaceExplorer:Strike","Decay","RobotSpaceExplorer:Defend"],"score":1724,"play_id":"2bc1e2ca-bfba-41a1-a8c2-6fc9c46a6d5c","local_time":"20201226234848","is_ascension_mode":true,"campfire_choices":[{"floor":7,"key":"REST"},{"data":"RobotSpaceExplorer:Pulsar","floor":13,"key":"SMITH"},{"data":"RobotSpaceExplorer:StarLightning","floor":15,"key":"SMITH"},{"data":"RobotSpaceExplorer:TrailblazerForm","floor":24,"key":"SMITH"},{"floor":30,"key":"REST"},{"floor":32,"key":"REST"},{"floor":42,"key":"REST"},{"data":"Prepared","floor":46,"key":"SMITH"},{"floor":49,"key":"REST"},{"data":"RobotSpaceExplorer:Accelerator","floor":55,"key":"SMITH"},{"floor":57,"key":"REST"}],"circlet_count":0,"master_deck":["RobotSpaceExplorer:MiniLasers","RobotSpaceExplorer:TrailblazerForm+1","RobotSpaceExplorer:MiniDrones","RobotSpaceExplorer:MiniDrones","RobotSpaceExplorer:SelfCleaning","RobotSpaceExplorer:StarLightning+1","RobotSpaceExplorer:Pulsar+1","RobotSpaceExplorer:StarLightning+1","RobotSpaceExplorer:ScrapShield","RobotSpaceExplorer:SwiftStep+1","Deflect","Noxious Fumes+1","Prepared+1","RobotSpaceExplorer:TrailblazerForm","Noxious Fumes+1","PiercingWail+1","RobotSpaceExplorer:Accelerator+1","Concentrate","RobotSpaceExplorer:MiniDrones","ReplayTheSpireMod:Speed Training+1","Deflect","Backstab","Malaise","Replay:Poison Smokescreen","RobotSpaceExplorer:ScrapToss+1","Flash of Steel"],"relics":["RobotSpaceExplorer:RoboCore","Regal Pillow","aspiration:Lifesprig","ZombieTooth","aspiration:SilentSkillbook","aspiration:HiddenCompartment","Unceasing Top","StuffTheSpire:Barrel","conspire:SpecialSausage","StuffTheSpire:MayFlowers","StuffTheSpire:EmeraldSignet","Iron Hammer","paleoftheancients:Timepiece","Ice Cream","CultistMask","paleoftheancients:SoulOfTheCollector","conspire:TopHat","StuffTheSpire:Mouthbags"],"acts_visited":["Exordium","TheCity","TheBeyond","TheBeyond"],"potions_floor_usage":[2,4,6,10,10,16,16,16,25,27,36,38,44,45,50,56,60],"damage_taken":[{"damage":0,"enemies":"Cultist","floor":1,"turns":5},{"damage":0,"enemies":"2 Louse","floor":2,"turns":2},{"damage":4,"enemies":"Jaw Worm","floor":3,"turns":4},{"damage":2,"enemies":"conspire:2 RoseBushes","floor":4,"turns":12},{"damage":27,"enemies":"Gremlin Nob","floor":6,"turns":7},{"damage":9,"enemies":"3 Louse","floor":8,"turns":4},{"damage":0,"enemies":"2 Fungi Beasts","floor":10,"turns":4},{"damage":0,"enemies":"Lagavulin","floor":14,"turns":9},{"damage":26,"enemies":"Hexaghost","floor":16,"turns":9},{"damage":6,"enemies":"Chosen","floor":18,"turns":7},{"damage":6,"enemies":"conspire:FuzzyDice","floor":21,"turns":6},{"damage":3,"enemies":"conspire:Head Lice","floor":23,"turns":7},{"damage":7,"enemies":"Centurion and Healer","floor":25,"turns":6},{"damage":21,"enemies":"Book of Stabbing","floor":27,"turns":7},{"damage":8,"enemies":"Chosen and Byrds","floor":29,"turns":7},{"damage":0,"enemies":"conspire:HollyBat","floor":31,"turns":8},{"damage":11,"enemies":"Champ","floor":33,"turns":12},{"damage":7,"enemies":"3 Shapes","floor":35,"turns":6},{"damage":5,"enemies":"3 Darklings","floor":36,"turns":9},{"damage":33,"enemies":"4 Shapes","floor":38,"turns":6},{"damage":27,"enemies":"Nemesis","floor":40,"turns":11},{"damage":0,"enemies":"Spire Growth","floor":41,"turns":7},{"damage":40,"enemies":"Reptomancer","floor":44,"turns":8},{"damage":1,"enemies":"Maw","floor":45,"turns":8},{"damage":0,"enemies":"Transient","floor":47,"turns":5},{"damage":10,"enemies":"Time Eater","floor":50,"turns":18},{"damage":0,"enemies":"Time Eater","floor":51,"turns":11},{"damage":0,"enemies":"Time Eater","floor":52,"turns":8},{"damage":56,"enemies":"Time Eater","floor":56,"turns":10},{"damage":73,"enemies":"paleoftheancients:N","floor":60,"turns":17}],"seed_played":"5451965050044627007","potions_obtained":[{"floor":1,"key":"DistilledChaos"},{"floor":3,"key":"blueLaboratory:HummingbirdPotion"},{"floor":5,"key":"blueLaboratory:ExaltedPotion"},{"floor":5,"key":"Dexterity Potion"},{"floor":5,"key":"BlessingOfTheForge"},{"floor":6,"key":"Languid Potion"},{"floor":8,"key":"blueLaboratory:EmptyBottle"},{"floor":23,"key":"blueLaboratory:FruitPunch"},{"floor":25,"key":"PowerPotion"},{"floor":29,"key":"LifebloodPotion"},{"floor":31,"key":"conspire:TimeTravelPotion"},{"floor":40,"key":"Swift Potion"},{"floor":44,"key":"Energy Potion"},{"floor":47,"key":"blueLaboratory:TrueEctoplasm"},{"floor":52,"key":"blueLaboratory:LouseDecoction"},{"floor":56,"key":"blueLaboratory:FruitPunch"}],"is_trial":false,"path_per_floor":["M","M","M","M","?","E","R","M","T","M","$","?","R","E","R","B",null,"M","$","?","M","?","E","R","M","T","E","?","M","R","M","R","B",null,"M","M","?","M","?","E","M","R","T","E","M","R","M","$","R","B","M","M","?","T","R","M","R","T","?","B",null],"character_chosen":"RobotSpaceExplorer","items_purchased":["Adrenaline Potion","Regen Potion","Flash of Steel","blueLaboratory:ImpenetrablePotion"],"campfire_rested":6,"item_purchase_floors":[11,11,48,48],"current_hp_per_floor":[68,68,64,62,62,35,72,63,63,63,63,63,63,63,63,52,69,63,63,63,57,57,54,54,49,49,28,28,20,58,58,77,66,74,67,62,62,62,62,35,41,77,77,47,54,54,57,57,77,77,77,77,77,77,77,55,77,77,77,48],"gold":100,"neow_bonus":"ONE_RANDOM_RARE_CARD","is_daily":false,"chose_seed":false,"campfire_upgraded":5,"win_rate":0.0,"timestamp":1609022928,"path_taken":["M","?","M","?","?","E","R","M","T","?","$","?","R","E","R","BOSS","M","$","?","M","?","E","R","M","T","E","?","M","R","M","R","BOSS","M","M","?","?","?","E","M","R","T","E","?","R","M","$","R","BOSS","M","M","?","T","R","M","R","T","?","BOSS"],"items_purchased_type":["Potion","Potion","Card","Potion"],"build_version":"2020-12-22","purchased_purges":4,"victory":true,"max_hp_per_floor":[75,75,75,75,75,75,75,75,75,75,75,75,75,75,75,75,75,75,75,75,75,75,75,75,77,77,77,77,77,77,77,77,77,77,77,77,77,77,77,77,77,77,77,77,77,77,77,77,77,77,77,77,77,77,77,77,77,77,77,79],"relic_stats":{"Regal Pillow":43,"counters":[30,240],"obtain_stats":[{"Ice Cream":50,"Regal Pillow":6,"aspiration:Lifesprig":9,"StuffTheSpire:Barrel":27,"RobotSpaceExplorer:RoboCore":0,"conspire:SpecialSausage":34,"StuffTheSpire:EmeraldSignet":43,"aspiration:HiddenCompartment":23,"conspire:TopHat":54,"paleoftheancients:Timepiece":50,"ZombieTooth":14,"StuffTheSpire:Mouthbags":58,"StuffTheSpire:MayFlowers":40,"aspiration:SilentSkillbook":17,"Iron Hammer":44,"CultistMask":50,"paleoftheancients:SoulOfTheCollector":51,"Unceasing Top":26},{"Ice Cream":26,"Regal Pillow":5,"aspiration:Lifesprig":6,"StuffTheSpire:Barrel":14,"RobotSpaceExplorer:RoboCore":0,"conspire:SpecialSausage":17,"StuffTheSpire:EmeraldSignet":22,"aspiration:HiddenCompartment":12,"conspire:TopHat":28,"paleoftheancients:Timepiece":26,"ZombieTooth":8,"StuffTheSpire:Mouthbags":29,"StuffTheSpire:MayFlowers":21,"aspiration:SilentSkillbook":9,"Iron Hammer":23,"CultistMask":26,"paleoftheancients:SoulOfTheCollector":27,"Unceasing Top":13},{"Ice Cream":194,"Regal Pillow":30,"aspiration:Lifesprig":34,"StuffTheSpire:Barrel":89,"RobotSpaceExplorer:RoboCore":0,"conspire:SpecialSausage":116,"StuffTheSpire:EmeraldSignet":155,"aspiration:HiddenCompartment":76,"conspire:TopHat":213,"paleoftheancients:Timepiece":194,"ZombieTooth":47,"StuffTheSpire:Mouthbags":223,"StuffTheSpire:MayFlowers":148,"aspiration:SilentSkillbook":56,"Iron Hammer":163,"CultistMask":194,"paleoftheancients:SoulOfTheCollector":205,"Unceasing Top":82}],"Unceasing Top":[407]},"card_choices":[{"not_picked":["RobotSpaceExplorer:GlueShot","RobotSpaceExplorer:SlimeMissile"],"picked":"RobotSpaceExplorer:MiniDrones","floor":1},{"not_picked":["RobotSpaceExplorer:MetalStrike","RobotSpaceExplorer:FrostMissile"],"picked":"RobotSpaceExplorer:MiniDrones","floor":2},{"not_picked":["RobotSpaceExplorer:Probe","RobotSpaceExplorer:SurgingShield","RobotSpaceExplorer:Ammunition"],"picked":"SKIP","floor":3},{"not_picked":["RobotSpaceExplorer:ShockKick","RobotSpaceExplorer:Ammunition"],"picked":"RobotSpaceExplorer:SelfCleaning","floor":4},{"not_picked":["RobotSpaceExplorer:RigExplosive","RobotSpaceExplorer:FreezingShield","RobotSpaceExplorer:ImprovisedAttack"],"picked":"SKIP","floor":6},{"not_picked":["RobotSpaceExplorer:Arsenal","RobotSpaceExplorer:MakeshiftVolley"],"picked":"RobotSpaceExplorer:StarLightning","floor":8},{"not_picked":["RobotSpaceExplorer:Jetpack","RobotSpaceExplorer:MiniDrones"],"picked":"RobotSpaceExplorer:Pulsar","floor":10},{"not_picked":["RobotSpaceExplorer:Explosion","RobotSpaceExplorer:ToxicBomb"],"picked":"RobotSpaceExplorer:StarLightning","floor":14},{"not_picked":["RobotSpaceExplorer:BlastShield","RobotSpaceExplorer:Scanner"],"picked":"RobotSpaceExplorer:Wormhole","floor":16},{"not_picked":["Deadly Poison","StuffTheSpire:Shiver","Bane+1","RobotSpaceExplorer:SelfCleaning"],"picked":"SKIP","floor":18},{"not_picked":["RobotSpaceExplorer:Smokescreen","Accuracy","Distraction","Quick Slash+1"],"picked":"SKIP","floor":21},{"not_picked":["RobotSpaceExplorer:Pulsar","RobotSpaceExplorer:SurgingStrike","Sucker Punch+1"],"picked":"RobotSpaceExplorer:SwiftStep+1","floor":23},{"not_picked":["RobotSpaceExplorer:Ammunition+1","StuffTheSpire:Python","RobotSpaceExplorer:Arsenal"],"picked":"Deflect","floor":25},{"not_picked":["Backflip","RobotSpaceExplorer:Counterblock","RobotSpaceExplorer:IronShell+1"],"picked":"Noxious Fumes+1","floor":27},{"not_picked":["StuffTheSpire:Python+1","Flying Knee","ReplayTheSpireMod:Shiv Toss","RobotSpaceExplorer:SurgingShield+1"],"picked":"SKIP","floor":29},{"not_picked":["StuffTheSpire:Incursion+1","RobotSpaceExplorer:DualCore","ReplayTheSpireMod:Tripwire"],"picked":"Prepared","floor":31},{"not_picked":["Replay:Bag of Tricks","RobotSpaceExplorer:Blaster","Poison Darts"],"picked":"RobotSpaceExplorer:TrailblazerForm","floor":33},{"not_picked":["Dagger Spray+1","Blur+1","StuffTheSpire:Python+1"],"picked":"Noxious Fumes+1","floor":35},{"not_picked":["Hidden Blade+1","Acrobatics+1","Blade Dance"],"picked":"PiercingWail+1","floor":36},{"not_picked":["Sucker Punch+1","ReplayTheSpireMod:Shiv Toss+1","Quick Slash","StuffTheSpire:Injection+1"],"picked":"SKIP","floor":38},{"not_picked":["RobotSpaceExplorer:BlastShield","StuffTheSpire:Fury","StuffTheSpire:Sprint+1"],"picked":"Concentrate","floor":40},{"not_picked":["RobotSpaceExplorer:ShovelStrike+1","RobotSpaceExplorer:FrostMissile+1","Acrobatics+1"],"picked":"RobotSpaceExplorer:MiniDrones","floor":41},{"not_picked":["All Out Attack","RobotSpaceExplorer:ScrapMissile+1","Dash"],"picked":"ReplayTheSpireMod:Speed Training+1","floor":44},{"not_picked":["Outmaneuver+1","RobotSpaceExplorer:Probe","RobotSpaceExplorer:SlimeMissile"],"picked":"Deflect","floor":45},{"not_picked":["Poisoned Stab+1","RobotSpaceExplorer:SelfCleaning+1","Hidden Blade+1","ShadowRift"],"picked":"SKIP","floor":47},{"not_picked":["Cloak And Dagger","Dagger Spray","RobotSpaceExplorer:FrostMissile","RobotSpaceExplorer:Pulsar"],"picked":"SKIP","floor":51},{"not_picked":["RobotSpaceExplorer:StunGrenade","RobotSpaceExplorer:Pulsar","RobotSpaceExplorer:FranticSearch+1","Dagger Throw+1"],"picked":"SKIP","floor":52},{"not_picked":["RobotSpaceExplorer:SwiftStep","Poisoned Stab+1","RobotSpaceExplorer:MetalStrike"],"picked":"RobotSpaceExplorer:ScrapToss+1","floor":56}],"player_experience":1796081,"relics_obtained":[{"floor":6,"key":"Regal Pillow"},{"floor":9,"key":"aspiration:Lifesprig"},{"floor":14,"key":"ZombieTooth"},{"floor":23,"key":"aspiration:HiddenCompartment"},{"floor":26,"key":"Unceasing Top"},{"floor":27,"key":"StuffTheSpire:Barrel"},{"floor":40,"key":"StuffTheSpire:MayFlowers"},{"floor":43,"key":"StuffTheSpire:EmeraldSignet"},{"floor":44,"key":"Iron Hammer"},{"floor":51,"key":"paleoftheancients:SoulOfTheCollector"},{"floor":54,"key":"conspire:TopHat"},{"floor":58,"key":"StuffTheSpire:Mouthbags"}],"event_choices":[{"damage_healed":0,"gold_gain":0,"player_choice":"Got Potions","damage_taken":0,"max_hp_gain":0,"max_hp_loss":0,"event_name":"Lab","floor":5,"gold_loss":0},{"damage_healed":0,"gold_gain":0,"player_choice":"Grow","damage_taken":0,"max_hp_gain":0,"max_hp_loss":0,"event_name":"Living Wall","floor":12,"gold_loss":0,"cards_upgraded":["RobotSpaceExplorer:StarLightning"]},{"damage_healed":0,"gold_gain":0,"cards_transformed":["RobotSpaceExplorer:Defend","RobotSpaceExplorer:Strike"],"player_choice":"Became Test Subject","damage_taken":0,"max_hp_gain":0,"max_hp_loss":0,"event_name":"Drug Dealer","floor":20,"gold_loss":0,"cards_obtained":["RobotSpaceExplorer:ScrapShield","Predator"]},{"damage_healed":0,"gold_gain":0,"player_choice":"Ignored","damage_taken":0,"max_hp_gain":0,"max_hp_loss":0,"event_name":"Vampires","floor":22,"gold_loss":0},{"damage_healed":0,"gold_gain":99,"player_choice":"Steal","damage_taken":0,"max_hp_gain":0,"max_hp_loss":0,"event_name":"betterThird:BetterNest","floor":28,"gold_loss":0},{"damage_healed":0,"gold_gain":0,"cards_transformed":["RobotSpaceExplorer:Defend"],"player_choice":"Transformed","damage_taken":0,"max_hp_gain":0,"max_hp_loss":0,"event_name":"Transmorgrifier","floor":37,"gold_loss":0,"cards_obtained":["RobotSpaceExplorer:Accelerator"]},{"damage_healed":0,"gold_gain":0,"player_choice":"Random: Violet","damage_taken":0,"max_hp_gain":0,"max_hp_loss":0,"event_name":"betterThird:BetterPortal","floor":39,"gold_loss":0},{"damage_healed":0,"gold_gain":0,"player_choice":"Smashed Altar","damage_taken":0,"max_hp_gain":0,"max_hp_loss":0,"event_name":"Forgotten Altar","floor":39,"gold_loss":0,"cards_obtained":["Decay"]}],"is_beta":false,"boss_relics":[{"not_picked":["Replay:Wanted Poster","Philosopher\u0027s Stone"],"picked":"aspiration:SilentSkillbook"},{"not_picked":["conspire:SlowCooker","energizedSpire:RedRose"],"picked":"conspire:SpecialSausage"}],"items_purged_floors":[11,19,48,48],"is_endless":false,"potions_floor_spawned":[1,3,6,8,23,25,29,31,40,44,47,52,56],"ascension_level":7}}