{"host":"qrbkigq52dd42dk0","time":1609018988,"event":{"mods":["AchievementEnabler","BaseMod","Colored Map","Colored Powertips","Downfall","Minty Spire (QoL Compilation)","Quick Restart","StSLib","SuperFastMode"],"gold_per_floor":[99,110,110,20,32,60,97,136,159,271,133,145,157,187,213,327,339,339,339,339,128,128,128,128,128,128,128,128],"floor_reached":26,"playtime":1515,"items_purged":["champ:Strike","champ:Defend"],"score":231,"play_id":"fecd1072-baa2-406f-a2e8-c7bf296bdc9b","local_time":"20201226224308","is_ascension_mode":false,"campfire_choices":[{"data":"champ:Taunt","floor":1.0,"key":"SMITH"},{"data":"champ:Devastate","floor":11.0,"key":"SMITH"},{"floor":13.0,"key":"REST"},{"data":"champ:SwordThrow","floor":18.0,"key":"SMITH"},{"floor":25,"key":"RECALL"}],"circlet_count":0,"master_deck":["champ:Strike","champ:Strike","champ:Defend","champ:Defend","champ:Execute","champ:Taunt+1","champ:CrookedStrike","champ:Devastate+1","champ:IgnorePain","champ:BringItOn","champ:SwordThrow+1","champ:Shatter","champ:EnGarde","champ:FocusedBerserking","champ:LastStand","champ:StanceDance+1","champ:Devastate+1","champ:AdrenalArmor+1","champ:ShieldWall+1"],"relics":["champ:ChampionCrown","MawBank","Smiling Mask","Champion Belt","downfall:HeartBlessingGreen","downfall:HeartBlessingBlue","downfall:Hecktoplasm","MealTicket","DollysMirror","Vajra"],"acts_visited":["Exordium","TheCity"],"potions_floor_usage":[22,23,23],"damage_taken":[{"damage":5.0,"enemies":"Small Slimes","floor":2.0,"turns":4.0},{"damage":5.0,"enemies":"downfall:FleeingMerchant","floor":4.0,"turns":4.0},{"damage":5.0,"enemies":"Cultist","floor":5.0,"turns":5.0},{"damage":60.0,"enemies":"Lagavulin","floor":6.0,"turns":8.0},{"damage":5.0,"enemies":"Jaw Worm","floor":9.0,"turns":3.0},{"damage":33.0,"enemies":"Jaw Worm","floor":10.0,"turns":4.0},{"damage":6.0,"enemies":"3 Louse","floor":14.0,"turns":3.0},{"damage":0.0,"enemies":"Blue Slaver","floor":15.0,"turns":5.0},{"damage":60.0,"enemies":"downfall:Watcher","floor":16.0,"turns":12.0},{"damage":9.0,"enemies":"3 Byrds","floor":19.0,"turns":6.0},{"damage":9.0,"enemies":"downfall:FleeingMerchant","floor":21.0,"turns":4.0},{"damage":0,"enemies":"Shell Parasite","floor":22,"turns":1},{"damage":41,"enemies":"Cultist and Chosen","floor":23,"turns":7},{"damage":98,"enemies":"Gremlin Leader","floor":26,"turns":7}],"seed_played":"4226460646809571202","potions_obtained":[{"floor":5.0,"key":"Energy Potion"},{"floor":9.0,"key":"GamblersBrew"},{"floor":14.0,"key":"LiquidMemories"},{"floor":19.0,"key":"DuplicationPotion"},{"floor":23,"key":"SteroidPotion"}],"is_trial":false,"path_per_floor":["R","M","?","$","M","E","T","T","M","?","R","?","R","M","M","B",null,"R","M","?","$","M","M","T","R","E"],"character_chosen":"THE_CHAMP","items_purchased":["DollysMirror"],"campfire_rested":1,"item_purchase_floors":[21],"current_hp_per_floor":[99,99,99,99,99,54,54,54,49,21,31,31,63,62,62,17,109,109,100,100,105,105,82,82,82,0,0,0],"gold":128,"neow_bonus":"TEN_PERCENT_HP_BONUS","is_daily":false,"chose_seed":false,"campfire_upgraded":3,"win_rate":0.0,"timestamp":1609018988,"path_taken":["R","M","?","?","M","E","T","?","M","?","R","?","R","M","M","BOSS","R","M","?","$","M","M","T","R","E"],"items_purchased_type":["Relic"],"build_version":"2020-12-22","purchased_purges":2,"victory":false,"max_hp_per_floor":[99,99,99,99,99,99,99,99,99,99,109,109,109,109,109,109,109,109,109,109,109,109,109,109,109,109,109,109],"card_choices":[{"not_picked":["champ:Circumvent","champ:FocusedGladiator"],"picked":"champ:CrookedStrike","floor":2.0},{"not_picked":["champ:DefensiveShout","champ:Backstep"],"picked":"champ:IgnorePain","floor":4.0},{"not_picked":["champ:EnragedBash","champ:EndlessRage"],"picked":"champ:BringItOn","floor":5.0},{"not_picked":["champ:Circumvent","champ:RapidStrikes"],"picked":"champ:SwordThrow","floor":6.0},{"not_picked":["champ:Circumvent","champ:PerfectedStrike"],"picked":"champ:Shatter","floor":9.0},{"not_picked":["champ:Backstep","champ:EnragedBash"],"picked":"champ:EnGarde","floor":14.0},{"not_picked":["champ:GutPunch","champ:CrookedStrike"],"picked":"champ:FocusedBerserking","floor":15.0},{"not_picked":["champ:DancingMaster","champ:PerfectForm"],"picked":"champ:LastStand","floor":16.0},{"not_picked":["champ:BladeFlurry","champ:Circumvent+1"],"picked":"champ:StanceDance+1","floor":19.0},{"not_picked":["champ:IgnorePain","champ:Circumvent","champ:StanceDance"],"picked":"SKIP","floor":21.0},{"not_picked":["champ:GutPunch","champ:BerserkersShout"],"picked":"champ:AdrenalArmor+1","floor":22},{"not_picked":["champ:Lariat","champ:PreciseThrust"],"picked":"champ:ShieldWall+1","floor":23}],"player_experience":78586,"relics_obtained":[{"floor":6.0,"key":"MawBank"},{"floor":8.0,"key":"Smiling Mask"},{"floor":10.0,"key":"Champion Belt"},{"floor":20.0,"key":"MealTicket"},{"floor":24,"key":"Vajra"}],"event_choices":[{"damage_healed":0.0,"max_hp_gain":0.0,"max_hp_loss":0.0,"gold_gain":0.0,"cards_transformed":["champ:Strike"],"event_name":"Transmorgrifier","player_choice":"Transformed","floor":3.0,"gold_loss":0.0,"damage_taken":0.0,"cards_obtained":["champ:Devastate"]},{"cards_removed":["champ:Defend"],"damage_healed":0.0,"max_hp_gain":0.0,"max_hp_loss":0.0,"gold_gain":0.0,"event_name":"The Cleric","player_choice":"Card Removal","floor":12.0,"gold_loss":0.0,"damage_taken":0.0},{"damage_healed":0.0,"max_hp_gain":0.0,"max_hp_loss":0.0,"gold_gain":0.0,"event_name":"Wheel of Change","player_choice":"Relic","floor":20.0,"gold_loss":0.0,"damage_taken":0.0}],"is_beta":false,"boss_relics":[{"not_picked":["Busted Crown","Snecko Eye"],"picked":"downfall:Hecktoplasm"}],"items_purged_floors":[4,21],"is_endless":false,"potions_floor_spawned":[5,9,14,19,23],"killed_by":"Gremlin Leader","ascension_level":0}}