{"host":"oeh4wb93hhtrshvk","time":1609001888,"event":{"mods":["2.2 Compatiblity","AchievementEnabler","Act Like it!","Aspiration","BaseMod","Better Skull","Better Third Choice","Block Reminder","Card Filter","Colored Powertips","Conspire","Curses Come First","Defuse TimeMaze Blight","Displayed Cursed Tome","Downfall","Energized Spire","GifTheSpireLib","Hermit","Hubris","Infinite Spire","Marisa????????","Minty Spire (QoL Compilation)","Pale of the Ancients","Quick Restart","Rare Cards Sparkle","Relic Filter","Replay The Spire","Shop Mod","Spicy Shops","StSLib","The Blue Laboratory","The Cursed","The Disciple","Transform Curses","Wandering Minibosses","vexMod"],"gold_per_floor":[117,117,117,117,134,165,165,177,177,177,228,259,269,269,283,253,253,253,253,253],"floor_reached":18,"playtime":879,"items_purged":[],"score":120,"play_id":"d1ef3840-4c18-4ca2-807d-8efc6c4d3f81","local_time":"20201226175808","daily_mods":["Heirloom","DeadlyEvents"],"is_ascension_mode":false,"campfire_choices":[{"data":"champ:DefensiveStyle","floor":7,"key":"SMITH"},{"floor":17,"key":"DIG"}],"circlet_count":0,"master_deck":["champ:Strike","champ:Strike","champ:Strike","champ:Strike","champ:Defend","champ:Defend","champ:Defend","champ:Defend","champ:Execute","champ:Taunt","champ:DefensiveStyle+1","Regret","champ:DefensiveShout","champ:EnGarde","TheCursedMod:CircleOfBlood","champ:FalseCounter"],"relics":["champ:ChampionCrown","FossilizedHelix","hubris:DisguiseKit","champ:FightingForDummies","Blue Doll","vexMod:BarristanHead","Shovel","Pantograph","vexMod:MemoryStick"],"acts_visited":["Exordium"],"potions_floor_usage":[12,12,18],"damage_taken":[{"damage":0,"enemies":"Jaw Worm","floor":1,"turns":8},{"damage":24,"enemies":"Small Slimes","floor":5,"turns":6},{"damage":27,"enemies":"Lagavulin","floor":6,"turns":9},{"damage":0,"enemies":"2 Louse","floor":8,"turns":2},{"damage":35,"enemies":"Gremlin Nob","floor":12,"turns":5},{"damage":2,"enemies":"Blue Slaver","floor":13,"turns":4},{"damage":31,"enemies":"3 Louse","floor":15,"turns":7},{"damage":14,"enemies":"Looter","floor":16,"turns":4},{"damage":41,"enemies":"Hexaghost","floor":18,"turns":9}],"seed_played":"697873948518815976","potions_obtained":[{"floor":5,"key":"Slimebound:ThreeZeroPotion"},{"floor":8,"key":"blueLaboratory:BubblePotion"},{"floor":15,"key":"blueLaboratory:TrueEctoplasm"}],"is_trial":true,"path_per_floor":["M","?","?","?","M","E","R","M","PTL","PTL","T","E","M","T","M","M","R","B"],"character_chosen":"THE_CHAMP","items_purchased":[],"campfire_rested":0,"item_purchase_floors":[],"current_hp_per_floor":[90,90,90,90,76,64,64,69,69,69,69,44,47,47,25,16,16,0,0,0],"gold":253,"neow_bonus":"","is_daily":false,"chose_seed":false,"campfire_upgraded":1,"win_rate":0.0,"timestamp":1609001888,"path_taken":["M","?","?","?","M","E","R","M","PTL","PTL","T","?","?","?","M","M","R","BOSS"],"items_purchased_type":[],"build_version":"2020-12-22","purchased_purges":0,"victory":false,"max_hp_per_floor":[90,90,90,90,90,90,90,90,90,90,90,90,90,90,90,90,90,90,90,90],"card_choices":[{"not_picked":["champ:BladeFlurry","champ:FightOn"],"picked":"champ:DefensiveStyle","floor":1},{"not_picked":["champ:GladiatorsShout","champ:FocusedBerserking","TheCursedMod:BloodBarrier"],"picked":"champ:DefensiveShout","floor":5},{"not_picked":["champ:IgnorePain","champ:BringItOn","TheCursedMod:CursedArmor"],"picked":"champ:EnGarde","floor":6},{"not_picked":["champ:BladeFlurry","champ:StanceDance","champ:DefensiveShout","TheCursedMod:Stretching"],"picked":"SKIP","floor":8},{"not_picked":["champ:PerfectedStrike","champ:GladiatorsShout","champ:DefensiveShout","TheCursedMod:CursedShiv"],"picked":"SKIP","floor":12},{"not_picked":["champ:Riposte","champ:RecklessLeap","champ:FlashCut"],"picked":"TheCursedMod:CircleOfBlood","floor":13},{"not_picked":["champ:SteelEdge","champ:AdrenalArmor","TheCursedMod:Stretching"],"picked":"champ:FalseCounter","floor":15},{"not_picked":["champ:Backstep","champ:Haymaker","champ:BladeFlurry","TheCursedMod:AbyssShockwave"],"picked":"SKIP","floor":16}],"player_experience":632952,"relics_obtained":[{"floor":6,"key":"Blue Doll"},{"floor":11,"key":"vexMod:BarristanHead"},{"floor":12,"key":"Shovel"},{"floor":14,"key":"Pantograph"},{"floor":17,"key":"vexMod:MemoryStick"}],"event_choices":[{"damage_healed":0,"gold_gain":0,"player_choice":"Box","damage_taken":0,"relics_obtained":["champ:FightingForDummies"],"max_hp_gain":0,"max_hp_loss":0,"event_name":"Big Fish","floor":4,"gold_loss":0,"cards_obtained":["Regret"]}],"is_beta":false,"boss_relics":[],"items_purged_floors":[],"is_endless":false,"potions_floor_spawned":[5,8,15],"killed_by":"Hexaghost","ascension_level":0}}