{"host":"nh8rc3jipwgi5qu3","time":1609018496,"event":{"mods":["Act Like it!","Aspiration","BaseMod","Better Third Choice","Colored Map","Colored Powertips","DeckTracker","Elementarium","Energized Spire","GifTheSpireLib","GungeonMod","Hubris","Humility","Infinite Spire","Ironclad Rager","Lobotomy","Marked Mod","Mimic Mod","Minty Spire (QoL Compilation)","Relic Stats","Replay The Spire","Reworked Bosses","Spikes Relics","StSLib","Stuff the Spire"],"gold_per_floor":[122,122,142,217,241,241,267,297,297,344,372,26,65,84,84,166,166,180,200,240,26,49,49,49,49,56,56,56],"floor_reached":27,"playtime":4039,"items_purged":[],"score":462,"play_id":"d02eafa5-70d4-4206-8ebf-4a858ceb57c3","local_time":"20201226223456","daily_mods":["Draft","Allstar","Colorless Cards","Heirloom","DeadlyEvents","Binary","Elite Swarm"],"is_ascension_mode":true,"campfire_choices":[{"data":"StuffTheSpire:FreeRealEstate","floor":6.0,"key":"SMITH"},{"floor":15.0,"key":"REST"},{"floor":23.0,"key":"REST"},{"data":"ReplayTheSpireMod:Scrap Shanks","floor":25.0,"key":"SMITH"}],"circlet_count":0,"master_deck":["AscendersBane","StuffTheSpire:Shiver","StuffTheSpire:FreeRealEstate+1","Discovery","Dagger Spray","PiercingWail","Blade Dance+1","Deep Breath","Quick Slash","ICR:Vanish","Prepared","Deflect","Terror","ReplayTheSpireMod:Shiv Toss","Blur","Swift Strike","StuffTheSpire:ClusterCrunch","Poisoned Stab","All Out Attack","ReplayTheSpireMod:Scrap Shanks+1","Acrobatics","Storm of Steel","Reforge","Finisher","Finisher","Tools of the Trade","Underhanded Strike","Midas Touch","Underhanded Strike","Survey Options+1","Hidden Blade","StuffTheSpire:PlasmaPunch"],"relics":["Ring of the Snake","replay:Trail_Library","StoneCalendar","Toy Ornithopter","HornCleat","aspiration:StickyExplosives_weak","ToxicTincture","DemoMod:GnawedKey","infinitespire:CursedDice","CosmicIsotope","Happy Flower","CrustySpines"],"acts_visited":["Exordium","Elementarium:Elementarium"],"potions_floor_usage":[],"damage_taken":[{"damage":7.0,"enemies":"Jaw Worm","floor":1.0,"turns":3.0},{"damage":8.0,"enemies":"Small Slimes","floor":3.0,"turns":2.0},{"damage":1.0,"enemies":"Cultist","floor":7.0,"turns":3.0},{"damage":4.0,"enemies":"Large Slime","floor":8.0,"turns":4.0},{"damage":5.0,"enemies":"Lagavulin","floor":10.0,"turns":4.0},{"damage":12.0,"enemies":"Gremlin Nob","floor":11.0,"turns":3.0},{"damage":20.0,"enemies":"Lagavulin","floor":13.0,"turns":4.0},{"damage":0.0,"enemies":"Exordium Thugs","floor":14.0,"turns":3.0},{"damage":20.0,"enemies":"Hexaghost","floor":16.0,"turns":5.0},{"damage":1.0,"enemies":"Elementarium:2_ELEMENTALS","floor":18.0,"turns":2.0},{"damage":5.0,"enemies":"Elementarium:Cyclone","floor":19.0,"turns":3.0},{"damage":23.0,"enemies":"Elementarium:Hydrostalker","floor":22.0,"turns":4.0},{"damage":9.0,"enemies":"Elementarium:RubyGolem","floor":26.0,"turns":7.0},{"damage":0,"enemies":"Elementarium:RubyGolem","floor":27,"turns":1}],"seed_played":"3479349400503050460","potions_obtained":[{"floor":1.0,"key":"LiquidMemories"},{"floor":7.0,"key":"AttackPotion"},{"floor":11.0,"key":"Milkshake"},{"floor":13.0,"key":"Reflective Coating"},{"floor":14.0,"key":"Poison Potion"},{"floor":19.0,"key":"SkillPotion"}],"is_trial":true,"path_per_floor":["M","?","M","?","T","R","M","M","T","E","E","$","E","M","R","B",null,"M","M","?","$","M","R","T","R","MIM","M"],"character_chosen":"THE_SILENT","items_purchased":["Finisher","ToxicTincture","DemoMod:GnawedKey","Happy Flower","Hidden Blade"],"campfire_rested":2,"item_purchase_floors":[12,12,12,21,21],"current_hp_per_floor":[52,52,44,33,33,33,32,28,28,33,21,21,1,6,25,10,52,51,46,46,46,23,42,42,42,33,33,33],"gold":56,"neow_bonus":"","is_daily":false,"chose_seed":false,"campfire_upgraded":2,"win_rate":0.0,"timestamp":1609018496,"path_taken":["M","?","M","?","?","R","?","M","T","?","E","$","E","M","R","BOSS","M","M","?","$","?","R","?","R","MIM","?"],"items_purchased_type":["Card","Relic","Relic","Relic","Card"],"build_version":"2020-12-22","purchased_purges":0,"victory":false,"max_hp_per_floor":[66,66,66,66,66,66,66,66,66,66,66,66,66,66,66,66,66,66,66,66,66,66,66,66,66,66,66,66],"relic_stats":{"Happy Flower":[4],"counters":[14,48],"StoneCalendar":[7],"obtain_stats":[{"Happy Flower":21,"infinitespire:CursedDice":13,"StoneCalendar":0,"DemoMod:GlassGuonStoneRelic":1,"ToxicTincture":12,"aspiration:StickyExplosives_weak":11,"HornCleat":10,"DemoMod:GnawedKey":12,"CosmicIsotope":17,"Toy Ornithopter":5,"CrustySpines":24,"Ring of the Snake":0,"replay:Trail_Library":0},{"Happy Flower":11,"infinitespire:CursedDice":7,"StoneCalendar":0,"DemoMod:GlassGuonStoneRelic":1,"ToxicTincture":6,"aspiration:StickyExplosives_weak":6,"HornCleat":5,"DemoMod:GnawedKey":6,"CosmicIsotope":9,"Toy Ornithopter":2,"CrustySpines":12,"Ring of the Snake":0,"replay:Trail_Library":0},{"Happy Flower":36,"infinitespire:CursedDice":23,"StoneCalendar":0,"DemoMod:GlassGuonStoneRelic":3,"ToxicTincture":19,"aspiration:StickyExplosives_weak":19,"HornCleat":16,"DemoMod:GnawedKey":19,"CosmicIsotope":31,"Toy Ornithopter":5,"CrustySpines":40,"Ring of the Snake":0,"replay:Trail_Library":0}],"Toy Ornithopter":20,"Ring of the Snake":[28]},"card_choices":[{"not_picked":["PiercingWail","Prepared"],"picked":"StuffTheSpire:Shiver","floor":0.0},{"not_picked":["Deflect","Setup"],"picked":"StuffTheSpire:FreeRealEstate","floor":0.0},{"not_picked":["Sharp Hide","ReplayTheSpireMod:Exploit Weakness"],"picked":"Discovery","floor":0.0},{"not_picked":["Bouncing Flask","Poisoned Stab"],"picked":"Dagger Spray","floor":0.0},{"not_picked":["Replay:Bootleg Shield Generator","Underhanded Strike"],"picked":"PiercingWail","floor":0.0},{"not_picked":["Bouncing Flask","Specialist"],"picked":"Blade Dance","floor":0.0},{"not_picked":["Infinite Blades","StuffTheSpire:Injection"],"picked":"Deep Breath","floor":0.0},{"not_picked":["hubris:SlightOfHand","Degenerate"],"picked":"Quick Slash","floor":0.0},{"not_picked":["Well Laid Plans","Draining Mist"],"picked":"ICR:Vanish","floor":0.0},{"not_picked":["Backstab","Bane"],"picked":"Prepared","floor":0.0},{"not_picked":["Dagger Throw","StuffTheSpire:Python"],"picked":"Deflect","floor":0.0},{"not_picked":["StuffTheSpire:Injection","StuffTheSpire:ClusterCrunch"],"picked":"Terror","floor":0.0},{"not_picked":["PiercingWail","Footwork"],"picked":"ReplayTheSpireMod:Shiv Toss","floor":0.0},{"not_picked":["Deadly Poison","Underhanded Strike"],"picked":"Blur","floor":0.0},{"not_picked":["Dagger Spray","Bane"],"picked":"Swift Strike","floor":0.0},{"not_picked":["Bane"],"picked":"StuffTheSpire:ClusterCrunch","floor":1.0},{"not_picked":["hubris:SlightOfHand"],"picked":"Poisoned Stab","floor":3.0},{"not_picked":["Cloak And Dagger"],"picked":"ReplayTheSpireMod:Scrap Shanks","floor":7.0},{"not_picked":["StuffTheSpire:Python"],"picked":"Acrobatics","floor":8.0},{"not_picked":["Corpse Explosion"],"picked":"Storm of Steel","floor":10.0},{"not_picked":["StuffTheSpire:FinalStruggle"],"picked":"Reforge","floor":11.0},{"not_picked":["Reforge"],"picked":"Tools of the Trade","floor":13.0},{"not_picked":["Sharp Hide"],"picked":"Underhanded Strike","floor":14.0},{"not_picked":["Poisoned Strike"],"picked":"Midas Touch","floor":16.0},{"not_picked":["Poisoned Stab+1"],"picked":"Underhanded Strike","floor":18.0},{"not_picked":["PiercingWail"],"picked":"Survey Options+1","floor":19.0},{"not_picked":["Flying Knee","Poisoned Stab"],"picked":"SKIP","floor":22.0}],"player_experience":207406,"relics_obtained":[{"floor":5.0,"key":"Toy Ornithopter"},{"floor":10.0,"key":"HornCleat"},{"floor":11.0,"key":"aspiration:StickyExplosives_weak"},{"floor":13.0,"key":"infinitespire:CursedDice"},{"floor":24.0,"key":"CrustySpines"}],"event_choices":[{"damage_healed":0.0,"max_hp_gain":0.0,"max_hp_loss":0.0,"gold_gain":75.0,"event_name":"betterThird:BetterGoop","player_choice":"Gold","floor":4.0,"gold_loss":0.0,"damage_taken":11.0},{"damage_healed":0.0,"max_hp_gain":0.0,"max_hp_loss":0.0,"gold_gain":40.0,"event_name":"Elementarium:StickySituation","player_choice":"Take","floor":20.0,"gold_loss":0.0,"damage_taken":0.0}],"is_beta":false,"boss_relics":[{"not_picked":["hubris:CrackedHourglass","hubris:HollowSoul"],"picked":"CosmicIsotope"}],"items_purged_floors":[],"is_endless":false,"potions_floor_spawned":[1,7,11,13,14,19],"killed_by":"Elementarium:RubyGolem","ascension_level":20}}