{"host":"Charlie","time":1609023014,"event":{"mods":["Aspiration","BaseMod","Better Match","Better Skull","Better Third Choice","BetterRewards","ChefMod","Colored Map","Colored Powertips","Conspire","Curses Come First","Downfall","Ekko","Friendly Minions","Halation","Hermit","Hubris","Infinite Spire","Luminous","Melee Mod","Minty Spire (QoL Compilation)","Quick Restart","Rare Cards Sparkle","Relic Stats","Robot Space Explorer","Shade Mod","Spicy Shops","StSLib","SuperFastMode","Synergy Search","The Animator","The Blue Laboratory","The Caster","The Cursed","The Dragon Tamer","The Factory","The Gatherer","The Jungle","The Marked","The Necromancer","Unceasing Turn Reminder","vexMod","??????REMEMod"],"gold_per_floor":[110,123,123,123,135,167,167,178,178,150,177,217,229,258,270,381,393,423,435,466,478,7,33,47,47,47,47,59,59,59,59,59,158,158,178,178,196,96,96,131,149,149,149,124,124,124,124],"floor_reached":46,"playtime":3269,"items_purged":["RobotSpaceExplorer:StarDust","RobotSpaceExplorer:Autoloader+1"],"score":551,"play_id":"4184321c-6709-4c98-bfcc-f21f003819f8","local_time":"20201226145014","is_ascension_mode":false,"campfire_choices":[{"data":"1","floor":7,"key":"LIFT"},{"data":"2","floor":13,"key":"LIFT"},{"data":"3","floor":15,"key":"LIFT"},{"data":"RobotSpaceExplorer:Autoloader","floor":27,"key":"SMITH"},{"data":"RobotSpaceExplorer:Comet","floor":30,"key":"SMITH"},{"data":"RobotSpaceExplorer:Scan","floor":32,"key":"SMITH"},{"floor":42,"key":"REST"},{"floor":45,"key":"REST"}],"circlet_count":0,"master_deck":["theMarked:EternalStudent+1","conspire:GhostlyStrike","conspire:GhostlyStrike","conspire:GhostlyStrike","conspire:GhostlyStrike","conspire:GhostlyDefend","conspire:GhostlyDefend","conspire:GhostlyDefend","conspire:GhostlyDefend","RobotSpaceExplorer:Scan+1","RobotSpaceExplorer:MiniLasers","RobotSpaceExplorer:PlasmaMissile","RobotSpaceExplorer:Comet+1","RobotSpaceExplorer:Comet","Madness","Madness"],"relics":["RobotSpaceExplorer:RoboCore","REME_ComplimentaryCards","StoneCalendar","halation:EternalFortune","Girya","MawBank","betterThird:SlimedRelic","Vajra","aspiration:FutureDiary","Incense Burner","infinitespire:ShieldingShard","infinitespire:Satchel","Nilry\u0027s Codex","Runic Pyramid","Bronze Scales","Gremlin Horn"],"acts_visited":["Exordium","TheCity","TheBeyond"],"potions_floor_usage":[16,23,23,33,33,46],"damage_taken":[{"damage":0,"enemies":"conspire:RoseBush","floor":1,"turns":1},{"damage":0,"enemies":"Small Slimes","floor":2,"turns":3},{"damage":0,"enemies":"2 Louse","floor":5,"turns":3},{"damage":18,"enemies":"Lagavulin","floor":6,"turns":4},{"damage":0,"enemies":"Blue Slaver","floor":8,"turns":1},{"damage":0,"enemies":"3 Louse","floor":11,"turns":2},{"damage":6,"enemies":"3 Sentries","floor":12,"turns":4},{"damage":0,"enemies":"conspire:2 RoseBushes","floor":14,"turns":4},{"damage":28,"enemies":"Hexaghost","floor":16,"turns":6},{"damage":5,"enemies":"Shell Parasite","floor":18,"turns":3},{"damage":0,"enemies":"Spheric Guardian","floor":20,"turns":2},{"damage":5,"enemies":"Slavers","floor":23,"turns":3},{"damage":0,"enemies":"3 Cultists","floor":24,"turns":4},{"damage":0,"enemies":"Shelled Parasite and Fungi","floor":28,"turns":3},{"damage":19,"enemies":"hubris:MusketHawk","floor":33,"turns":6},{"damage":17,"enemies":"3 Shapes","floor":35,"turns":5},{"damage":12,"enemies":"3 Darklings","floor":37,"turns":5},{"damage":32,"enemies":"Giant Head","floor":40,"turns":7},{"damage":0,"enemies":"Sphere and 2 Shapes","floor":41,"turns":5},{"damage":62,"enemies":"Nemesis","floor":46,"turns":5}],"seed_played":"-7748263951113788511","potions_obtained":[{"floor":1,"key":"blueLaboratory:BubblePotion"},{"floor":6,"key":"blueLaboratory:BottleOfVodka"},{"floor":16,"key":"Slimebound:ThreeZeroPotion"},{"floor":20,"key":"RobotSpaceExplorer:PlasmaFlask"},{"floor":24,"key":"blueLaboratory:HummingbirdPotion"},{"floor":41,"key":"SpeedPotion"}],"is_trial":false,"path_per_floor":["M","M","?","?","M","E","R","M","T","?","M","E","R","M","R","B",null,"M","?","M","?","$","E","M","?","T","R","M","?","R","?","R","B",null,"M","?","M","$","?","E","M","R","T","?","R","E"],"character_chosen":"RobotSpaceExplorer","items_purchased":["Incense Burner","infinitespire:ShieldingShard"],"campfire_rested":2,"item_purchase_floors":[22,22],"current_hp_per_floor":[68,68,68,71,71,53,53,53,53,42,42,36,36,36,36,11,74,69,69,69,69,69,64,64,64,64,64,64,64,64,48,48,29,74,57,48,36,36,43,11,14,37,37,37,60,0,0],"gold":124,"neow_bonus":"ONE_RARE_RELIC","is_daily":false,"chose_seed":false,"campfire_upgraded":3,"win_rate":0.0,"timestamp":1609023014,"path_taken":["M","M","?","?","M","E","R","M","T","?","M","E","R","M","R","BOSS","M","?","M","?","?","E","?","?","T","R","M","?","R","?","R","BOSS","M","?","M","$","?","E","?","R","T","?","R","E"],"items_purchased_type":["Relic","Relic"],"build_version":"2020-12-18","purchased_purges":2,"victory":false,"max_hp_per_floor":[68,68,68,71,71,71,71,71,71,71,71,71,71,71,71,74,74,74,74,74,74,74,74,74,74,74,74,74,74,74,74,74,74,74,74,74,74,74,74,74,77,77,77,77,77,77,77],"relic_stats":{"Gremlin Horn":[0,0],"counters":[20,76],"Bronze Scales":[25],"StoneCalendar":[0],"MawBank":156,"obtain_stats":[{"Girya":6,"Gremlin Horn":43,"Nilry\u0027s Codex":31,"Vajra":12,"RobotSpaceExplorer:RoboCore":0,"StoneCalendar":0,"Incense Burner":22,"MawBank":9,"infinitespire:ShieldingShard":22,"betterThird:SlimedRelic":10,"Bronze Scales":40,"halation:EternalFortune":4,"infinitespire:Satchel":23,"aspiration:FutureDiary":17,"REME_ComplimentaryCards":0,"Runic Pyramid":34},{"Girya":4,"Gremlin Horn":19,"Nilry\u0027s Codex":14,"Vajra":7,"RobotSpaceExplorer:RoboCore":0,"StoneCalendar":0,"Incense Burner":11,"MawBank":5,"infinitespire:ShieldingShard":11,"betterThird:SlimedRelic":5,"Bronze Scales":18,"halation:EternalFortune":2,"infinitespire:Satchel":12,"aspiration:FutureDiary":9,"REME_ComplimentaryCards":0,"Runic Pyramid":15},{"Girya":11,"Gremlin Horn":71,"Nilry\u0027s Codex":43,"Vajra":18,"RobotSpaceExplorer:RoboCore":0,"StoneCalendar":0,"Incense Burner":33,"MawBank":12,"infinitespire:ShieldingShard":33,"betterThird:SlimedRelic":12,"Bronze Scales":66,"halation:EternalFortune":4,"infinitespire:Satchel":36,"aspiration:FutureDiary":28,"REME_ComplimentaryCards":0,"Runic Pyramid":49}]},"card_choices":[{"not_picked":["RobotSpaceExplorer:SlimeMissile","RobotSpaceExplorer:Pulsar","RobotSpaceExplorer:FrostMissile"],"picked":"SKIP","floor":1},{"not_picked":["RobotSpaceExplorer:ShockKick","RobotSpaceExplorer:DoubleBlock"],"picked":"RobotSpaceExplorer:PlasmaMissile","floor":2},{"not_picked":["RobotSpaceExplorer:StunGrenade","RobotSpaceExplorer:ShockKick","RobotSpaceExplorer:Blitz"],"picked":"SKIP","floor":5},{"not_picked":["RobotSpaceExplorer:Counterblock","RobotSpaceExplorer:SurgingShield"],"picked":"RobotSpaceExplorer:StarDust","floor":6},{"not_picked":["RobotSpaceExplorer:GlueShot","RobotSpaceExplorer:ImprovisedAttack","RobotSpaceExplorer:Probe"],"picked":"SKIP","floor":8},{"not_picked":["RobotSpaceExplorer:MetalStrike","RobotSpaceExplorer:ScrapMissile"],"picked":"RobotSpaceExplorer:Calculate","floor":11},{"not_picked":["RobotSpaceExplorer:Counterblock","RobotSpaceExplorer:ScrapMissile"],"picked":"RobotSpaceExplorer:Comet","floor":12},{"not_picked":["RobotSpaceExplorer:SwiftStep","RobotSpaceExplorer:PowerGlove","RobotSpaceExplorer:MiniDrones"],"picked":"SKIP","floor":14},{"not_picked":["RobotSpaceExplorer:BlastShield","RobotSpaceExplorer:Accelerator"],"picked":"RobotSpaceExplorer:Autoloader","floor":16},{"not_picked":["RobotSpaceExplorer:Probe","RobotSpaceExplorer:FranticSearch+1","RobotSpaceExplorer:ShovelStrike"],"picked":"SKIP","floor":18},{"not_picked":["RobotSpaceExplorer:SurgingShield","RobotSpaceExplorer:Ammunition+1","RobotSpaceExplorer:FranticSearch"],"picked":"SKIP","floor":20},{"not_picked":["RobotSpaceExplorer:ScrapToss","RobotSpaceExplorer:Ammunition","RobotSpaceExplorer:Blitz"],"picked":"SKIP","floor":23},{"not_picked":["RobotSpaceExplorer:StunGrenade","RobotSpaceExplorer:Probe","RobotSpaceExplorer:GlueShot"],"picked":"SKIP","floor":24},{"not_picked":["RobotSpaceExplorer:SurgingStrike","RobotSpaceExplorer:FranticSearch","RobotSpaceExplorer:Ammunition"],"picked":"SKIP","floor":28},{"not_picked":["RobotSpaceExplorer:Arsenal","RobotSpaceExplorer:Autoloader"],"picked":"RobotSpaceExplorer:Comet","floor":33},{"not_picked":["RobotSpaceExplorer:GlueShot+1","RobotSpaceExplorer:SlimeMissile+1","RobotSpaceExplorer:ShockKick+1"],"picked":"SKIP","floor":35},{"not_picked":["RobotSpaceExplorer:SlimeMissile+1","RobotSpaceExplorer:Ammunition+1","RobotSpaceExplorer:Probe+1"],"picked":"SKIP","floor":37},{"not_picked":["RobotSpaceExplorer:FrostMissile+1","RobotSpaceExplorer:PlasmaMissile","RobotSpaceExplorer:Pulsar"],"picked":"SKIP","floor":40},{"not_picked":["RobotSpaceExplorer:Ammunition+1","RobotSpaceExplorer:TurboDodge+1","RobotSpaceExplorer:Blitz"],"picked":"SKIP","floor":41}],"player_experience":456019,"relics_obtained":[{"floor":6,"key":"Girya"},{"floor":9,"key":"MawBank"},{"floor":12,"key":"Vajra"},{"floor":16,"key":"halation:EternalFortune"},{"floor":23,"key":"infinitespire:Satchel"},{"floor":31,"key":"Nilry\u0027s Codex"},{"floor":40,"key":"Bronze Scales"},{"floor":41,"key":"halation:EternalFortune"},{"floor":43,"key":"Gremlin Horn"}],"event_choices":[{"damage_healed":0,"gold_gain":0,"player_choice":"Agree","damage_taken":0,"max_hp_gain":0,"max_hp_loss":0,"event_name":"conspire:LoneGhost","floor":3,"gold_loss":0},{"damage_healed":0,"gold_gain":0,"player_choice":"Slimed","damage_taken":11,"max_hp_gain":0,"max_hp_loss":0,"event_name":"betterThird:BetterGoop","floor":10,"gold_loss":40},{"cards_removed":["RobotSpaceExplorer:Calculate"],"damage_healed":0,"gold_gain":0,"player_choice":"Elegance","damage_taken":0,"max_hp_gain":0,"max_hp_loss":0,"event_name":"betterThird:BetterWriting","floor":19,"gold_loss":0},{"damage_healed":0,"gold_gain":0,"player_choice":"Ignored","damage_taken":0,"max_hp_gain":0,"max_hp_loss":0,"event_name":"Ghosts","floor":21,"gold_loss":0},{"damage_healed":0,"gold_gain":0,"player_choice":"Obtained Book","damage_taken":16,"max_hp_gain":0,"max_hp_loss":0,"event_name":"Cursed Tome","floor":31,"gold_loss":0},{"damage_healed":0,"gold_gain":0,"player_choice":"Embrace Madness","damage_taken":9,"max_hp_gain":0,"max_hp_loss":0,"event_name":"Winding Halls","floor":36,"gold_loss":0,"cards_obtained":["Madness","Madness"]}],"is_beta":true,"boss_relics":[{"not_picked":["conspire:SeveredTorchhead","hubris:GrandSneckoEye"],"picked":"aspiration:FutureDiary"},{"not_picked":["Tiny House","aspiration:SilentSkillbook"],"picked":"Runic Pyramid"}],"items_purged_floors":[22,38],"is_endless":false,"potions_floor_spawned":[1,6,16,20,24,41],"killed_by":"Nemesis","ascension_level":0}}