{"host":"od099uxc49ip1k8b","time":1609008268,"event":{"mods":["AchievementEnabler","Act Like it!","BaseMod","Downfall","Friendly Minions","Gensokyo","Hermit","Highlight Path","Infinite Spire","Koishi","KomeijiMod","Marisa????????","Minty Spire (QoL Compilation)","Quick Restart","Rare Cards Sparkle","Reimu??????","Remilia??????","Replay The Spire","StSLib","Td1madao Mod","The Administrix","The Alterego","The Animator","The Cursed","The Gatherer","The Servant 0.9.4","The Wild Card","Waifu the Spire","WarShipGirlsR/????R mod","Yohane!","Yuyuko"],"gold_per_floor":[118,118,118,137,156,156,156,174,198,212,212,244,262,227,227,329,329,344,344,359,373,393,393,426,426,426,426,443,443,463,463,463,463,463],"floor_reached":33,"playtime":2263,"items_purged":[],"score":269,"play_id":"d0d7ef05-2d8b-41e5-9cd2-9cdbebe25fc9","local_time":"20201226134428","is_ascension_mode":false,"campfire_choices":[{"data":"rmod:diaomin","floor":6.0,"key":"SMITH"},{"floor":11.0,"key":"REST"},{"data":"rmod:unsinkable","floor":15.0,"key":"SMITH"},{"floor":23.0,"key":"REST"},{"floor":25,"key":"REST"},{"floor":29,"key":"REST"},{"data":"rmod:ridicule","floor":32,"key":"SMITH"}],"circlet_count":0,"master_deck":["rmod:strick","rmod:strick","rmod:strick","rmod:strick","rmod:defend","rmod:defend","rmod:defend","rmod:defend","rmod:basicallowance","rmod:diaomin+1","rmod:concentratefire","rmod:unsinkable+1","rmod:tearstotiara","Pot Of Greed","Pot Of Greed","rmod:selfconfidence","rmod:ridicule+1","rmod:overbreakdown","rmod:expedition","rmod:timeschanged","rmod:unsinkable","rmod:openingtorpedo+1","rmod:tearstotiara","rmod:selfconfidence"],"relics":["rmod:firstchargereward","ThirstyCross","Guardian:PocketSentry","Grinning Jar","Black Star","Replay:Bottled Flurry","Replay:Bottled Steam"],"acts_visited":["Exordium","TheCity"],"potions_floor_usage":[24,33],"damage_taken":[{"damage":0.0,"enemies":"2 Louse","floor":1.0,"turns":3.0},{"damage":0.0,"enemies":"Small Slimes","floor":4.0,"turns":3.0},{"damage":6.0,"enemies":"Cultist","floor":5.0,"turns":3.0},{"damage":14.0,"enemies":"Exordium Thugs","floor":8.0,"turns":4.0},{"damage":5.0,"enemies":"Blue Slaver","floor":10.0,"turns":3.0},{"damage":6.0,"enemies":"Gremlin Nob","floor":12.0,"turns":3.0},{"damage":0.0,"enemies":"Looter","floor":13.0,"turns":2.0},{"damage":22.0,"enemies":"The Guardian","floor":16.0,"turns":9.0},{"damage":0.0,"enemies":"Chosen","floor":18.0,"turns":4.0},{"damage":3.0,"enemies":"Spheric Guardian","floor":20.0,"turns":3.0},{"damage":29.0,"enemies":"Centurion and Healer","floor":21.0,"turns":5.0},{"damage":22.0,"enemies":"Snake Plant","floor":22.0,"turns":3.0},{"damage":34,"enemies":"Book of Stabbing","floor":24,"turns":7},{"damage":24,"enemies":"Sentry and Sphere","floor":28,"turns":5},{"damage":0,"enemies":"3 Cultists","floor":30,"turns":2},{"damage":46,"enemies":"Pondfish","floor":33,"turns":9}],"seed_played":"-8605706675948595476","potions_obtained":[{"floor":1.0,"key":"ColorlessPotion"},{"floor":5.0,"key":"Energy Potion"},{"floor":8.0,"key":"Energy Potion"},{"floor":20.0,"key":"Ancient Potion"},{"floor":22.0,"key":"FearPotion"},{"floor":28,"key":"Toxic Potion"}],"is_trial":true,"path_per_floor":["M","?","?","M","M","R","?","M","T","M","R","E","M","?","R","B",null,"M","?","M","M","M","R","E","R","T","?","M","R","M","?","R","B"],"character_chosen":"PRAEFECT","items_purchased":[],"campfire_rested":4,"item_purchase_floors":[],"current_hp_per_floor":[75,75,75,75,69,69,62,48,48,43,65,59,59,75,75,53,75,75,75,72,43,21,43,9,31,31,46,22,44,44,44,44,0,0],"gold":463,"neow_bonus":"","is_daily":false,"chose_seed":false,"campfire_upgraded":3,"win_rate":0.0,"timestamp":1609008268,"path_taken":["M","?","?","M","M","R","?","M","T","M","R","E","M","?","R","BOSS","M","?","M","?","M","R","E","R","T","?","M","R","M","?","R","BOSS"],"items_purchased_type":[],"build_version":"2020-12-22","purchased_purges":0,"victory":false,"max_hp_per_floor":[75,75,75,75,75,75,75,75,75,75,75,75,75,75,75,75,75,75,75,75,75,75,75,75,75,75,75,75,75,75,75,75,75,75],"card_choices":[{"not_picked":["rmod:intelligenceanalysis","rmod:tearstotiara"],"picked":"rmod:diaomin","floor":1.0},{"not_picked":["rmod:victimresponsibility","rmod:supportescort"],"picked":"rmod:concentratefire","floor":4.0},{"not_picked":["rmod:slowdown","rmod:shuttlebombing","rmod:steelsupply"],"picked":"SKIP","floor":5.0},{"not_picked":["rmod:concentratefire","rmod:fletcherpendant"],"picked":"rmod:unsinkable","floor":8.0},{"not_picked":["rmod:luckystar","rmod:unsinkable"],"picked":"rmod:tearstotiara","floor":10.0},{"not_picked":["rmod:lastglory","rmod:aggressivemary"],"picked":"rmod:selfconfidence","floor":12.0},{"not_picked":["rmod:ammunitionsupply","rmod:circuitoustactics","rmod:fletcherpendant"],"picked":"SKIP","floor":13.0},{"not_picked":["rmod:expeditionaryescort","rmod:supriseattacks"],"picked":"rmod:ridicule","floor":16.0},{"not_picked":["rmod:wolves","rmod:punchline"],"picked":"rmod:overbreakdown","floor":18.0},{"not_picked":["rmod:lonelyqueen","rmod:victimresponsibility"],"picked":"rmod:unsinkable","floor":20.0},{"not_picked":["rmod:intelligenceanalysis","rmod:victimresponsibility","rmod:supportescort"],"picked":"SKIP","floor":21.0},{"not_picked":["rmod:wolves+1","rmod:garrisonisland"],"picked":"rmod:openingtorpedo+1","floor":22.0},{"not_picked":["rmod:saltedfish","rmod:fletcherpendant+1","rmod:heivgo+1"],"picked":"SKIP","floor":24},{"not_picked":["rmod:supportescort","rmod:firesupport"],"picked":"rmod:tearstotiara","floor":28},{"not_picked":["rmod:combined+1","rmod:supportescort+1"],"picked":"rmod:selfconfidence","floor":30}],"player_experience":136492,"relics_obtained":[{"floor":9.0,"key":"Guardian:PocketSentry"},{"floor":12.0,"key":"Grinning Jar"},{"floor":24,"key":"Replay:Bottled Flurry"},{"floor":26,"key":"Replay:Bottled Steam"}],"event_choices":[{"cards_removed":["rmod:maingunfire"],"damage_healed":0.0,"max_hp_gain":0.0,"max_hp_loss":0.0,"gold_gain":0.0,"event_name":"Golden Wing","player_choice":"Card Removal","floor":7.0,"gold_loss":0.0,"damage_taken":7.0},{"damage_healed":18.0,"max_hp_gain":0.0,"max_hp_loss":0.0,"gold_gain":0.0,"event_name":"The Cleric","player_choice":"Healed","floor":14.0,"gold_loss":35.0,"damage_taken":0.0},{"damage_healed":0.0,"max_hp_gain":0.0,"max_hp_loss":0.0,"gold_gain":0.0,"event_name":"Match and Keep!","player_choice":"2 cards matched","floor":19.0,"gold_loss":0.0,"damage_taken":0.0,"cards_obtained":["rmod:expedition","rmod:timeschanged"]}],"is_beta":false,"boss_relics":[{"not_picked":["Kintsugi","expansioncontent:StudyCardRelic"],"picked":"Black Star"}],"items_purged_floors":[],"is_endless":false,"potions_floor_spawned":[1,5,8,20,22,28],"killed_by":"Pondfish","ascension_level":0}}