{"host":"ywt8u9kq80n9hc8s","time":1609006837,"event":{"mods":["AchievementEnabler","Alarm Clock","BaseMod","Better Altar","Better Match","Better Note","Better Sensory Stone","Better Skull","Better Third Choice","BetterRewards","Filter the Spire","Minty Spire (QoL Compilation)","Permanent Neow","Rare Cards Sparkle","StSLib"],"gold_per_floor":[110,76,86,103,157,183,183,210,210,244,257,257,282,316,316,415,415,432,46,57,74,89,116,116,116,162,188,234,269,327,342,342,499,499,548,548,99,99,143,229,259,290,316,347,347,372,413,453,453,453],"floor_reached":51,"playtime":5558,"items_purged":[],"score":1413,"play_id":"63212f63-016c-42a0-88ca-d29d20eef840","local_time":"20201226202037","daily_mods":["Draft","Vintage","Diverse","Heirloom","Time Dilation","Flight","DeadlyEvents","Elite Swarm"],"is_ascension_mode":false,"campfire_choices":[{"data":"DevaForm","floor":7,"key":"SMITH"},{"data":"Echo Form","floor":12,"key":"SMITH"},{"data":"Feed","floor":15,"key":"SMITH"},{"data":"Wraith Form v2","floor":24,"key":"SMITH"},{"data":"Hologram","floor":25,"key":"SMITH"},{"data":"Demon Form","floor":32,"key":"SMITH"},{"data":"LessonLearned","floor":45,"key":"SMITH"},{"data":"After Image","floor":49,"key":"SMITH"}],"circlet_count":0,"master_deck":["Demon Form+1","Wraith Form v2+1","Echo Form+1","DevaForm+1","Streamline","Consecrate","Coolheaded+1","ForeignInfluence+1","EmptyBody","JustLucky","Footwork","Armaments","Conserve Battery","Heel Hook","Dodge and Roll","Hologram+1","Sanctity","Twin Strike","Undo","ReachHeaven+1","Reaper","Hyperbeam","Feed+1","Bludgeon","A Thousand Cuts","Wish+1","Exhume+1","After Image+1","LessonLearned+1","Barricade"],"relics":["Snecko Eye","The Specimen","Blue Candle","Regal Pillow","Tingsha","Orichalcum","Ginger","Prayer Wheel","Singing Bowl","Boot","Mercury Hourglass","Torii","Turnip","Black Star","Darkstone Periapt","Happy Flower","Toxic Egg 2","Meat on the Bone","Letter Opener","Toy Ornithopter","Dead Branch","Ninja Scroll","Pen Nib","Bronze Scales","Ice Cream","War Paint","Tough Bandages","Gambling Chip","CaptainsWheel","Oddly Smooth Stone","Art of War","Sozu","MealTicket","Thread and Needle","Bag of Marbles","Eternal Feather","Question Card","Gremlin Horn","PreservedInsect","Potion Belt","Ancient Tea Set","TungstenRod","Vajra","Snake Skull","Centennial Puzzle","Blood Vial","Smiling Mask","Strawberry","Kunai"],"acts_visited":["Exordium","TheCity","TheBeyond"],"potions_floor_usage":[],"damage_taken":[{"damage":0,"enemies":"Cultist","floor":1,"turns":3},{"damage":0,"enemies":"2 Louse","floor":3,"turns":3},{"damage":1,"enemies":"Small Slimes","floor":4,"turns":3},{"damage":20,"enemies":"Gremlin Nob","floor":6,"turns":5},{"damage":4,"enemies":"Lagavulin","floor":8,"turns":4},{"damage":10,"enemies":"Gremlin Nob","floor":10,"turns":4},{"damage":2,"enemies":"2 Fungi Beasts","floor":11,"turns":3},{"damage":0,"enemies":"Lagavulin","floor":13,"turns":3},{"damage":0,"enemies":"Gremlin Nob","floor":14,"turns":3},{"damage":12,"enemies":"The Guardian","floor":16,"turns":6},{"damage":0,"enemies":"3 Byrds","floor":18,"turns":2},{"damage":2,"enemies":"Chosen","floor":20,"turns":3},{"damage":0,"enemies":"Centurion and Healer","floor":21,"turns":4},{"damage":0,"enemies":"Snecko","floor":22,"turns":4},{"damage":0,"enemies":"Book of Stabbing","floor":23,"turns":3},{"damage":14,"enemies":"Slavers","floor":27,"turns":3},{"damage":0,"enemies":"3 Cultists","floor":28,"turns":4},{"damage":0,"enemies":"Gremlin Leader","floor":29,"turns":3},{"damage":0,"enemies":"Slavers","floor":30,"turns":4},{"damage":0,"enemies":"Shelled Parasite and Fungi","floor":31,"turns":1},{"damage":0,"enemies":"Collector","floor":33,"turns":5},{"damage":0,"enemies":"3 Shapes","floor":35,"turns":3},{"damage":0,"enemies":"Orb Walker","floor":39,"turns":2},{"damage":0,"enemies":"Nemesis","floor":40,"turns":3},{"damage":0,"enemies":"Reptomancer","floor":41,"turns":3},{"damage":0,"enemies":"Nemesis","floor":42,"turns":3},{"damage":0,"enemies":"Giant Head","floor":44,"turns":1},{"damage":0,"enemies":"Nemesis","floor":46,"turns":1},{"damage":0,"enemies":"Maw","floor":47,"turns":3},{"damage":0,"enemies":"3 Darklings","floor":48,"turns":2},{"damage":22,"enemies":"Time Eater","floor":50,"turns":5}],"seed_played":"7537415255351348290","potions_obtained":[{"floor":1,"key":"PowerPotion"},{"floor":4,"key":"LiquidBronze"},{"floor":10,"key":"LiquidMemories"},{"floor":11,"key":"BlessingOfTheForge"}],"is_trial":true,"path_per_floor":["M","$","M","M","T","E","R","E","T","E","M","R","E","E","R","B",null,"M","$","M","M","M","E","R","R","T","E","M","E","E","M","R","B",null,"M","?","$","?","M","E","E","E","T","E","R","E","M","M","R","B",null],"character_chosen":"THE_SILENT","items_purchased":["ReachHeaven","Happy Flower","Toxic Egg 2","Thread and Needle","Bag of Marbles"],"campfire_rested":0,"item_purchase_floors":[2,19,19,37,37],"current_hp_per_floor":[70,70,70,69,69,49,49,45,45,38,36,36,47,47,47,47,72,72,72,70,72,76,76,76,76,76,66,84,86,90,90,90,92,92,96,96,96,100,104,110,112,112,112,116,116,120,127,127,127,114],"gold":453,"neow_bonus":"","is_daily":false,"chose_seed":false,"campfire_upgraded":8,"win_rate":0.0,"timestamp":1609006837,"path_taken":["M","?","?","M","?","E","R","E","T","E","M","R","E","E","R","BOSS","M","$","M","M","M","E","R","R","T","E","M","E","E","M","R","BOSS","M","?","$","?","M","E","E","E","T","E","R","E","M","M","R","BOSS"],"items_purchased_type":["Card","Relic","Relic","Relic","Relic"],"build_version":"2020-12-22","purchased_purges":0,"victory":true,"max_hp_per_floor":[70,70,70,70,70,70,70,70,70,70,70,70,72,72,72,72,72,72,72,72,72,76,76,76,76,76,80,84,86,90,90,90,92,92,96,96,96,100,104,110,112,112,112,116,116,120,127,127,127,127],"card_choices":[{"not_picked":["Finisher","JustLucky"],"picked":"Streamline","floor":0},{"not_picked":["Reflex","Anger"],"picked":"Consecrate","floor":0},{"not_picked":["Disarm","Shrug It Off"],"picked":"Coolheaded","floor":0},{"not_picked":["Compile Driver","Redo"],"picked":"ForeignInfluence","floor":0},{"not_picked":["Deadly Poison","Sword Boomerang"],"picked":"EmptyBody","floor":0},{"not_picked":["Crescendo","Battle Trance"],"picked":"JustLucky","floor":0},{"not_picked":["Redo","Clash"],"picked":"Footwork","floor":0},{"not_picked":["True Grit","Redo"],"picked":"Armaments","floor":0},{"not_picked":["Beam Cell","Heatsinks"],"picked":"Conserve Battery","floor":0},{"not_picked":["Calculated Gamble","Coolheaded"],"picked":"Heel Hook","floor":0},{"not_picked":["Acrobatics","Worship"],"picked":"Dodge and Roll","floor":0},{"not_picked":["Bloodletting","Combust"],"picked":"Hologram","floor":0},{"not_picked":["EmptyMind","Clash"],"picked":"Sanctity","floor":0},{"not_picked":["Storm","Force Field"],"picked":"Twin Strike","floor":0},{"not_picked":["Armaments","Genetic Algorithm"],"picked":"Undo","floor":0},{"not_picked":["Rainbow","Bullet Time"],"picked":"Reaper","floor":6},{"not_picked":["Corpse Explosion","Scrawl","Malaise"],"picked":"SKIP","floor":8},{"not_picked":["Fission","Electrodynamics"],"picked":"Hyperbeam","floor":10},{"not_picked":["Machine Learning","Amplify","DeusExMachina"],"picked":"Singing Bowl","floor":13},{"not_picked":["Malaise","Die Die Die"],"picked":"Feed","floor":14},{"not_picked":["Machine Learning","A Thousand Cuts"],"picked":"Bludgeon","floor":16},{"not_picked":["Seek+1","Fission+1"],"picked":"A Thousand Cuts","floor":23},{"not_picked":["Scrawl+1","Blasphemy+1"],"picked":"Wish+1","floor":27},{"not_picked":["SpiritShield+1","Reboot+1","Thunder Strike"],"picked":"Singing Bowl","floor":29},{"not_picked":["Glass Knife","Night Terror+1"],"picked":"Exhume+1","floor":30},{"not_picked":["Malaise+1","Corpse Explosion+1","Thunder Strike"],"picked":"Singing Bowl","floor":33},{"not_picked":["The Bomb+1","Deep Breath+1","Mayhem"],"picked":"Singing Bowl","floor":38},{"not_picked":["Deep Breath+1","Violence+1","Master of Strategy+1"],"picked":"Singing Bowl","floor":38},{"not_picked":["Corruption","Devotion","Brutality"],"picked":"Singing Bowl","floor":40},{"not_picked":["Seek+1","Brilliance","Venomology+1","Adrenaline+1"],"picked":"Singing Bowl","floor":41},{"not_picked":["SpiritShield+1","Hyperbeam","Reaper"],"picked":"After Image","floor":42},{"not_picked":["Bludgeon","Multi-Cast+1","Reaper"],"picked":"LessonLearned","floor":44},{"not_picked":["Brilliance","Immolate","ConjureBlade+1"],"picked":"Barricade","floor":46}],"player_experience":66907,"relics_obtained":[{"floor":1,"key":"Blue Candle"},{"floor":3,"key":"Regal Pillow"},{"floor":4,"key":"Tingsha"},{"floor":5,"key":"Orichalcum"},{"floor":6,"key":"Ginger"},{"floor":8,"key":"Prayer Wheel"},{"floor":9,"key":"Singing Bowl"},{"floor":10,"key":"Boot"},{"floor":11,"key":"Mercury Hourglass"},{"floor":13,"key":"Torii"},{"floor":14,"key":"Turnip"},{"floor":18,"key":"Darkstone Periapt"},{"floor":20,"key":"Meat on the Bone"},{"floor":21,"key":"Letter Opener"},{"floor":22,"key":"Toy Ornithopter"},{"floor":23,"key":"Dead Branch"},{"floor":23,"key":"Ninja Scroll"},{"floor":26,"key":"Pen Nib"},{"floor":27,"key":"Bronze Scales"},{"floor":27,"key":"Ice Cream"},{"floor":28,"key":"War Paint"},{"floor":29,"key":"Tough Bandages"},{"floor":29,"key":"Gambling Chip"},{"floor":30,"key":"CaptainsWheel"},{"floor":30,"key":"Oddly Smooth Stone"},{"floor":31,"key":"Art of War"},{"floor":35,"key":"MealTicket"},{"floor":39,"key":"Eternal Feather"},{"floor":40,"key":"Question Card"},{"floor":40,"key":"Gremlin Horn"},{"floor":41,"key":"PreservedInsect"},{"floor":41,"key":"Potion Belt"},{"floor":42,"key":"Ancient Tea Set"},{"floor":42,"key":"TungstenRod"},{"floor":43,"key":"Vajra"},{"floor":44,"key":"Snake Skull"},{"floor":44,"key":"Centennial Puzzle"},{"floor":46,"key":"Blood Vial"},{"floor":46,"key":"Smiling Mask"},{"floor":47,"key":"Strawberry"},{"floor":48,"key":"Kunai"}],"event_choices":[{"damage_healed":0,"gold_gain":0,"player_choice":"Ignored","damage_taken":0,"max_hp_gain":0,"max_hp_loss":0,"event_name":"Tomb of Lord Red Mask","floor":36,"gold_loss":0},{"damage_healed":0,"gold_gain":3,"player_choice":"1","damage_taken":0,"max_hp_gain":0,"max_hp_loss":0,"event_name":"betterStone:BetterStone","floor":38,"gold_loss":0}],"is_beta":false,"boss_relics":[{"not_picked":["Runic Dome","Cursed Key"],"picked":"Black Star"},{"not_picked":["Philosopher\u0027s Stone","Coffee Dripper"],"picked":"Sozu"}],"items_purged_floors":[],"is_endless":false,"potions_floor_spawned":[1,4,10,11,16,18,22,23,27,31,35,42,44,46,48],"ascension_level":0}}