{"host":"knoo6yq0od847mqf","time":1609011416,"event":{"mods":["BaseMod","Bestiary","ChefMod","Displayed Cursed Tome","Downfall","Hubris","Koishi","Luminous","Marisa????????","Minty Spire (QoL Compilation)","Replay The Spire","StSLib","The Alterego","The Bug Knight","The Hayseed","The Marked","The Servant 0.9.4","Wandering Minibosses","Yuri Mod"],"gold_per_floor":[112,112,112,112,135,170,170,184,184,184,184,184,200,186,186,291,291,305,305,33,49,66,66,66,31,31,64,64,1,15,13,13,13,13],"floor_reached":33,"playtime":1432,"items_purged":["Doubt"],"score":292,"play_id":"ae39339c-c3b7-40e9-b55c-5c889760c8e3","local_time":"20201226203656","is_ascension_mode":false,"campfire_choices":[{"data":"chefmod:TodaysSpecial","floor":7,"key":"SMITH"},{"data":"chefmod:CayenneCloud","floor":10,"key":"SMITH"},{"data":"chefmod:AlooGobi","floor":15,"key":"SMITH"},{"data":"Chrysalis","floor":23,"key":"SMITH"},{"floor":28,"key":"REST"},{"floor":32,"key":"REST"}],"circlet_count":0,"master_deck":["chefmod:Strike","chefmod:Strike","chefmod:Strike","chefmod:Strike","chefmod:Strike","chefmod:Defend","chefmod:Defend","chefmod:Defend","chefmod:QuickThaw","chefmod:TodaysSpecial+1","chefmod:HotSoup","chefmod:QuickChop+1","chefmod:CayenneCloud+1","chefmod:Tenderizer","chefmod:AlooGobi+1","chefmod:CapreseSalad","Chrysalis+1","chefmod:Puree+1","Pot Of Greed","Pot Of Greed","chefmod:Bruschetta","chefmod:GroceryDelivery"],"relics":["chefmod:TrustyPot","NeowsBlessing","hubris:Towel","yuri:PortableGlitches","Philosopher\u0027s Stone","Membership Card","Grinning Jar","Replay:Baseball"],"acts_visited":["Exordium","TheCity"],"potions_floor_usage":[8,18,21,27,31,33],"damage_taken":[{"damage":0,"enemies":"Cultist","floor":1,"turns":1},{"damage":0,"enemies":"Small Slimes","floor":5,"turns":1},{"damage":0,"enemies":"Gremlin Nob","floor":6,"turns":1},{"damage":5,"enemies":"2 Louse","floor":8,"turns":3},{"damage":8,"enemies":"Lots of Slimes","floor":13,"turns":2},{"damage":15,"enemies":"Blue Slaver","floor":14,"turns":5},{"damage":11,"enemies":"Hexaghost","floor":16,"turns":9},{"damage":10,"enemies":"2 Thieves","floor":18,"turns":4},{"damage":0,"enemies":"Chosen","floor":21,"turns":4},{"damage":21,"enemies":"Sentry and Sphere","floor":22,"turns":6},{"damage":29,"enemies":"Centurion and Healer","floor":25,"turns":8},{"damage":7,"enemies":"Gremlin Leader","floor":27,"turns":5},{"damage":0,"enemies":"Shelled Parasite and Fungi","floor":30,"turns":4},{"damage":11,"enemies":"Snake Plant","floor":31,"turns":7},{"damage":58,"enemies":"Collector","floor":33,"turns":5}],"seed_played":"37693041199117321","potions_obtained":[{"floor":5,"key":"sneckomod:MuddlingPotion"},{"floor":8,"key":"Fruit Juice"},{"floor":14,"key":"hexamod:EctoCoolerPotion"},{"floor":16,"key":"sneckomod:MuddlingPotion"},{"floor":18,"key":"AttackPotion"},{"floor":21,"key":"Venom Potion"},{"floor":25,"key":"hexamod:EctoCoolerPotion"},{"floor":31,"key":"Strength Potion"}],"is_trial":false,"path_per_floor":["M","?","?","?","M","E","R","M","T","R","?","?","M","M","R","B",null,"M","?","$","M","M","R","?","M","T","E","R","$","M","M","R","B"],"character_chosen":"THE_CHEF","items_purchased":["Membership Card","Chrysalis","LifebloodPotion","PowerPotion"],"campfire_rested":2,"item_purchase_floors":[20,20,29,29],"current_hp_per_floor":[76,76,76,76,76,76,76,76,76,76,69,69,61,46,46,35,81,71,71,71,71,50,50,50,21,21,14,38,38,38,27,51,0,0],"gold":13,"neow_bonus":"THREE_ENEMY_KILL","is_daily":false,"chose_seed":false,"campfire_upgraded":4,"win_rate":0.0,"timestamp":1609011416,"path_taken":["M","?","?","?","M","E","R","?","T","R","?","?","?","M","R","BOSS","M","?","$","M","M","R","?","M","T","E","R","$","M","M","R","BOSS"],"items_purchased_type":["Relic","Card","Potion","Potion"],"build_version":"2020-12-22","purchased_purges":1,"victory":false,"max_hp_per_floor":[76,76,76,76,76,76,76,81,81,81,81,81,81,81,81,81,81,81,81,81,81,81,81,81,81,81,81,81,81,81,81,81,81,81],"card_choices":[{"not_picked":["chefmod:SliceAndDice","chefmod:Granita"],"picked":"chefmod:HotSoup","floor":1},{"not_picked":["chefmod:Gelato","chefmod:LocoMoco","chefmod:ColdSteel"],"picked":"SKIP","floor":5},{"not_picked":["chefmod:Defrost","chefmod:FryPan"],"picked":"chefmod:QuickChop","floor":6},{"not_picked":["chefmod:Granita","chefmod:Julienne"],"picked":"chefmod:CayenneCloud","floor":8},{"not_picked":["chefmod:KnifeFlurry","chefmod:CayenneCloud"],"picked":"chefmod:Tenderizer","floor":13},{"not_picked":["chefmod:Sorbet","chefmod:ZaruSoba"],"picked":"chefmod:AlooGobi","floor":14},{"not_picked":["chefmod:TwoForOne","chefmod:DeepFreeze"],"picked":"chefmod:CapreseSalad","floor":16},{"not_picked":["chefmod:Gelato","chefmod:Chop","chefmod:Defrost+1"],"picked":"SKIP","floor":18},{"not_picked":["chefmod:DinoKale+1","chefmod:AllYouCanEat+1"],"picked":"chefmod:Puree+1","floor":21},{"not_picked":["chefmod:DoubleChop","chefmod:Chop","chefmod:FryPan"],"picked":"SKIP","floor":22},{"not_picked":["chefmod:LocoMoco","chefmod:HotSoup","chefmod:SliceAndDice"],"picked":"SKIP","floor":25},{"not_picked":["chefmod:AlooGobi","chefmod:Chop","chefmod:SliceAndDice"],"picked":"SKIP","floor":27},{"not_picked":["chefmod:ZaruSoba","chefmod:Julienne"],"picked":"chefmod:Bruschetta","floor":30},{"not_picked":["chefmod:Chop","chefmod:Escargot+1"],"picked":"chefmod:GroceryDelivery","floor":31}],"player_experience":212418,"relics_obtained":[{"floor":6,"key":"Oddly Smooth Stone"},{"floor":9,"key":"yuri:PortableGlitches"},{"floor":26,"key":"Grinning Jar"},{"floor":27,"key":"Replay:Baseball"}],"event_choices":[{"damage_healed":0,"gold_gain":0,"player_choice":"Take Wound","damage_taken":0,"relics_obtained":["Golden Idol"],"max_hp_gain":0,"max_hp_loss":0,"event_name":"Golden Idol","floor":2,"gold_loss":0,"cards_obtained":["Injury"]},{"damage_healed":0,"gold_gain":0,"player_choice":"Ignored","damage_taken":0,"max_hp_gain":0,"max_hp_loss":0,"event_name":"WeMeetAgain","floor":4,"gold_loss":0},{"cards_removed":["Injury"],"damage_healed":0,"gold_gain":0,"player_choice":"Card Removal","damage_taken":7,"max_hp_gain":0,"max_hp_loss":0,"event_name":"Golden Wing","floor":11,"gold_loss":0},{"damage_healed":0,"gold_gain":0,"player_choice":"Upgraded","damage_taken":0,"max_hp_gain":0,"max_hp_loss":0,"event_name":"Upgrade Shrine","floor":12,"gold_loss":0,"cards_upgraded":["chefmod:QuickChop"]},{"damage_healed":0,"gold_gain":0,"player_choice":"Opened","damage_taken":0,"relics_obtained":["Iron Hammer"],"max_hp_gain":0,"max_hp_loss":0,"event_name":"The Mausoleum","floor":24,"gold_loss":0}],"is_beta":false,"boss_relics":[{"not_picked":["Replay:Ancient Bell","Replay:Grab Bag"],"picked":"Philosopher\u0027s Stone"}],"items_purged_floors":[20],"is_endless":false,"potions_floor_spawned":[5,8,14,16,18,21,25,31],"killed_by":"Collector","ascension_level":0}}