{"host":"o54aw4mfims5m8ve","time":1609011223,"event":{"mods":["BaseMod","Downfall","Minty Spire (QoL Compilation)","StSLib","The Cursed","The Saiyan","The Senshi"],"gold_per_floor":[114,114,132,146,161,161,179,192,192,192,205,155,29,58,58,155,155,173,19,19,30,45,79,88,88,164,199,278,278,290,11,11,119,119,146,166,166,176,51,51,51,85,85,85,117,169,19,29,29,29],"floor_reached":51,"playtime":6365,"items_purged":["theSenshi:SailorBlock","theSenshi:SailorBlock","theSenshi:SailorKick","theSenshi:SailorKick"],"score":730,"play_id":"8c78a6eb-fee2-4805-aec2-f2d90c3ef251","local_time":"20201226193343","is_ascension_mode":true,"campfire_choices":[{"data":"theSenshi:MoonPrincessHalation","floor":6,"key":"SMITH"},{"data":"theSenshi:MoonCosmicPowerMakeUp","floor":10,"key":"SMITH"},{"data":"theSenshi:RoseThrow","floor":15,"key":"SMITH"},{"data":"theSenshi:MoonHealingEscalation","floor":25,"key":"SMITH"},{"data":"theSenshi:MoonCrisisMakeUp","floor":29,"key":"SMITH"},{"data":"theSenshi:MoonCosmicPowerMakeUp","floor":32,"key":"SMITH"},{"data":"theSenshi:MoonGorgeousMeditation","floor":41,"key":"SMITH"},{"data":"theSenshi:SailorMercuryAssists","floor":49,"key":"SMITH"}],"circlet_count":0,"master_deck":["theSenshi:SailorKick","theSenshi:SailorBlock","theSenshi:RoseThrow+1","theSenshi:MoonPrismPowerMakeUp","theSenshi:MoonPrincessHalation+1","theSenshi:MoonPunch","theSenshi:MoonCosmicPowerMakeUp+1","theSenshi:MoonsReflection","theSenshi:MercurysCunning","theSenshi:WarriorOfTheMoon","theSenshi:SailorMercuryAssists+1","theSenshi:MoonHealingEscalation+1","theSenshi:MoonCosmicPowerMakeUp+1","theSenshi:Sidestep","theSenshi:MoonCrisisMakeUp+1","theSenshi:MoonCosmicPowerMakeUp+1","theSenshi:MoonGorgeousMeditation+1","theSenshi:OdangoHead+1","theSenshi:YouCanTalk+1"],"relics":["theSenshi:TransformationBroochRelic","Shuriken","Orichalcum","Black Star","Oddly Smooth Stone","theSenshi:FeatherClipsRelic","CeramicFish","theSenshi:CosmicHeartCompactRelic","Kunai","Peace Pipe","Toxic Egg 2","Pantograph","Frozen Eye","Cursed Key","Toy Ornithopter","Regal Pillow","Happy Flower","Calipers","theSenshi:SpiralHeartMoonRodRelic"],"acts_visited":["Exordium","TheCity","TheBeyond"],"potions_floor_usage":[8,11,16,16,16,27,33,36,45],"damage_taken":[{"damage":0,"enemies":"Small Slimes","floor":1,"turns":4},{"damage":0,"enemies":"Cultist","floor":3,"turns":4},{"damage":5,"enemies":"Jaw Worm","floor":4,"turns":3},{"damage":0,"enemies":"Blue Slaver","floor":5,"turns":5},{"damage":1,"enemies":"Looter","floor":7,"turns":3},{"damage":0,"enemies":"2 Fungi Beasts","floor":8,"turns":3},{"damage":3,"enemies":"Large Slime","floor":11,"turns":4},{"damage":8,"enemies":"3 Sentries","floor":14,"turns":8},{"damage":7,"enemies":"Slime Boss","floor":16,"turns":9},{"damage":0,"enemies":"Chosen","floor":18,"turns":3},{"damage":16,"enemies":"Spheric Guardian","floor":21,"turns":4},{"damage":12,"enemies":"Chosen and Byrds","floor":22,"turns":9},{"damage":22,"enemies":"Book of Stabbing","floor":23,"turns":6},{"damage":31,"enemies":"Slavers","floor":27,"turns":8},{"damage":2,"enemies":"Shelled Parasite and Fungi","floor":30,"turns":8},{"damage":50,"enemies":"Champ","floor":33,"turns":18},{"damage":0,"enemies":"Orb Walker","floor":35,"turns":2},{"damage":5,"enemies":"3 Darklings","floor":36,"turns":14},{"damage":0,"enemies":"Maw","floor":38,"turns":10},{"damage":77,"enemies":"Reptomancer","floor":42,"turns":8},{"damage":14,"enemies":"Nemesis","floor":45,"turns":8},{"damage":22,"enemies":"2 Orb Walkers","floor":46,"turns":5},{"damage":0,"enemies":"Writhing Mass","floor":48,"turns":5},{"damage":9,"enemies":"Donu and Deca","floor":50,"turns":12}],"seed_played":"2215839748434188060","potions_obtained":[{"floor":3,"key":"SteroidPotion"},{"floor":4,"key":"Fire Potion"},{"floor":7,"key":"SkillPotion"},{"floor":11,"key":"DuplicationPotion"},{"floor":18,"key":"LiquidMemories"},{"floor":22,"key":"Regen Potion"},{"floor":27,"key":"Regen Potion"},{"floor":30,"key":"FearPotion"},{"floor":33,"key":"LiquidMemories"},{"floor":35,"key":"Ancient Potion"},{"floor":42,"key":"SkillPotion"},{"floor":48,"key":"Fire Potion"}],"is_trial":false,"path_per_floor":["M","?","M","M","M","R","M","M","T","R","M","?","$","E","R","B",null,"M","$","?","M","M","E","?","R","T","E","T","R","M","$","R","B",null,"M","M","?","M","$","?","R","E","T","?","E","?","$","M","R","B",null],"character_chosen":"THE_SENSHI","items_purchased":["PowerPotion","Oddly Smooth Stone","theSenshi:MoonCosmicPowerMakeUp","Frozen Eye"],"campfire_rested":0,"item_purchase_floors":[13,19,31,31],"current_hp_per_floor":[82,82,82,77,77,77,76,76,76,76,73,73,73,65,65,58,82,82,82,82,72,76,60,60,60,60,70,70,70,82,82,82,73,82,82,82,82,82,82,78,78,27,27,27,34,28,28,46,46,78],"gold":29,"neow_bonus":"TEN_PERCENT_HP_BONUS","is_daily":false,"chose_seed":false,"campfire_upgraded":8,"win_rate":0.0,"timestamp":1609011223,"path_taken":["M","?","M","M","M","R","M","M","T","R","M","?","$","E","R","BOSS","M","$","?","?","M","E","?","R","T","E","?","R","M","$","R","BOSS","M","M","?","M","$","?","R","E","T","?","E","?","$","M","R","BOSS"],"items_purchased_type":["Potion","Relic","Card","Relic"],"build_version":"2020-12-22","purchased_purges":4,"victory":true,"max_hp_per_floor":[82,82,82,82,82,82,82,82,82,82,82,82,82,82,82,82,82,82,82,82,82,82,82,82,82,82,82,82,82,82,82,82,82,82,82,82,82,82,82,78,78,78,78,78,78,78,78,78,78,78],"card_choices":[{"not_picked":["theSenshi:SaturnsMystery","theSenshi:GatheringStrength"],"picked":"theSenshi:MoonPrincessHalation","floor":1},{"not_picked":["theSenshi:HesSoDreamy","theSenshi:InTheNickOfTime"],"picked":"theSenshi:MoonPunch","floor":3},{"not_picked":["theSenshi:EncouragingSpeech","theSenshi:GatheringStrength"],"picked":"theSenshi:MoonCosmicPowerMakeUp","floor":4},{"not_picked":["theSenshi:MoonPunch","theSenshi:MoonTiaraMagic"],"picked":"theSenshi:MoonsReflection","floor":5},{"not_picked":["theSenshi:MoonPunch","theSenshi:SailorPlanetAttack","theSenshi:EncouragingSpeech"],"picked":"SKIP","floor":7},{"not_picked":["theSenshi:MoonPower","theSenshi:LunasBite"],"picked":"theSenshi:MercurysCunning","floor":8},{"not_picked":["theSenshi:LunasBite","theSenshi:MoonPower","theSenshi:InTheNickOfTime"],"picked":"SKIP","floor":11},{"not_picked":["theSenshi:MoonTiaraMagic","theSenshi:MoonPower"],"picked":"theSenshi:WarriorOfTheMoon","floor":14},{"not_picked":["theSenshi:SailorVenusAssists","theSenshi:MoonKick"],"picked":"theSenshi:SailorMercuryAssists","floor":18},{"not_picked":["theSenshi:SupersonicWaves","theSenshi:MoonsReflection"],"picked":"theSenshi:MoonHealingEscalation","floor":21},{"not_picked":["theSenshi:SailorMarsAssists","theSenshi:LunasBite","theSenshi:DramaticEntrance"],"picked":"SKIP","floor":22},{"not_picked":["theSenshi:KlutzyLuck","theSenshi:MoonPower"],"picked":"theSenshi:MoonCosmicPowerMakeUp+1","floor":23},{"not_picked":["theSenshi:CrisisMakeUp","theSenshi:MoonCosmicPowerMakeUp"],"picked":"theSenshi:MoonCrisisMakeUp","floor":27},{"not_picked":["theSenshi:EncouragingSpeech+1","theSenshi:CrisisMakeUp","theSenshi:SupersonicWaves"],"picked":"SKIP","floor":30},{"not_picked":["theSenshi:SailorStarHealerAssists+1","theSenshi:IWillPunishYou+1"],"picked":"theSenshi:MoonGorgeousMeditation","floor":33},{"not_picked":["theSenshi:SchoolBag+1","theSenshi:MercurysCunning"],"picked":"theSenshi:OdangoHead+1","floor":35},{"not_picked":["theSenshi:LunasBite","theSenshi:MoonKick","theSenshi:DramaticEntrance+1"],"picked":"SKIP","floor":36},{"not_picked":["theSenshi:SailorMarsAssists","theSenshi:MoonPower+1","theSenshi:SailorVenusAssists"],"picked":"SKIP","floor":38},{"not_picked":["theSenshi:TuxedoSmokingBomber+1","theSenshi:SupersonicWaves+1"],"picked":"theSenshi:YouCanTalk+1","floor":42},{"not_picked":["theSenshi:ChibiMoonsLove+1","theSenshi:TallSilhouette+1","theSenshi:RainbowMoonHeartAche"],"picked":"SKIP","floor":45},{"not_picked":["theSenshi:MoonPunch","theSenshi:MoonsReflection+1","theSenshi:MoonKick+1"],"picked":"SKIP","floor":48}],"player_experience":165799,"relics_obtained":[{"floor":9,"key":"Shuriken"},{"floor":14,"key":"Orichalcum"},{"floor":23,"key":"CeramicFish"},{"floor":23,"key":"theSenshi:CosmicHeartCompactRelic"},{"floor":26,"key":"Kunai"},{"floor":27,"key":"Peace Pipe"},{"floor":27,"key":"Toxic Egg 2"},{"floor":28,"key":"Pantograph"},{"floor":42,"key":"Toy Ornithopter"},{"floor":42,"key":"Regal Pillow"},{"floor":45,"key":"Happy Flower"},{"floor":45,"key":"Calipers"},{"floor":46,"key":"theSenshi:SpiralHeartMoonRodRelic"}],"event_choices":[{"damage_healed":0,"gold_gain":0,"player_choice":"Ignored","damage_taken":0,"max_hp_gain":0,"max_hp_loss":0,"event_name":"Golden Idol","floor":2,"gold_loss":0},{"cards_removed":["theSenshi:SailorKick"],"damage_healed":0,"gold_gain":0,"player_choice":"Card Removal","damage_taken":0,"max_hp_gain":0,"max_hp_loss":0,"event_name":"The Cleric","floor":12,"gold_loss":50},{"damage_healed":0,"gold_gain":0,"player_choice":"Gave Potion","damage_taken":0,"relics_obtained":["theSenshi:FeatherClipsRelic"],"max_hp_gain":0,"max_hp_loss":0,"event_name":"WeMeetAgain","floor":20,"gold_loss":0},{"damage_healed":0,"gold_gain":0,"player_choice":"Read","damage_taken":0,"max_hp_gain":0,"max_hp_loss":0,"event_name":"The Library","floor":24,"gold_loss":0,"cards_obtained":["theSenshi:Sidestep"]},{"damage_healed":0,"gold_gain":0,"player_choice":"Ignored","damage_taken":0,"max_hp_gain":0,"max_hp_loss":0,"event_name":"Tomb of Lord Red Mask","floor":37,"gold_loss":0},{"damage_healed":0,"gold_gain":0,"player_choice":"Max HP","damage_taken":0,"max_hp_gain":0,"max_hp_loss":4,"event_name":"Winding Halls","floor":40,"gold_loss":0},{"cards_removed":["theSenshi:SailorBlock"],"damage_healed":0,"gold_gain":0,"player_choice":"Removed Skill","damage_taken":0,"max_hp_gain":0,"max_hp_loss":0,"event_name":"Falling","floor":44,"gold_loss":0},{"damage_healed":0,"gold_gain":0,"player_choice":"Fight","damage_taken":0,"max_hp_gain":0,"max_hp_loss":0,"event_name":"Mysterious Sphere","floor":46,"gold_loss":0}],"is_beta":false,"boss_relics":[{"not_picked":["Empty Cage","Astrolabe"],"picked":"Black Star"},{"not_picked":["Fusion Hammer","Busted Crown"],"picked":"Cursed Key"}],"items_purged_floors":[13,31,39,47],"is_endless":false,"potions_floor_spawned":[3,4,7,11,14,18,22,27,30,33,35,42,48],"ascension_level":1}}