{"host":"nnt34ungdh9fkcmy","time":1609001437,"event":{"mods":["BaseMod","Downfall","Minty Spire (QoL Compilation)","StSLib","SuperFastMode"],"gold_per_floor":[99,99,99,99,109,126,126,161,174,10,10,10,36,36,53,53,53,53],"floor_reached":16,"playtime":819,"items_purged":["champ:Strike"],"score":119,"play_id":"68233cfc-2806-40b0-8fa6-f10535ec4cc2","local_time":"20201226095037","is_ascension_mode":true,"campfire_choices":[{"data":"champ:Taunt","floor":1.0,"key":"SMITH"},{"floor":12,"key":"REST"}],"circlet_count":0,"master_deck":["champ:Strike","champ:Strike","champ:Strike","champ:Defend","champ:Defend","champ:Defend","champ:Defend","champ:Execute","champ:Taunt+1","champ:BerserkerStyle","champ:HeartStrike","champ:EndlessRage","champ:SwordSigil","champ:Shatter","champ:RisingSlash+1","champ:FanOfKnives+1","champ:GutPunch+1","champ:FlashCut+1","champ:Improvising"],"relics":["champ:ChampionCrown","downfall:HeartsMalice","Molten Egg 2","Mummified Hand","WingedGreaves","Bag of Marbles"],"acts_visited":["Exordium"],"potions_floor_usage":[13,16,16],"damage_taken":[{"damage":0.0,"enemies":"Cultist","floor":2.0,"turns":1.0},{"damage":0.0,"enemies":"Small Slimes","floor":3.0,"turns":1.0},{"damage":0.0,"enemies":"2 Louse","floor":4.0,"turns":1.0},{"damage":22,"enemies":"Gremlin Gang","floor":5,"turns":10},{"damage":25,"enemies":"2 Fungi Beasts","floor":6,"turns":5},{"damage":72,"enemies":"3 Sentries","floor":8,"turns":11},{"damage":31,"enemies":"Large Slime","floor":9,"turns":5},{"damage":20,"enemies":"downfall:FleeingMerchant","floor":10,"turns":4},{"damage":34,"enemies":"Lagavulin","floor":13,"turns":7},{"damage":17,"enemies":"Gremlin Gang","floor":15,"turns":3},{"damage":49,"enemies":"downfall:Watcher","floor":16,"turns":5}],"seed_played":"-3006801563530413145","potions_obtained":[{"floor":6,"key":"GamblersBrew"},{"floor":8,"key":"sneckomod:MuddlingPotion"},{"floor":9,"key":"EntropicBrew"},{"floor":13,"key":"DuplicationPotion"}],"is_trial":false,"path_per_floor":["R","M","M","M","M","M","T","E","M","$","?","R","E","?","M","B"],"character_chosen":"THE_CHAMP","items_purchased":["champ:FlashCut+1","AttackPotion"],"campfire_rested":1,"item_purchase_floors":[10,10],"current_hp_per_floor":[90,90,90,90,79,77,77,28,24,24,17,44,36,36,25,0,0,0],"gold":53,"neow_bonus":"THREE_ENEMY_KILL","is_daily":false,"chose_seed":false,"campfire_upgraded":1,"win_rate":0.0,"timestamp":1609001437,"path_taken":["R","M","M","M","M","M","T","E","M","$","?","R","E","?","M","BOSS"],"items_purchased_type":["Card","Potion"],"build_version":"2020-12-22","purchased_purges":1,"victory":false,"max_hp_per_floor":[90,90,90,90,90,90,90,90,90,90,90,90,90,90,90,90,90,90],"card_choices":[{"not_picked":["champ:BringItOn","champ:Haymaker"],"picked":"champ:BerserkerStyle","floor":2.0},{"not_picked":["champ:RageSigil","champ:DefensiveStyle"],"picked":"champ:HeartStrike","floor":3.0},{"not_picked":["champ:StanceDance","champ:AdrenalArmor"],"picked":"champ:EndlessRage","floor":4.0},{"not_picked":["champ:Haymaker","champ:FlashCut"],"picked":"champ:SwordSigil","floor":5},{"not_picked":["champ:DefensiveShout","champ:FocusedDefense"],"picked":"champ:Shatter","floor":6},{"not_picked":["champ:BerserkerStyle","champ:CrownThrow+1"],"picked":"champ:RisingSlash+1","floor":8},{"not_picked":["champ:TornadoPunch+1","champ:RecklessLeap+1"],"picked":"champ:FanOfKnives+1","floor":9},{"not_picked":["champ:Backstep","champ:PerfectedStrike+1"],"picked":"champ:GutPunch+1","floor":10},{"not_picked":["champ:DefensiveStyle","champ:Backstep","champ:DefensiveShout"],"picked":"SKIP","floor":13},{"not_picked":["champ:Circumvent","champ:FaceSlap+1"],"picked":"champ:Improvising","floor":15}],"player_experience":212130,"relics_obtained":[{"floor":7,"key":"Molten Egg 2"},{"floor":8,"key":"Mummified Hand"},{"floor":13,"key":"Bag of Marbles"}],"event_choices":[{"damage_healed":0,"gold_gain":0,"player_choice":"Success","damage_taken":7,"relics_obtained":["WingedGreaves"],"max_hp_gain":0,"max_hp_loss":0,"event_name":"Scrap Ooze","floor":11,"gold_loss":0}],"is_beta":false,"boss_relics":[],"items_purged_floors":[10],"is_endless":false,"potions_floor_spawned":[6,8,9,13,15],"killed_by":"downfall:Watcher","ascension_level":2}}