{"host":"utqe55yv0jihe4d6","time":1609013504,"event":{"mods":["2.2 Compatiblity","AchievementEnabler","BaseMod","Block Reminder","Colored Map","Colored Powertips","Minty Spire (QoL Compilation)","Quick Restart","Rare Cards Sparkle","Relic Stats","SuperFastMode"],"gold_per_floor":[109,123,135,6,6,33,33,65,91,91,101,113,38,68,68,141,141,151,162,162,162,172,172,207,207,207,234,234,254,271,371,371,446,446,466,466,491,539,555,555,585,241,295,295,330,26,26,26,26,26,26,26,26,5,31,31],"floor_reached":57,"playtime":2827,"items_purged":["Defend_P","Strike_P","Defend_P"],"score":2953,"play_id":"e4abc410-4297-400d-8298-fff49627fb51","local_time":"20201226151144","is_ascension_mode":true,"campfire_choices":[{"data":"Blasphemy","floor":7.0,"key":"SMITH"},{"floor":10.0,"key":"REST"},{"data":"TalkToTheHand","floor":15.0,"key":"SMITH"},{"floor":23.0,"key":"REST"},{"floor":25.0,"key":"REST"},{"floor":28.0,"key":"REST"},{"floor":32.0,"key":"REST"},{"floor":40.0,"key":"RECALL"},{"floor":44.0,"key":"REST"},{"data":"1","floor":47.0,"key":"LIFT"},{"floor":49.0,"key":"REST"},{"data":"2","floor":53,"key":"LIFT"}],"circlet_count":0,"master_deck":["AscendersBane","Strike_P+1","Strike_P","Defend_P+1","Eruption+1","Vigilance","Blasphemy+1","ReachHeaven","WheelKick+1","EmptyFist","WheelKick+1","TalkToTheHand+1","Tantrum+1","CutThroughFate","LessonLearned+1","Meditate+1","CutThroughFate","Protect+1","ThirdEye","Halt+1","FlurryOfBlows","ClearTheMind","Vault+1","TalkToTheHand+1","ThirdEye+1","FearNoEvil","InnerPeace","SandsOfTime+1","Vault","ThirdEye","CrushJoints+1"],"relics":["PureWater","Juzu Bracelet","Bag of Marbles","PreservedInsect","Torii","Sozu","Yang","Sundial","Matryoshka","Pocketwatch","Fusion Hammer","Turnip","Lizard Tail","The Courier","Vajra","Bronze Scales","Akabeko","Question Card","Membership Card","Girya","Oddly Smooth Stone"],"acts_visited":["Exordium","TheCity","TheBeyond","TheEnding"],"potions_floor_usage":[],"damage_taken":[{"damage":7.0,"enemies":"Jaw Worm","floor":1.0,"turns":5.0},{"damage":5.0,"enemies":"Small Slimes","floor":2.0,"turns":3.0},{"damage":0.0,"enemies":"Cultist","floor":3.0,"turns":2.0},{"damage":0.0,"enemies":"Lagavulin","floor":6.0,"turns":3.0},{"damage":6.0,"enemies":"Gremlin Nob","floor":8.0,"turns":3.0},{"damage":1.0,"enemies":"2 Fungi Beasts","floor":11.0,"turns":2.0},{"damage":6.0,"enemies":"Gremlin Gang","floor":12.0,"turns":2.0},{"damage":0.0,"enemies":"Lagavulin","floor":14.0,"turns":4.0},{"damage":0.0,"enemies":"Slime Boss","floor":16.0,"turns":5.0},{"damage":18.0,"enemies":"Shell Parasite","floor":18.0,"turns":3.0},{"damage":4.0,"enemies":"3 Byrds","floor":19.0,"turns":4.0},{"damage":23.0,"enemies":"Shelled Parasite and Fungi","floor":22.0,"turns":2.0},{"damage":1.0,"enemies":"Slavers","floor":24.0,"turns":2.0},{"damage":12.0,"enemies":"Gremlin Leader","floor":27.0,"turns":4.0},{"damage":23.0,"enemies":"Snake Plant","floor":29.0,"turns":4.0},{"damage":9.0,"enemies":"Cultist and Chosen","floor":30.0,"turns":5.0},{"damage":0.0,"enemies":"Colosseum Slavers","floor":31.0,"turns":4.0},{"damage":0.0,"enemies":"Colosseum Nobs","floor":31.0,"turns":2.0},{"damage":1.0,"enemies":"Collector","floor":33.0,"turns":7.0},{"damage":1.0,"enemies":"Orb Walker","floor":35.0,"turns":3.0},{"damage":0.0,"enemies":"Mind Bloom Boss Battle","floor":37.0,"turns":5.0},{"damage":0.0,"enemies":"2 Orb Walkers","floor":38.0,"turns":1.0},{"damage":0.0,"enemies":"3 Shapes","floor":39.0,"turns":3.0},{"damage":34.0,"enemies":"Reptomancer","floor":41.0,"turns":5.0},{"damage":0.0,"enemies":"Giant Head","floor":45.0,"turns":5.0},{"damage":45.0,"enemies":"Time Eater","floor":50.0,"turns":9.0},{"damage":24,"enemies":"Awakened One","floor":51,"turns":9},{"damage":0,"enemies":"Shield and Spear","floor":55,"turns":3},{"damage":31,"enemies":"The Heart","floor":56,"turns":10}],"seed_played":"1173476480763246261","potions_obtained":[{"floor":6.0,"key":"SpeedPotion"},{"floor":11.0,"key":"Strength Potion"},{"floor":14.0,"key":"Explosive Potion"}],"is_trial":false,"path_per_floor":["M","M","M","$","?","E","R","E","T","R","M","M","?","E","R","B",null,"M","M","?","?","M","R","E","R","T","E","R","M","M","?","R","B",null,"M","?","?","?","M","R","E","$","T","R","E","$","R","$","R","B","B",null,"R","$","E","B",null],"character_chosen":"WATCHER","items_purchased":["BlessingOfTheForge","Vajra","Bronze Scales","Membership Card","Girya","ThirdEye"],"campfire_rested":7,"item_purchase_floors":[4,42,42,46,46,54],"current_hp_per_floor":[54,49,49,49,42,42,42,36,36,56,55,49,49,49,49,49,63,45,41,41,35,12,32,31,51,51,39,59,36,27,27,47,46,63,62,62,62,62,62,62,28,28,28,48,48,48,48,48,68,23,33,59,59,59,59,28],"gold":31,"neow_bonus":"ONE_RANDOM_RARE_CARD","is_daily":false,"chose_seed":false,"campfire_upgraded":2,"win_rate":0.0,"timestamp":1609013504,"path_taken":["M","M","M","$","?","E","R","E","T","R","M","M","?","E","R","BOSS","M","M","?","?","M","R","E","R","T","E","R","M","M","?","R","BOSS","M","?","?","?","M","R","E","$","T","R","E","$","R","?","R","BOSS","BOSS","R","$","E","BOSS"],"items_purchased_type":["Potion","Relic","Relic","Relic","Relic","Card"],"build_version":"2020-12-22","purchased_purges":3,"victory":true,"max_hp_per_floor":[68,68,68,68,68,68,68,68,68,68,68,68,68,68,68,68,68,68,68,68,68,68,68,68,68,68,68,68,68,68,68,68,68,68,68,68,68,68,68,68,68,68,68,68,68,68,68,68,68,68,68,68,68,68,68,68],"relic_stats":{"Torii":32,"counters":[29,119],"Yang":[235],"PreservedInsect":436,"Juzu Bracelet":2,"Question Card":1,"Sozu":8,"Lizard Tail":34,"Sundial":[8],"Bronze Scales":[153],"Turnip":[2],"obtain_stats":[{"Girya":46,"Torii":14,"Vajra":42,"Oddly Smooth Stone":55,"Yang":24,"PreservedInsect":9,"The Courier":41,"Juzu Bracelet":6,"Question Card":45,"Akabeko":43,"Sozu":17,"Lizard Tail":38,"Matryoshka":27,"Sundial":26,"Bronze Scales":42,"Fusion Hammer":34,"Turnip":37,"Bag of Marbles":8,"Membership Card":46,"PureWater":0,"Pocketwatch":31},{"Girya":25,"Torii":8,"Vajra":24,"Oddly Smooth Stone":28,"Yang":13,"PreservedInsect":5,"The Courier":24,"Juzu Bracelet":4,"Question Card":25,"Akabeko":24,"Sozu":9,"Lizard Tail":22,"Matryoshka":14,"Sundial":13,"Bronze Scales":24,"Fusion Hammer":19,"Turnip":21,"Bag of Marbles":5,"Membership Card":25,"PureWater":0,"Pocketwatch":18},{"Girya":88,"Torii":24,"Vajra":83,"Oddly Smooth Stone":109,"Yang":40,"PreservedInsect":16,"The Courier":83,"Juzu Bracelet":13,"Question Card":88,"Akabeko":83,"Sozu":29,"Lizard Tail":75,"Matryoshka":44,"Sundial":40,"Bronze Scales":83,"Fusion Hammer":66,"Turnip":74,"Bag of Marbles":16,"Membership Card":88,"PureWater":0,"Pocketwatch":59}],"Pocketwatch":[28]},"card_choices":[{"not_picked":["FlurryOfBlows","Prostrate"],"picked":"ReachHeaven","floor":1.0},{"not_picked":["FlyingSleeves","ThirdEye"],"picked":"WheelKick","floor":2.0},{"not_picked":["Evaluate","Consecrate"],"picked":"EmptyFist","floor":3.0},{"not_picked":["Prostrate","Study"],"picked":"WheelKick","floor":6.0},{"not_picked":["PathToVictory","Prostrate"],"picked":"TalkToTheHand","floor":8.0},{"not_picked":["ClearTheMind","BowlingBash"],"picked":"Tantrum","floor":11.0},{"not_picked":["Tantrum","Evaluate","Ragnarok"],"picked":"SKIP","floor":12.0},{"not_picked":["SashWhip","Evaluate"],"picked":"CutThroughFate","floor":14.0},{"not_picked":["DevaForm","Vault"],"picked":"LessonLearned","floor":16.0},{"not_picked":["Evaluate","ThirdEye"],"picked":"Meditate","floor":18.0},{"not_picked":["Consecrate","WheelKick"],"picked":"CutThroughFate","floor":19.0},{"not_picked":["ThirdEye","PathToVictory"],"picked":"Protect","floor":22.0},{"not_picked":["EmptyBody","Crescendo"],"picked":"ThirdEye","floor":24.0},{"not_picked":["JustLucky+1","EmptyBody"],"picked":"Halt+1","floor":27.0},{"not_picked":["Fasting2","SashWhip"],"picked":"FlurryOfBlows","floor":29.0},{"not_picked":["PathToVictory","EmptyFist","SashWhip"],"picked":"SKIP","floor":30.0},{"not_picked":["Consecrate","CrushJoints"],"picked":"ClearTheMind","floor":31.0},{"not_picked":["Blasphemy","Brilliance"],"picked":"Vault","floor":33.0},{"not_picked":["SignatureMove","Evaluate"],"picked":"TalkToTheHand","floor":35.0},{"not_picked":["Meditate","FlurryOfBlows"],"picked":"ThirdEye+1","floor":37.0},{"not_picked":["Weave","Consecrate"],"picked":"FearNoEvil","floor":38.0},{"not_picked":["Swivel","Consecrate"],"picked":"InnerPeace","floor":39.0},{"not_picked":["Evaluate","JustLucky"],"picked":"SandsOfTime+1","floor":41.0},{"not_picked":["Devotion","WheelKick"],"picked":"Vault","floor":45.0},{"not_picked":["Halt+1","Swivel","Crescendo"],"picked":"CrushJoints+1","floor":55}],"player_experience":2870607,"relics_obtained":[{"floor":6.0,"key":"Juzu Bracelet"},{"floor":8.0,"key":"Bag of Marbles"},{"floor":9.0,"key":"PreservedInsect"},{"floor":14.0,"key":"Torii"},{"floor":24.0,"key":"Yang"},{"floor":26.0,"key":"Sundial"},{"floor":27.0,"key":"Matryoshka"},{"floor":31.0,"key":"Pocketwatch"},{"floor":37.0,"key":"Turnip"},{"floor":38.0,"key":"Lizard Tail"},{"floor":41.0,"key":"The Courier"},{"floor":43.0,"key":"Akabeko"},{"floor":45.0,"key":"Question Card"},{"floor":55,"key":"Oddly Smooth Stone"}],"event_choices":[{"cards_removed":["Strike_P"],"damage_healed":0.0,"max_hp_gain":0.0,"max_hp_loss":0.0,"gold_gain":0.0,"event_name":"Golden Wing","player_choice":"Card Removal","floor":5.0,"gold_loss":0.0,"damage_taken":7.0},{"cards_removed":["Defend_P"],"damage_healed":0.0,"max_hp_gain":0.0,"max_hp_loss":0.0,"gold_gain":0.0,"event_name":"The Cleric","player_choice":"Card Removal","floor":13.0,"gold_loss":75.0,"damage_taken":0.0},{"damage_healed":0.0,"max_hp_gain":0.0,"max_hp_loss":0.0,"gold_gain":0.0,"event_name":"Ghosts","player_choice":"Ignored","floor":20.0,"gold_loss":0.0,"damage_taken":0.0},{"damage_healed":0.0,"max_hp_gain":0.0,"max_hp_loss":0.0,"gold_gain":0.0,"event_name":"Knowing Skull","player_choice":"","floor":21.0,"potions_obtained":[],"gold_loss":0.0,"damage_taken":6.0,"cards_obtained":[]},{"damage_healed":0.0,"max_hp_gain":0.0,"max_hp_loss":0.0,"gold_gain":0.0,"event_name":"Colosseum","player_choice":"Fight","floor":31.0,"gold_loss":0.0,"damage_taken":0.0},{"damage_healed":0.0,"max_hp_gain":0.0,"max_hp_loss":0.0,"gold_gain":0.0,"event_name":"Colosseum","player_choice":"Fought Nobs","floor":31.0,"gold_loss":0.0,"damage_taken":0.0},{"damage_healed":0.0,"max_hp_gain":0.0,"max_hp_loss":0.0,"gold_gain":0.0,"event_name":"Accursed Blacksmith","player_choice":"Forge","floor":36.0,"gold_loss":0.0,"damage_taken":0.0,"cards_upgraded":["TalkToTheHand"]},{"damage_healed":0.0,"max_hp_gain":0.0,"max_hp_loss":0.0,"gold_gain":0.0,"event_name":"MindBloom","player_choice":"Fight","floor":37.0,"gold_loss":0.0,"damage_taken":0.0},{"damage_healed":0.0,"max_hp_gain":0.0,"max_hp_loss":0.0,"gold_gain":0.0,"event_name":"Mysterious Sphere","player_choice":"Fight","floor":38.0,"gold_loss":0.0,"damage_taken":0.0}],"is_beta":false,"boss_relics":[{"not_picked":["Coffee Dripper","Calling Bell"],"picked":"Sozu"},{"not_picked":["HolyWater","Cursed Key"],"picked":"Fusion Hammer"}],"items_purged_floors":[4,42,46],"is_endless":false,"potions_floor_spawned":[6,11,14,16,18,24,27,29,31,35,39,55],"ascension_level":20}}