{"host":"i0avyit1s6jb1siw","time":1609021404,"event":{"mods":["BaseMod","DeckTracker","Dota2Spire","Highlight Path","Minty Spire (QoL Compilation)","Quick Restart","Replay The Spire","StSLib","SuperFastMode"],"gold_per_floor":[119,119,135,210,220,220,246,265,265,265,278,278,297,307,307,384,384,399,399,324,337,352,352,252,268,268,268,278,278,303,303,303,303,303],"floor_reached":33,"playtime":935,"items_purged":["Strike_G+1","Strike_G+1"],"score":538,"play_id":"37a94667-a942-44da-acf0-52b29a0e1f1b","local_time":"20201226232324","is_ascension_mode":true,"campfire_choices":[{"data":"All Out Attack","floor":6,"key":"SMITH"},{"data":"Reflex","floor":12,"key":"SMITH"},{"data":"Calculated Gamble","floor":15,"key":"SMITH"},{"data":"Deadly Poison","floor":23,"key":"SMITH"},{"data":"Prepared","floor":29,"key":"SMITH"},{"floor":32,"key":"REST"}],"circlet_count":0,"master_deck":["AscendersBane","Strike_G+1","Defend_G+1","Defend_G+1","Defend_G+1","Defend_G+1","Defend_G+1","Survivor","Neutralize+1","All Out Attack+1","PiercingWail","Reflex+1","Calculated Gamble+1","Bane+1","Dagger Throw","Underhanded Strike","Deadly Poison+1","ReplayTheSpireMod:From All Sides","Acrobatics+1","Prepared+1","Choke","Noxious Fumes+1"],"relics":["Ring of the Snake","Durian","Runic Pyramid","Replay:Bottled Eggs","Replay:Kaleidoscope"],"acts_visited":["Exordium","TheCity"],"potions_floor_usage":[16,21,21,33],"damage_taken":[{"damage":6,"enemies":"2 Louse","floor":1,"turns":4},{"damage":1,"enemies":"Small Slimes","floor":3,"turns":3},{"damage":2,"enemies":"Jaw Worm","floor":5,"turns":5},{"damage":21,"enemies":"Replay:BlueRogue","floor":7,"turns":12},{"damage":0,"enemies":"Blue Slaver","floor":8,"turns":6},{"damage":0,"enemies":"Exordium Wildlife","floor":11,"turns":3},{"damage":0,"enemies":"Looter","floor":13,"turns":3},{"damage":7,"enemies":"Gremlin Gang","floor":14,"turns":3},{"damage":23,"enemies":"The Guardian","floor":16,"turns":15},{"damage":2,"enemies":"Chosen","floor":18,"turns":4},{"damage":0,"enemies":"2 Thieves","floor":21,"turns":3},{"damage":1,"enemies":"Centurion and Healer","floor":22,"turns":7},{"damage":10,"enemies":"Shelled Parasite and Fungi","floor":25,"turns":7},{"damage":0,"enemies":"Snake Plant","floor":28,"turns":5},{"damage":25,"enemies":"Book of Stabbing","floor":30,"turns":6},{"damage":47,"enemies":"Automaton","floor":33,"turns":10}],"seed_played":"-3535300519007451223","potions_obtained":[{"floor":1,"key":"DistilledChaos"},{"floor":3,"key":"Ancient Potion"},{"floor":13,"key":"FairyPotion"},{"floor":16,"key":"Adrenaline Potion"},{"floor":18,"key":"Block Potion"},{"floor":30,"key":"Energy Potion"}],"is_trial":false,"path_per_floor":["M","?","M","?","M","R","E","M","T","?","M","R","M","M","R","B",null,"M","?","$","M","M","R","$","M","T","?","M","R","E","?","R","B"],"character_chosen":"THE_SILENT","items_purchased":[],"campfire_rested":1,"item_purchase_floors":[],"current_hp_per_floor":[53,53,52,41,39,39,23,23,23,23,23,23,23,16,16,19,58,56,56,56,56,55,55,55,45,45,45,45,45,20,20,41,0,0],"gold":303,"neow_bonus":"UPGRADE_CARD","is_daily":false,"chose_seed":false,"campfire_upgraded":5,"win_rate":0.0,"timestamp":1609021404,"path_taken":["M","?","M","?","M","R","E","?","T","?","M","R","M","M","R","BOSS","M","?","$","M","M","R","$","M","T","?","M","R","E","?","R","BOSS"],"items_purchased_type":[],"build_version":"2020-12-22","purchased_purges":2,"victory":false,"max_hp_per_floor":[66,66,66,66,66,66,71,71,71,71,71,71,71,71,71,71,71,71,71,71,71,71,71,71,71,71,71,71,71,71,71,71,71,71],"card_choices":[{"not_picked":["Replay:Poison Smokescreen","Infinite Blades"],"picked":"All Out Attack","floor":1},{"not_picked":["Quick Slash","Sucker Punch"],"picked":"PiercingWail","floor":3},{"not_picked":["ReplayTheSpireMod:Tripwire","Hidden Blade"],"picked":"Reflex","floor":5},{"not_picked":["Cloak And Dagger","Underhanded Strike"],"picked":"Calculated Gamble","floor":7},{"not_picked":["Hidden Blade","Blur"],"picked":"Bane","floor":8},{"not_picked":["Accuracy","Toxin Wave"],"picked":"Dagger Throw","floor":11},{"not_picked":["Flying Knee","Backflip"],"picked":"Underhanded Strike","floor":13},{"not_picked":["Dodge and Roll","Dagger Spray"],"picked":"Deadly Poison","floor":14},{"not_picked":["Tools of the Trade","Glass Knife"],"picked":"ReplayTheSpireMod:From All Sides","floor":16},{"not_picked":["Backflip","ReplayTheSpireMod:Shiv Toss","Sucker Punch"],"picked":"SKIP","floor":18},{"not_picked":["Caltrops","Draining Mist"],"picked":"Acrobatics","floor":21},{"not_picked":["Quick Slash","Blur","Heel Hook"],"picked":"SKIP","floor":22},{"not_picked":["Flying Knee","Escape Plan","Outmaneuver"],"picked":"SKIP","floor":25},{"not_picked":["Blur","Deadly Poison","Poisoned Stab"],"picked":"SKIP","floor":28},{"not_picked":["ReplayTheSpireMod:Shiv Toss","Envenom"],"picked":"Noxious Fumes+1","floor":30}],"player_experience":2120703,"relics_obtained":[{"floor":7,"key":"Durian"},{"floor":26,"key":"Replay:Bottled Eggs"},{"floor":30,"key":"Replay:Kaleidoscope"}],"event_choices":[{"damage_healed":0,"gold_gain":0,"player_choice":"Ignored","damage_taken":0,"max_hp_gain":0,"max_hp_loss":0,"event_name":"Liars Game","floor":2,"gold_loss":0},{"damage_healed":0,"gold_gain":75,"player_choice":"Gather Gold","damage_taken":11,"max_hp_gain":0,"max_hp_loss":0,"event_name":"World of Goop","floor":4,"gold_loss":0},{"damage_healed":0,"gold_gain":0,"player_choice":"Grow","damage_taken":0,"max_hp_gain":0,"max_hp_loss":0,"event_name":"Living Wall","floor":10,"gold_loss":0,"cards_upgraded":["Bane"]},{"damage_healed":0,"gold_gain":0,"player_choice":"Simplicity","damage_taken":0,"max_hp_gain":0,"max_hp_loss":0,"event_name":"Back to Basics","floor":19,"gold_loss":0,"cards_upgraded":["Strike_G","Strike_G","Strike_G","Strike_G","Strike_G","Defend_G","Defend_G","Defend_G","Defend_G","Defend_G"]},{"damage_healed":0,"gold_gain":0,"cards_transformed":["Strike_G","Strike_G"],"player_choice":"Became Test Subject","damage_taken":0,"max_hp_gain":0,"max_hp_loss":0,"event_name":"Drug Dealer","floor":27,"gold_loss":0,"cards_obtained":["Prepared","Choke"]},{"damage_healed":0,"gold_gain":0,"player_choice":"Ignored","damage_taken":0,"max_hp_gain":0,"max_hp_loss":0,"event_name":"Vampires","floor":31,"gold_loss":0}],"is_beta":false,"boss_relics":[{"not_picked":["ReplayTheSpireMod:DimensionalGlitch","Coffee Dripper"],"picked":"Runic Pyramid"}],"items_purged_floors":[20,24],"is_endless":false,"potions_floor_spawned":[1,3,13,16,18,30],"killed_by":"Automaton","ascension_level":20}}