{"host":"c5slkkw8hp42e20v","time":1609012764,"event":{"mods":["AchievementEnabler","BaseMod","BetterRewards","Duelist Mod","GifTheSpireLib","Hermit","Highlight Path","Minty Spire (QoL Compilation)","StSLib","The Animator","The Hierophant","The Poker Player"],"gold_per_floor":[10,29,29,41,55,88,88,53,53,16,29,204,204,222,222,317,367,381,401,420,435,350,350,350,350,376,391,423,423,423,441,441,441,441],"floor_reached":33,"playtime":2815,"items_purged":[],"score":294,"play_id":"6320676e-c861-4ea7-8e0e-228455727df8","local_time":"20201226135924","is_ascension_mode":false,"campfire_choices":[{"floor":13,"key":"REST"},{"data":"Armaments","floor":15,"key":"SMITH"},{"floor":24,"key":"REST"},{"floor":30,"key":"REST"},{"floor":32,"key":"REST"}],"circlet_count":0,"master_deck":["Defend_R+1","Defend_R+1","Defend_R+1","Bash","Uppercut","Ghostly Armor","Cleave+1","Sword Boomerang","Body Slam","Spot Weakness+1","Carnage","Metallicize","Armaments+1","Doubt","Thunderclap","Demon Form","Heavy Blade","Rampage","Power Through","Flex+1","Armaments","Twin Strike+1","Dual Wield+1","Bite","Bite","Bite","Bite","Bite","Rage"],"relics":["Burning Blood","Mummified Hand","Bottled Flame","Tiny House","Potion Belt","MutagenicStrength","PreservedInsect","Nunchaku"],"acts_visited":["Exordium","TheCity"],"potions_floor_usage":[19,19,21],"damage_taken":[{"damage":0,"enemies":"Small Slimes","floor":1,"turns":4},{"damage":6,"enemies":"Jaw Worm","floor":2,"turns":3},{"damage":0,"enemies":"2 Louse","floor":4,"turns":3},{"damage":4,"enemies":"2 Fungi Beasts","floor":5,"turns":3},{"damage":39,"enemies":"3 Sentries","floor":6,"turns":6},{"damage":12,"enemies":"Looter","floor":11,"turns":3},{"damage":22,"enemies":"Exordium Wildlife","floor":14,"turns":5},{"damage":46,"enemies":"Slime Boss","floor":16,"turns":12},{"damage":28,"enemies":"Shell Parasite","floor":18,"turns":6},{"damage":0,"enemies":"Chosen","floor":19,"turns":3},{"damage":32,"enemies":"Shelled Parasite and Fungi","floor":20,"turns":7},{"damage":13,"enemies":"Centurion and Healer","floor":21,"turns":6},{"damage":46,"enemies":"3 Cultists","floor":27,"turns":6},{"damage":7,"enemies":"theDuelist:KaibaA2","floor":28,"turns":4},{"damage":45,"enemies":"Snake Plant","floor":31,"turns":6},{"damage":42,"enemies":"Collector","floor":33,"turns":5}],"seed_played":"314381528090725760","potions_obtained":[{"floor":2,"key":"Dexterity Potion"},{"floor":6,"key":"Swift Potion"},{"floor":17,"key":"Energy Potion"},{"floor":20,"key":"DuplicationPotion"},{"floor":27,"key":"SneckoOil"},{"floor":31,"key":"DistilledChaos"}],"is_trial":false,"path_per_floor":["M","M","?","M","M","E","?","?","T","$","M","?","R","M","R","B",null,"M","M","M","M","?","?","R","?","T","M","E","?","R","M","R","B"],"character_chosen":"IRONCLAD","items_purchased":["Metallicize"],"campfire_rested":4,"item_purchase_floors":[10],"current_hp_per_floor":[80,80,80,80,80,47,47,67,67,67,61,61,80,64,64,24,85,63,69,43,36,36,36,61,61,61,21,20,20,37,13,30,0,0],"gold":441,"neow_bonus":"TRANSFORM_TWO_CARDS","is_daily":false,"chose_seed":false,"campfire_upgraded":1,"win_rate":0.0,"timestamp":1609012764,"path_taken":["M","M","?","M","M","E","?","?","T","$","M","?","R","M","R","BOSS","M","M","M","M","?","?","R","?","T","M","E","?","R","M","R","BOSS"],"items_purchased_type":["Card"],"build_version":"2020-12-22","purchased_purges":0,"victory":false,"max_hp_per_floor":[80,80,80,80,80,80,80,80,80,80,80,80,80,80,80,80,85,85,85,85,85,85,85,85,85,85,85,85,59,59,59,59,59,59],"card_choices":[{"not_picked":["Anger","Flex"],"picked":"Cleave","floor":1},{"not_picked":["Fire Breathing","Seeing Red"],"picked":"Sword Boomerang","floor":2},{"not_picked":["Bloodletting","Whirlwind"],"picked":"Body Slam","floor":4},{"not_picked":["Disarm","Combust"],"picked":"Spot Weakness","floor":5},{"not_picked":["Flex","Perfected Strike"],"picked":"Carnage","floor":6},{"not_picked":["Body Slam","Pommel Strike"],"picked":"Armaments","floor":11},{"not_picked":["Clash","Seeing Red"],"picked":"Thunderclap","floor":14},{"not_picked":["Feed","Corruption"],"picked":"Demon Form","floor":16},{"not_picked":["Clothesline","Perfected Strike"],"picked":"Heavy Blade","floor":17},{"not_picked":["Perfected Strike","Anger"],"picked":"Rampage","floor":18},{"not_picked":["Flex","Perfected Strike+1"],"picked":"Power Through","floor":19},{"not_picked":["Pommel Strike","Dark Embrace"],"picked":"Flex+1","floor":20},{"not_picked":["Pommel Strike","Berserk"],"picked":"Armaments","floor":21},{"not_picked":["Shockwave","Armaments"],"picked":"Twin Strike+1","floor":27},{"not_picked":["Perfected Strike","Warcry+1"],"picked":"Dual Wield+1","floor":28},{"not_picked":["Clothesline+1","Second Wind"],"picked":"Rage","floor":31}],"player_experience":11140,"relics_obtained":[{"floor":6,"key":"Mummified Hand"},{"floor":9,"key":"Bottled Flame"},{"floor":26,"key":"PreservedInsect"},{"floor":28,"key":"Nunchaku"}],"event_choices":[{"damage_healed":0,"gold_gain":0,"player_choice":"Ignored","damage_taken":0,"max_hp_gain":0,"max_hp_loss":0,"event_name":"Golden Idol","floor":3,"gold_loss":0},{"damage_healed":0,"gold_gain":0,"player_choice":"Grow","damage_taken":0,"max_hp_gain":0,"max_hp_loss":0,"event_name":"Living Wall","floor":7,"gold_loss":0,"cards_upgraded":["Spot Weakness"]},{"damage_healed":20,"gold_gain":0,"player_choice":"Healed","damage_taken":0,"max_hp_gain":0,"max_hp_loss":0,"event_name":"The Cleric","floor":8,"gold_loss":35},{"damage_healed":0,"gold_gain":175,"player_choice":"AGREE","damage_taken":0,"max_hp_gain":0,"max_hp_loss":0,"event_name":"Liars Game","floor":12,"gold_loss":0,"cards_obtained":["Doubt"]},{"damage_healed":0,"gold_gain":0,"player_choice":"Obtained Relic","damage_taken":0,"relics_obtained":["Potion Belt"],"max_hp_gain":0,"max_hp_loss":0,"event_name":"Addict","floor":22,"gold_loss":85},{"damage_healed":0,"gold_gain":0,"player_choice":"Inject Mutagens","damage_taken":0,"relics_obtained":["MutagenicStrength"],"max_hp_gain":0,"max_hp_loss":0,"event_name":"Drug Dealer","floor":23,"gold_loss":0},{"damage_healed":0,"gold_gain":0,"player_choice":"Simplicity","damage_taken":0,"max_hp_gain":0,"max_hp_loss":0,"event_name":"Back to Basics","floor":25,"gold_loss":0,"cards_upgraded":["Strike_R","Strike_R","Strike_R","Strike_R","Defend_R","Defend_R","Defend_R"]},{"damage_healed":0,"gold_gain":0,"player_choice":"Became a vampire","damage_taken":0,"max_hp_gain":0,"max_hp_loss":26,"event_name":"Vampires","floor":29,"gold_loss":0,"cards_obtained":["Bite","Bite","Bite","Bite","Bite"]}],"is_beta":false,"boss_relics":[{"not_picked":["Sozu","SacredBark"],"picked":"Tiny House"}],"items_purged_floors":[],"is_endless":false,"potions_floor_spawned":[2,6,18,20,27,31],"killed_by":"Collector","ascension_level":0}}