{"host":"kw4o7b3ro2ktmmbe","time":1609026536,"event":{"mods":["BaseMod","Evolution","Minty Spire (QoL Compilation)","StSLib","The Marked","Treasure Hunter"],"gold_per_floor":[331,350,350,94,108,108,142,159,207,222,236,236,257,357,357,457,457,476,163,123,141,158,158,193,209,209,237,237,237,116,145,145,249,249,262,273,70,70,88,88,117,117,117,128,153,183,198,198,198,198,198],"floor_reached":50,"playtime":3787,"items_purged":["theMarked:Strike"],"score":693,"play_id":"d2c24644-c2da-445f-8ddf-d949e24041cb","local_time":"20201227124856","is_ascension_mode":true,"campfire_choices":[{"data":"theMarked:SoldierOfQuellstein","floor":6.0,"key":"SMITH"},{"data":"theMarked:EmpowerWeapon","floor":15.0,"key":"SMITH"},{"floor":23.0,"key":"REST"},{"floor":28.0,"key":"REST"},{"floor":32.0,"key":"RECALL"},{"floor":40.0,"key":"REST"},{"floor":49,"key":"REST"}],"circlet_count":0,"master_deck":["theMarked:BanishingStrike","theMarked:BanishingStrike","theMarked:BanishingStrike","theMarked:Defend","theMarked:Defend","theMarked:Defend","theMarked:SoldierOfQuellstein+1","theMarked:EmpowerWeapon+1","theMarked:WardOff+1","TH:DeckOfManyThings","TH:CursedSword","TH:BikiniMail+1","theMarked:EternalStudent+1","theMarked:Improvise+1","theMarked:EmpowerWeapon+1","TH:DeckOfManyThings","theMarked:SwordAndMagic+1","theMarked:Panic+1","TH:CopperCoins","TH:CursedSword","theMarked:HeritageOfTheMarked+1","TH:ArmorSpikes","TH:TreasureMap","theMarked:SoldierForm+1","theMarked:TakeCover+1","theMarked:Opportunist+1","theMarked:RogueSparks+1","theMarked:DeterminationOfTheMarked+1","TH:DeckOfManyThings","theMarked:SoldierForm+1","Magnetism+1","Blind+1","TH:CursedSword","Doubt","TH:BikiniMail","theMarked:HeritageOfTheMarked+1","TH:ElvenBoots","theMarked:TakeCover+1","theMarked:Improvise+1","Writhe"],"relics":["EVO:Axolotl","theMarked:SpiritSword","Toxic Egg 2","MealTicket","Odd Mushroom","Fusion Hammer","Membership Card","Lantern","Oddly Smooth Stone","theMarked:DemonDagger","Frozen Egg 2","Juzu Bracelet","Meat on the Bone","Anchor","Cursed Key","Pocketwatch","Centennial Puzzle","Letter Opener","Molten Egg 2"],"acts_visited":["Exordium","TheCity","TheBeyond"],"potions_floor_usage":[50,50],"damage_taken":[{"damage":1.0,"enemies":"Cultist","floor":1.0,"turns":3.0},{"damage":0.0,"enemies":"2 Louse","floor":2.0,"turns":2.0},{"damage":0.0,"enemies":"Small Slimes","floor":5.0,"turns":3.0},{"damage":0.0,"enemies":"Gremlin Nob","floor":7.0,"turns":2.0},{"damage":5.0,"enemies":"3 Louse","floor":8.0,"turns":3.0},{"damage":14.0,"enemies":"Exordium Thugs","floor":10.0,"turns":4.0},{"damage":5.0,"enemies":"Lots of Slimes","floor":11.0,"turns":6.0},{"damage":2.0,"enemies":"The Mushroom Lair","floor":13.0,"turns":4.0},{"damage":25.0,"enemies":"Hexaghost","floor":16.0,"turns":5.0},{"damage":7.0,"enemies":"Spheric Guardian","floor":18.0,"turns":4.0},{"damage":4.0,"enemies":"Chosen","floor":21.0,"turns":3.0},{"damage":10.0,"enemies":"Snecko","floor":22.0,"turns":4.0},{"damage":10.0,"enemies":"Gremlin Leader","floor":24.0,"turns":4.0},{"damage":0.0,"enemies":"Centurion and Healer","floor":25.0,"turns":6.0},{"damage":19.0,"enemies":"Book of Stabbing","floor":27.0,"turns":3.0},{"damage":2.0,"enemies":"Slavers","floor":31.0,"turns":2.0},{"damage":14.0,"enemies":"Automaton","floor":33.0,"turns":6.0},{"damage":8.0,"enemies":"3 Darklings","floor":35.0,"turns":3.0},{"damage":0.0,"enemies":"Orb Walker","floor":36.0,"turns":2.0},{"damage":0.0,"enemies":"4 Shapes","floor":39.0,"turns":6.0},{"damage":17.0,"enemies":"Reptomancer","floor":41.0,"turns":4.0},{"damage":3.0,"enemies":"Maw","floor":44.0,"turns":4.0},{"damage":6.0,"enemies":"Giant Head","floor":45.0,"turns":4.0},{"damage":35.0,"enemies":"Sphere and 2 Shapes","floor":46.0,"turns":6.0},{"damage":5,"enemies":"Jaw Worm Horde","floor":47,"turns":4},{"damage":71,"enemies":"Awakened One","floor":50,"turns":3}],"seed_played":"3506116313237917344","potions_obtained":[{"floor":1.0,"key":"LiquidMemories"},{"floor":5.0,"key":"LiquidBronze"},{"floor":11.0,"key":"BlessingOfTheForge"},{"floor":16.0,"key":"LiquidBronze"},{"floor":22.0,"key":"Energy Potion"},{"floor":24.0,"key":"Swift Potion"},{"floor":31.0,"key":"theMarked:ChargePotion"},{"floor":41.0,"key":"SteroidPotion"},{"floor":47,"key":"AttackPotion"}],"is_trial":false,"path_per_floor":["M","M","?","$","M","R","E","M","T","M","M","?","?","?","R","B",null,"M","$","?","M","M","R","E","M","T","E","R","?","$","E","R","B",null,"M","M","$","?","M","R","E","?","T","M","E","M","M","?","R","B"],"character_chosen":"THE_DEFAULT","items_purchased":["Toxic Egg 2","Membership Card","Lantern","Oddly Smooth Stone","Meat on the Bone","Pocketwatch","theMarked:RogueSparks+1"],"campfire_rested":4,"item_purchase_floors":[4,19,19,19,30,37,37],"current_hp_per_floor":[69,69,69,69,69,69,69,64,64,50,45,45,43,43,43,18,70,63,70,70,66,56,70,60,60,60,41,62,62,70,68,68,54,70,62,62,70,70,70,70,53,43,43,40,46,23,30,48,69,0,0],"gold":198,"neow_bonus":"BOSS_RELIC","is_daily":false,"chose_seed":false,"campfire_upgraded":2,"win_rate":0.0,"timestamp":1609026536,"path_taken":["M","M","?","$","?","R","E","M","T","M","M","?","?","?","R","BOSS","M","$","?","?","M","R","E","M","T","E","R","?","$","E","R","BOSS","M","M","$","?","M","R","E","?","T","M","E","M","M","?","R","BOSS"],"items_purchased_type":["Relic","Relic","Relic","Relic","Relic","Relic","Card"],"build_version":"2020-12-22","purchased_purges":1,"victory":false,"max_hp_per_floor":[70,70,70,70,70,70,70,70,70,70,70,70,70,70,70,70,70,70,70,70,70,70,70,70,70,70,70,70,70,70,70,70,70,70,70,70,70,70,70,70,70,70,70,70,70,70,70,70,70,70,70],"card_choices":[{"not_picked":["theMarked:ElectricStrings","theMarked:Overthink","theMarked:ReduceFriction"],"picked":"SKIP","floor":1.0},{"not_picked":["theMarked:WardOff","theMarked:MaelstromOfLightning"],"picked":"theMarked:EmpowerWeapon","floor":2.0},{"not_picked":["theMarked:EnhanceMovement+1","theMarked:BanishingStrike"],"picked":"theMarked:WardOff+1","floor":5.0},{"not_picked":["TH:Mimic"],"picked":"TH:DeckOfManyThings","floor":7.0},{"not_picked":["theMarked:Electrify+1","theMarked:EnhanceMovement+1","theMarked:Static+1"],"picked":"SKIP","floor":7.0},{"not_picked":["theMarked:EnhanceMovement+1","theMarked:WastefulAttack","theMarked:Static+1"],"picked":"SKIP","floor":8.0},{"not_picked":["TH:PixieDust"],"picked":"TH:CursedSword","floor":9.0},{"not_picked":["theMarked:KeepCalmAndFightOn","theMarked:Frustration","theMarked:Overthink+1"],"picked":"SKIP","floor":10.0},{"not_picked":["theMarked:MagicAdept","theMarked:ComboAttacks","theMarked:RepellingDischarge+1"],"picked":"SKIP","floor":11.0},{"not_picked":["TH:EnergyPotion"],"picked":"TH:BikiniMail","floor":16.0},{"not_picked":["theMarked:Challenge+1","theMarked:ThrowWeapon"],"picked":"theMarked:EternalStudent+1","floor":16.0},{"not_picked":["theMarked:RepellingDischarge+1","theMarked:Static+1"],"picked":"theMarked:Improvise+1","floor":18.0},{"not_picked":["theMarked:Reabsorb+1","theMarked:SelfDefenseTraining+1","theMarked:TwofoldDefense+1"],"picked":"SKIP","floor":21.0},{"not_picked":["theMarked:SelfDefenseTraining+1","theMarked:Electrocute"],"picked":"theMarked:EmpowerWeapon+1","floor":22.0},{"not_picked":["TH:Mimic"],"picked":"TH:DeckOfManyThings","floor":24.0},{"not_picked":["theMarked:Improvise+1","theMarked:GodGivenPower"],"picked":"theMarked:SwordAndMagic+1","floor":24.0},{"not_picked":["theMarked:HeightenedSenses+1","theMarked:ResourceFulStrike"],"picked":"theMarked:Panic+1","floor":25.0},{"not_picked":["TH:PixieDust"],"picked":"TH:CopperCoins","floor":26.0},{"not_picked":["TH:DeckOfManyThings"],"picked":"TH:CursedSword","floor":27.0},{"not_picked":["theMarked:SwordAndMagic","theMarked:Defy"],"picked":"theMarked:HeritageOfTheMarked+1","floor":27.0},{"not_picked":["TH:CopperCoins"],"picked":"TH:ArmorSpikes","floor":31.0},{"not_picked":["theMarked:ChainLightning","theMarked:EnhanceMovement+1","theMarked:BanishingStrike"],"picked":"SKIP","floor":31.0},{"not_picked":["TH:ArmorSpikes"],"picked":"TH:TreasureMap","floor":33.0},{"not_picked":["theMarked:Levitate+1","theMarked:FavorableWinds+1"],"picked":"theMarked:SoldierForm+1","floor":33.0},{"not_picked":["theMarked:Aftermath+1","theMarked:ContemptForTheProud+1"],"picked":"theMarked:TakeCover+1","floor":35.0},{"not_picked":["theMarked:Electrocute","theMarked:Frustration+1"],"picked":"theMarked:Opportunist+1","floor":36.0},{"not_picked":["theMarked:SelfDefenseTraining+1","theMarked:MaelstromOfLightning+1"],"picked":"theMarked:DeterminationOfTheMarked+1","floor":39.0},{"not_picked":["TH:PixieDust"],"picked":"TH:DeckOfManyThings","floor":41.0},{"not_picked":["theMarked:ChainLightning","theMarked:KeepCalmAndFightOn+1"],"picked":"theMarked:SoldierForm+1","floor":41.0},{"not_picked":["Enlightenment+1","Impatience+1"],"picked":"Magnetism+1","floor":42.0},{"not_picked":["Trip+1","Forethought+1"],"picked":"Blind+1","floor":42.0},{"not_picked":["Purity+1","TH:ElvenBoots"],"picked":"TH:CursedSword","floor":42.0},{"not_picked":["TH:ElvenBoots"],"picked":"TH:BikiniMail","floor":43.0},{"not_picked":["theMarked:PowerFlow+1","theMarked:Polarize+1"],"picked":"theMarked:HeritageOfTheMarked+1","floor":44.0},{"not_picked":["TH:Mimic"],"picked":"TH:ElvenBoots","floor":45.0},{"not_picked":["theMarked:TwofoldDefense+1","theMarked:GodGivenPower+1","theMarked:RepellingDischarge+1"],"picked":"SKIP","floor":45.0},{"not_picked":["theMarked:Overcharge+1","theMarked:Static+1"],"picked":"theMarked:TakeCover+1","floor":46.0},{"not_picked":["theMarked:ElectricStrings+1","theMarked:Aftermath+1"],"picked":"theMarked:Improvise+1","floor":47}],"player_experience":1789801,"relics_obtained":[{"floor":9.0,"key":"MealTicket"},{"floor":13.0,"key":"Odd Mushroom"},{"floor":24.0,"key":"theMarked:DemonDagger"},{"floor":26.0,"key":"Frozen Egg 2"},{"floor":27.0,"key":"Juzu Bracelet"},{"floor":31.0,"key":"Anchor"},{"floor":41.0,"key":"Centennial Puzzle"},{"floor":43.0,"key":"Letter Opener"},{"floor":45.0,"key":"Molten Egg 2"}],"event_choices":[{"damage_healed":0.0,"max_hp_gain":0.0,"max_hp_loss":0.0,"gold_gain":0.0,"event_name":"Transmorgrifier","player_choice":"Ignored","floor":3.0,"gold_loss":0.0,"damage_taken":0.0},{"cards_removed":["theMarked:Strike"],"damage_healed":0.0,"max_hp_gain":0.0,"max_hp_loss":0.0,"gold_gain":0.0,"event_name":"Living Wall","player_choice":"Forget","floor":12.0,"gold_loss":0.0,"damage_taken":0.0},{"damage_healed":0.0,"max_hp_gain":0.0,"max_hp_loss":0.0,"gold_gain":0.0,"event_name":"Mushrooms","player_choice":"Fought Mushrooms","floor":13.0,"gold_loss":0.0,"damage_taken":0.0},{"damage_healed":0.0,"max_hp_gain":0.0,"max_hp_loss":0.0,"gold_gain":100.0,"event_name":"Wheel of Change","player_choice":"Gold","floor":14.0,"gold_loss":0.0,"damage_taken":0.0},{"damage_healed":0.0,"max_hp_gain":0.0,"max_hp_loss":0.0,"gold_gain":0.0,"event_name":"Designer","player_choice":"Upgrade","floor":20.0,"gold_loss":40.0,"damage_taken":0.0,"cards_upgraded":["TH:BikiniMail"]},{"damage_healed":0.0,"max_hp_gain":0.0,"max_hp_loss":0.0,"gold_gain":0.0,"event_name":"Vampires","player_choice":"Ignored","floor":29.0,"gold_loss":0.0,"damage_taken":0.0},{"cards_removed":["theMarked:Defend"],"damage_healed":0.0,"max_hp_gain":0.0,"max_hp_loss":0.0,"gold_gain":0.0,"event_name":"Falling","player_choice":"Removed Skill","floor":38.0,"gold_loss":0.0,"damage_taken":0.0},{"damage_healed":0.0,"max_hp_gain":0.0,"max_hp_loss":0.0,"gold_gain":0.0,"event_name":"SensoryStone","player_choice":"Memory 3","floor":42.0,"gold_loss":0.0,"damage_taken":10.0},{"damage_healed":18,"gold_gain":0,"player_choice":"Writhe","damage_taken":0,"max_hp_gain":0,"max_hp_loss":0,"event_name":"Winding Halls","floor":48,"gold_loss":0,"cards_obtained":["Writhe"]}],"is_beta":false,"boss_relics":[{"not_picked":["Runic Pyramid","Ectoplasm"],"picked":"Fusion Hammer"},{"not_picked":["Pandora\u0027s Box","Runic Dome"],"picked":"Cursed Key"}],"items_purged_floors":[37],"is_endless":false,"potions_floor_spawned":[1,5,11,16,22,24,31,35,41,47],"killed_by":"Awakened One","ascension_level":1}}