{"host":"31s8hzukbhz1k6i6","time":1609012517,"event":{"mods":["BaseMod","Colored Map","Minty Spire (QoL Compilation)","Relic Stats","UnlockEverythingMod"],"gold_per_floor":[119,132,82,7,7,7,51,51,51,51,87,106,130,169,169,294,294,310,326,326,43,56,95,120,156,156,494,518,538,559,579,579,704,704,728,728,728,797,811,845,527,561,561,592,298,314,354,374,374,374],"floor_reached":51,"playtime":2604,"items_purged":["Strike_P","Strike_P","Defend_P"],"score":1170,"play_id":"22993e71-1433-4213-aa03-b1694e44883d","local_time":"20201226115517","is_ascension_mode":true,"campfire_choices":[{"data":"Eruption","floor":6.0,"key":"SMITH"},{"data":"BowlingBash","floor":8.0,"key":"SMITH"},{"data":"Worship","floor":15.0,"key":"SMITH"},{"floor":32.0,"key":"REST"},{"data":"1","floor":49,"key":"LIFT"}],"circlet_count":0,"master_deck":["Defend_P+1","Eruption+1","Vigilance+1","BowlingBash+1","CutThroughFate+1","Vengeance+1","Worship+1","CutThroughFate+1","Worship+1","LessonLearned+1","Wallop+1","TalkToTheHand+1","ThirdEye+1","CrushJoints+1","Meditate+1","EmptyBody+1","BattleHymn+1","FearNoEvil+1","Blasphemy","MentalFortress+1","Wallop+1","ThirdEye+1","WaveOfTheHand","ThirdEye+1"],"relics":["PureWater","NeowsBlessing","Golden Idol","Blue Candle","PreservedInsect","Shuriken","MealTicket","Toy Ornithopter","Philosopher\u0027s Stone","Membership Card","Centennial Puzzle","Gambling Chip","Ornamental Fan","Pocketwatch","Old Coin","Empty Cage","Lizard Tail","Yang","TungstenRod","Anchor","Singing Bowl","Bottled Tornado","InkBottle","Pen Nib","Medical Kit","Unceasing Top","Girya"],"acts_visited":["Exordium","TheCity","TheBeyond"],"potions_floor_usage":[],"damage_taken":[{"damage":0.0,"enemies":"Jaw Worm","floor":1.0,"turns":1.0},{"damage":0.0,"enemies":"Small Slimes","floor":2.0,"turns":1.0},{"damage":0.0,"enemies":"3 Sentries","floor":7.0,"turns":1.0},{"damage":0.0,"enemies":"Lagavulin","floor":11.0,"turns":3.0},{"damage":0.0,"enemies":"2 Louse","floor":12.0,"turns":2.0},{"damage":4.0,"enemies":"3 Sentries","floor":14.0,"turns":3.0},{"damage":21.0,"enemies":"The Guardian","floor":16.0,"turns":8.0},{"damage":9.0,"enemies":"2 Thieves","floor":18.0,"turns":2.0},{"damage":12.0,"enemies":"3 Byrds","floor":19.0,"turns":4.0},{"damage":0.0,"enemies":"Snecko","floor":22.0,"turns":3.0},{"damage":0.0,"enemies":"Gremlin Leader","floor":23.0,"turns":3.0},{"damage":12.0,"enemies":"Snake Plant","floor":24.0,"turns":2.0},{"damage":28.0,"enemies":"Slavers","floor":25.0,"turns":3.0},{"damage":0.0,"enemies":"Gremlin Leader","floor":27.0,"turns":3.0},{"damage":3.0,"enemies":"Cultist and Chosen","floor":28.0,"turns":4.0},{"damage":0.0,"enemies":"Snecko","floor":29.0,"turns":3.0},{"damage":0.0,"enemies":"Sentry and Sphere","floor":30.0,"turns":2.0},{"damage":0.0,"enemies":"Chosen and Byrds","floor":31.0,"turns":4.0},{"damage":28.0,"enemies":"Automaton","floor":33.0,"turns":6.0},{"damage":4.0,"enemies":"3 Shapes","floor":35.0,"turns":3.0},{"damage":17.0,"enemies":"2 Orb Walkers","floor":38.0,"turns":2.0},{"damage":8.0,"enemies":"3 Darklings","floor":39.0,"turns":3.0},{"damage":0.0,"enemies":"Reptomancer","floor":40.0,"turns":2.0},{"damage":0.0,"enemies":"Nemesis","floor":42.0,"turns":5.0},{"damage":0.0,"enemies":"Reptomancer","floor":44.0,"turns":2.0},{"damage":16,"enemies":"Jaw Worm Horde","floor":46,"turns":6},{"damage":0,"enemies":"Giant Head","floor":47,"turns":4},{"damage":0,"enemies":"Transient","floor":48,"turns":5},{"damage":2,"enemies":"Donu and Deca","floor":50,"turns":7}],"seed_played":"-5789255561113029660","potions_obtained":[{"floor":1.0,"key":"Weak Potion"},{"floor":14.0,"key":"SmokeBomb"},{"floor":18.0,"key":"EssenceOfSteel"},{"floor":19.0,"key":"SneckoOil"},{"floor":25.0,"key":"BlessingOfTheForge"},{"floor":27.0,"key":"Fire Potion"},{"floor":28.0,"key":"SpeedPotion"},{"floor":40.0,"key":"Ancient Potion"},{"floor":42.0,"key":"Ancient Potion"},{"floor":47,"key":"SkillPotion"}],"is_trial":false,"path_per_floor":["M","M","?","$","?","R","E","R","T","?","E","M","T","E","R","B",null,"M","M","?","$","M","E","M","E","T","E","M","M","M","M","R","B",null,"M","?","?","?","M","E","$","E","T","E","$","M","E","M","R","B",null],"character_chosen":"WATCHER","items_purchased":["Membership Card","Centennial Puzzle","ThirdEye","TungstenRod","Anchor","Pen Nib","Medical Kit","Unceasing Top"],"campfire_rested":1,"item_purchase_floors":[21,21,41,41,41,45,45,45],"current_hp_per_floor":[72,72,72,72,67,67,67,67,67,64,64,64,64,60,60,39,67,58,51,51,66,67,67,55,32,32,32,29,29,29,29,49,26,67,63,63,63,46,38,43,58,60,60,60,66,50,52,54,54,52],"gold":374,"neow_bonus":"THREE_ENEMY_KILL","is_daily":false,"chose_seed":false,"campfire_upgraded":3,"win_rate":0.0,"timestamp":1609012517,"path_taken":["M","M","?","$","?","R","E","R","T","?","E","M","?","E","R","BOSS","M","M","?","$","M","E","M","E","T","E","?","M","M","M","R","BOSS","M","?","?","?","M","E","$","E","T","E","$","M","E","M","R","BOSS"],"items_purchased_type":["Relic","Relic","Card","Relic","Relic","Relic","Relic","Relic"],"build_version":"2020-12-22","purchased_purges":3,"victory":true,"max_hp_per_floor":[72,72,72,72,67,67,67,67,67,67,67,67,67,67,67,67,67,67,67,67,67,67,67,67,67,67,67,67,67,67,67,67,67,67,67,64,64,64,64,64,64,66,66,66,66,66,68,70,70,70],"relic_stats":{"Singing Bowl":6,"counters":[29,97],"Golden Idol":213,"Blue Candle":[0],"Yang":[63],"PreservedInsect":481,"Pen Nib":[5],"Medical Kit":[2],"Centennial Puzzle":[27],"Lizard Tail":0,"Shuriken":[42],"Ornamental Fan":[116],"Gambling Chip":[27],"MealTicket":36,"obtain_stats":[{"Singing Bowl":42,"Yang":40,"Bottled Tornado":43,"Empty Cage":34,"Old Coin":27,"Centennial Puzzle":21,"Lizard Tail":38,"Gambling Chip":23,"MealTicket":11,"Philosopher\u0027s Stone":17,"InkBottle":44,"Girya":47,"NeowsBlessing":0,"Golden Idol":5,"Blue Candle":7,"PreservedInsect":9,"Pen Nib":45,"Medical Kit":45,"Anchor":41,"Shuriken":10,"Ornamental Fan":25,"Membership Card":21,"PureWater":0,"Toy Ornithopter":14,"TungstenRod":41,"Unceasing Top":45,"Pocketwatch":26},{"Singing Bowl":24,"Yang":23,"Bottled Tornado":24,"Empty Cage":19,"Old Coin":14,"Centennial Puzzle":9,"Lizard Tail":21,"Gambling Chip":11,"MealTicket":4,"Philosopher\u0027s Stone":7,"InkBottle":25,"Girya":27,"NeowsBlessing":0,"Golden Idol":2,"Blue Candle":3,"PreservedInsect":3,"Pen Nib":25,"Medical Kit":25,"Anchor":23,"Shuriken":3,"Ornamental Fan":13,"Membership Card":9,"PureWater":0,"Toy Ornithopter":6,"TungstenRod":23,"Unceasing Top":25,"Pocketwatch":13},{"Singing Bowl":73,"Yang":68,"Bottled Tornado":73,"Empty Cage":58,"Old Coin":39,"Centennial Puzzle":25,"Lizard Tail":63,"Gambling Chip":31,"MealTicket":6,"Philosopher\u0027s Stone":19,"InkBottle":75,"Girya":85,"NeowsBlessing":0,"Golden Idol":2,"Blue Candle":3,"PreservedInsect":3,"Pen Nib":75,"Medical Kit":75,"Anchor":68,"Shuriken":3,"Ornamental Fan":36,"Membership Card":25,"PureWater":0,"Toy Ornithopter":11,"TungstenRod":68,"Unceasing Top":75,"Pocketwatch":36}],"Toy Ornithopter":21,"TungstenRod":3,"InkBottle":[8],"Unceasing Top":[0],"Pocketwatch":[17]},"card_choices":[{"not_picked":["LikeWater","FollowUp"],"picked":"BowlingBash","floor":1.0},{"not_picked":["ThirdEye","ClearTheMind"],"picked":"CutThroughFate","floor":2.0},{"not_picked":["Halt","FlyingSleeves"],"picked":"Vengeance","floor":7.0},{"not_picked":["FlyingSleeves","EmptyFist"],"picked":"Worship","floor":11.0},{"not_picked":["FlurryOfBlows","Nirvana"],"picked":"CutThroughFate","floor":12.0},{"not_picked":["Consecrate","Devotion"],"picked":"Worship","floor":14.0},{"not_picked":["Judgement","Omniscience"],"picked":"LessonLearned","floor":16.0},{"not_picked":["Conclude","Crescendo"],"picked":"Wallop","floor":18.0},{"not_picked":["Protect","SashWhip"],"picked":"TalkToTheHand","floor":19.0},{"not_picked":["PathToVictory","Prostrate+1"],"picked":"ThirdEye","floor":22.0},{"not_picked":["FollowUp","Protect"],"picked":"CrushJoints","floor":23.0},{"not_picked":["CrushJoints","FollowUp"],"picked":"Meditate","floor":24.0},{"not_picked":["CutThroughFate","Judgement"],"picked":"EmptyBody+1","floor":25.0},{"not_picked":["InnerPeace","BowlingBash","EmptyFist"],"picked":"SKIP","floor":27.0},{"not_picked":["InnerPeace","BowlingBash","EmptyFist"],"picked":"SKIP","floor":27.0},{"not_picked":["EmptyFist+1","SashWhip+1"],"picked":"BattleHymn+1","floor":28.0},{"not_picked":["Judgement","Crescendo","JustLucky"],"picked":"SKIP","floor":29.0},{"not_picked":["WindmillStrike","CarveReality"],"picked":"FearNoEvil+1","floor":30.0},{"not_picked":["FearNoEvil","ForeignInfluence","CutThroughFate"],"picked":"SKIP","floor":31.0},{"not_picked":["MasterReality","ConjureBlade"],"picked":"Blasphemy","floor":33.0},{"not_picked":["JustLucky","Worship+1"],"picked":"MentalFortress+1","floor":35.0},{"not_picked":["FollowUp+1","Consecrate"],"picked":"Wallop+1","floor":39.0},{"not_picked":["BowlingBash+1","Study","Nirvana"],"picked":"SKIP","floor":40.0},{"not_picked":["Crescendo","ThirdEye","LessonLearned"],"picked":"Singing Bowl","floor":42.0},{"not_picked":["Nirvana","Swivel"],"picked":"WaveOfTheHand","floor":44.0},{"not_picked":["BowlingBash+1","Consecrate"],"picked":"ThirdEye+1","floor":46},{"not_picked":["Conclude","SandsOfTime+1","CarveReality"],"picked":"Singing Bowl","floor":47},{"not_picked":["Perseverance+1","Evaluate+1","BattleHymn+1"],"picked":"Singing Bowl","floor":48}],"player_experience":10602,"relics_obtained":[{"floor":7.0,"key":"Blue Candle"},{"floor":9.0,"key":"PreservedInsect"},{"floor":11.0,"key":"MealTicket"},{"floor":14.0,"key":"Toy Ornithopter"},{"floor":23.0,"key":"Gambling Chip"},{"floor":25.0,"key":"Ornamental Fan"},{"floor":26.0,"key":"Pocketwatch"},{"floor":27.0,"key":"Old Coin"},{"floor":38.0,"key":"Lizard Tail"},{"floor":40.0,"key":"Yang"},{"floor":42.0,"key":"Singing Bowl"},{"floor":43.0,"key":"Bottled Tornado"},{"floor":44.0,"key":"InkBottle"},{"floor":47,"key":"Girya"}],"event_choices":[{"cards_removed":["Defend_P"],"damage_healed":0.0,"max_hp_gain":0.0,"max_hp_loss":0.0,"gold_gain":0.0,"event_name":"The Cleric","player_choice":"Card Removal","floor":3.0,"gold_loss":50.0,"damage_taken":0.0},{"damage_healed":0.0,"max_hp_gain":0.0,"max_hp_loss":5.0,"gold_gain":0.0,"event_name":"Golden Idol","player_choice":"Lose Max HP","floor":5.0,"gold_loss":0.0,"damage_taken":0.0,"relics_obtained":["Golden Idol"]},{"damage_healed":0.0,"max_hp_gain":0.0,"max_hp_loss":0.0,"gold_gain":0.0,"event_name":"Scrap Ooze","player_choice":"Success","floor":10.0,"gold_loss":0.0,"damage_taken":3.0,"relics_obtained":["Shuriken"]},{"damage_healed":0.0,"max_hp_gain":0.0,"max_hp_loss":0.0,"gold_gain":0.0,"event_name":"NoteForYourself","player_choice":"Ignored","floor":20.0,"gold_loss":0.0,"damage_taken":0.0},{"damage_healed":0.0,"max_hp_gain":0.0,"max_hp_loss":3.0,"gold_gain":0.0,"event_name":"Winding Halls","player_choice":"Max HP","floor":36.0,"gold_loss":0.0,"damage_taken":0.0},{"cards_removed":["Strike_P"],"damage_healed":0.0,"max_hp_gain":0.0,"max_hp_loss":0.0,"gold_gain":0.0,"event_name":"Falling","player_choice":"Removed Attack","floor":37.0,"gold_loss":0.0,"damage_taken":0.0},{"damage_healed":0.0,"max_hp_gain":0.0,"max_hp_loss":0.0,"gold_gain":0.0,"event_name":"Mysterious Sphere","player_choice":"Fight","floor":38.0,"gold_loss":0.0,"damage_taken":0.0}],"is_beta":false,"boss_relics":[{"not_picked":["Cursed Key","Astrolabe"],"picked":"Philosopher\u0027s Stone"},{"not_picked":["Busted Crown","Velvet Choker"],"picked":"Empty Cage"}],"items_purged_floors":[4,21,41],"is_endless":false,"potions_floor_spawned":[1,14,18,19,25,27,28,30,40,42,47],"ascension_level":1}}