{"host":"hm3ikmf8oxbtqms2","time":1609022923,"event":{"mods":["BaseMod","Best Route Mod","Bestiary","Better Vampires","Block Reminder","Colored Map","Colored Powertips","Curses Come First","DeckTracker","Displayed Cursed Tome","Highlight Path","Minty Spire (QoL Compilation)","Quick Restart","StSLib"],"gold_per_floor":[116,191,210,29,29,29,59,59,140,140,53,228,261,35,35,135,135,153,78,95,95,113,138,138,138],"floor_reached":24,"playtime":1760,"items_purged":[],"score":253,"play_id":"bb0afbdf-b55d-4887-be6c-cc21c6e03e08","local_time":"20201226174843","is_ascension_mode":true,"campfire_choices":[{"data":"Calculated Gamble","floor":6.0,"key":"SMITH"},{"floor":8.0,"key":"REST"},{"data":"Neutralize","floor":10.0,"key":"SMITH"},{"floor":15.0,"key":"REST"}],"circlet_count":0,"master_deck":["Strike_G","Strike_G+1","Strike_G","Strike_G","Strike_G","Defend_G","Defend_G","Defend_G","Defend_G","Defend_G","Survivor","Neutralize+1","Blade Dance","Calculated Gamble+1","Tactician","Flying Knee","Caltrops","Backflip","Finisher","Infinite Blades","After Image","Dash+1","Quick Slash+1","Noxious Fumes","Catalyst","Outmaneuver+1"],"relics":["Tiny House","Bag of Preparation","Question Card","Shuriken","Eternal Feather","Juzu Bracelet","TwistedFunnel","SacredBark","Du-Vu Doll"],"acts_visited":["Exordium","TheCity"],"potions_floor_usage":[23,23],"damage_taken":[{"damage":0.0,"enemies":"Small Slimes","floor":1.0,"turns":4.0},{"damage":0.0,"enemies":"Jaw Worm","floor":3.0,"turns":4.0},{"damage":43.0,"enemies":"Gremlin Nob","floor":7.0,"turns":5.0},{"damage":17.0,"enemies":"Lagavulin","floor":13.0,"turns":4.0},{"damage":51.0,"enemies":"Slime Boss","floor":16.0,"turns":8.0},{"damage":0.0,"enemies":"Chosen","floor":18.0,"turns":4.0},{"damage":21.0,"enemies":"3 Byrds","floor":20.0,"turns":3.0},{"damage":21.0,"enemies":"3 Cultists","floor":22.0,"turns":4.0},{"damage":28,"enemies":"Slavers","floor":23,"turns":3},{"damage":22,"enemies":"Cultist and Chosen","floor":24,"turns":4}],"seed_played":"7207729879082627958","potions_obtained":[{"floor":7.0,"key":"CunningPotion"},{"floor":16.0,"key":"SkillPotion"},{"floor":18.0,"key":"Fire Potion"},{"floor":22.0,"key":"Strength Potion"}],"is_trial":false,"path_per_floor":["M","?","M","$","?","R","E","R","T","R","$","?","E","$","R","B",null,"M","?","M","?","M","E","M"],"character_chosen":"THE_SILENT","items_purchased":["Bag of Preparation","Tactician","Caltrops","Backflip","TwistedFunnel","Infinite Blades"],"campfire_rested":2,"item_purchase_floors":[4,4,11,11,14,14],"current_hp_per_floor":[75,64,64,64,52,52,9,31,31,40,40,40,23,23,57,6,75,75,75,54,54,33,5,0,0],"gold":138,"neow_bonus":"BOSS_RELIC","is_daily":false,"chose_seed":false,"campfire_upgraded":2,"win_rate":0.0,"timestamp":1609022923,"path_taken":["M","?","M","$","?","R","E","R","T","R","$","?","E","?","R","BOSS","M","?","M","?","M","E","M"],"items_purchased_type":["Relic","Card","Card","Card","Relic","Card"],"build_version":"2020-12-22","purchased_purges":0,"victory":false,"max_hp_per_floor":[75,75,75,75,75,75,75,75,75,75,75,75,75,75,75,75,75,75,75,75,75,75,75,75,75],"card_choices":[{"not_picked":["Dagger Spray","Acrobatics"],"picked":"Blade Dance","floor":1.0},{"not_picked":["Tactician","Riddle With Holes"],"picked":"Calculated Gamble","floor":3.0},{"not_picked":["All Out Attack","Burst","Setup"],"picked":"Flying Knee","floor":7.0},{"not_picked":["Outmaneuver","Masterful Stab","Bane"],"picked":"Finisher","floor":13.0},{"not_picked":["Die Die Die","Bullet Time","Doppelganger"],"picked":"After Image","floor":16.0},{"not_picked":["Flechettes","Dodge and Roll","Prepared"],"picked":"Dash+1","floor":18.0},{"not_picked":["Dodge and Roll","Bane","Slice"],"picked":"Quick Slash+1","floor":20.0},{"not_picked":["Bane","PiercingWail+1","Acrobatics"],"picked":"Catalyst","floor":22.0},{"not_picked":["Night Terror","Flechettes","Calculated Gamble"],"picked":"Outmaneuver+1","floor":23}],"player_experience":242087,"relics_obtained":[{"floor":7.0,"key":"Shuriken"},{"floor":9.0,"key":"Eternal Feather"},{"floor":13.0,"key":"Juzu Bracelet"},{"floor":23,"key":"Du-Vu Doll"}],"event_choices":[{"damage_healed":0.0,"max_hp_gain":0.0,"max_hp_loss":0.0,"gold_gain":75.0,"event_name":"World of Goop","player_choice":"Gather Gold","floor":2.0,"gold_loss":0.0,"damage_taken":11.0},{"damage_healed":0.0,"max_hp_gain":0.0,"max_hp_loss":0.0,"gold_gain":0.0,"event_name":"Scrap Ooze","player_choice":"Success","floor":5.0,"gold_loss":0.0,"damage_taken":12.0,"relics_obtained":["Question Card"]},{"damage_healed":0.0,"max_hp_gain":0.0,"max_hp_loss":0.0,"gold_gain":175.0,"event_name":"Liars Game","player_choice":"AGREE","floor":12.0,"gold_loss":0.0,"damage_taken":0.0,"cards_obtained":["Doubt"]},{"cards_removed":["Doubt"],"damage_healed":0.0,"max_hp_gain":0.0,"max_hp_loss":0.0,"gold_gain":0.0,"event_name":"Beggar","player_choice":"Gave Gold","floor":19.0,"gold_loss":75.0,"damage_taken":0.0},{"damage_healed":0.0,"max_hp_gain":0.0,"max_hp_loss":0.0,"gold_gain":0.0,"event_name":"The Library","player_choice":"Read","floor":21.0,"gold_loss":0.0,"damage_taken":0.0,"cards_obtained":["Noxious Fumes"]}],"is_beta":false,"boss_relics":[{"not_picked":["Sozu","Velvet Choker"],"picked":"SacredBark"}],"items_purged_floors":[],"is_endless":false,"potions_floor_spawned":[7,16,18,22],"killed_by":"Cultist and Chosen","ascension_level":3}}