{"host":"rvh455abssmal91i","time":1609008740,"event":{"mods":["AchievementEnabler","Aspiration","BaseMod","Better Third Choice","BetterRewards","Colored Map","Colored Powertips","GifTheSpireLib","Gold Saver","Hermit","Highlight Path","Infinite Spire","Mimic Mod","Minty Spire (QoL Compilation)","Rare Cards Sparkle","Remove Card Discount Mod","Spikes Relics","StSLib","The Cursed","The Necromancer","The Runesmith","The Servant 0.9.4"],"gold_per_floor":[766,786,786,786,804,837,837,837,837,849,849,849,865,880,880,880,880],"floor_reached":16,"playtime":942,"items_purged":[],"score":123,"play_id":"816219de-4f9c-48f0-af83-c3dd1e578413","local_time":"20201226135220","is_ascension_mode":true,"campfire_choices":[{"floor":8,"key":"REST"},{"floor":15,"key":"REST"}],"circlet_count":0,"master_deck":["TheCursedMod:Strike_TheCursed+1","TheCursedMod:Strike_TheCursed","TheCursedMod:Strike_TheCursed","TheCursedMod:Strike_TheCursed+1","TheCursedMod:Defend_TheCursed","TheCursedMod:Defend_TheCursed","TheCursedMod:Defend_TheCursed","TheCursedMod:Defend_TheCursed","TheCursedMod:CursedWand","TheCursedMod:CleanUpWorkshop","TheCursedMod:Dregs","Parasite","TheCursedMod:VitalStrike","TheCursedMod:ManaBullet","TheCursedMod:CursedMace","TheCursedMod:WearCloak","TheCursedMod:Torture","TheCursedMod:AbyssShockwave","TheCursedMod:CursedBoomerang"],"relics":["TheCursedMod:BlackMagic101","Smiling Mask","Peace Pipe","SpikesRelics:DaevaFist"],"acts_visited":["Exordium"],"potions_floor_usage":[6,11],"damage_taken":[{"damage":0,"enemies":"Small Slimes","floor":1,"turns":4},{"damage":1,"enemies":"Jaw Worm","floor":2,"turns":5},{"damage":0,"enemies":"2 Louse","floor":5,"turns":4},{"damage":23,"enemies":"Lagavulin","floor":6,"turns":6},{"damage":21,"enemies":"Lots of Slimes","floor":10,"turns":6},{"damage":0,"enemies":"3 Sentries","floor":11,"turns":1},{"damage":19,"enemies":"Exordium Thugs","floor":13,"turns":6},{"damage":0,"enemies":"Large Slime","floor":14,"turns":5},{"damage":43,"enemies":"Hexaghost","floor":16,"turns":9}],"seed_played":"-8058020404544188426","potions_obtained":[{"floor":1,"key":"ColorlessPotion"},{"floor":5,"key":"SteroidPotion"},{"floor":10,"key":"SmokeBomb"},{"floor":14,"key":"TheCursedMod:DregsPotion"}],"is_trial":false,"path_per_floor":["M","M","?","?","M","E","?","R","T","M","E","?","M","M","R","B"],"character_chosen":"THE_CURSED","items_purchased":[],"campfire_rested":2,"item_purchase_floors":[],"current_hp_per_floor":[75,74,74,75,75,52,37,59,59,38,38,38,19,19,41,0,0],"gold":880,"neow_bonus":"TWO_FIFTY_GOLD","is_daily":false,"chose_seed":false,"campfire_upgraded":0,"win_rate":0.0,"timestamp":1609008740,"path_taken":["M","M","?","?","M","E","?","R","T","M","E","?","M","M","R","BOSS"],"items_purchased_type":[],"build_version":"2020-12-22","purchased_purges":0,"victory":false,"max_hp_per_floor":[75,75,75,75,75,75,75,75,75,75,75,75,75,75,75,75,75],"card_choices":[{"not_picked":["TheCursedMod:BlessingInDisguise","TheCursedMod:Stretching"],"picked":"TheCursedMod:VitalStrike","floor":1},{"not_picked":["TheCursedMod:RapidMovement","TheCursedMod:CircleOfFlame"],"picked":"TheCursedMod:ManaBullet","floor":2},{"not_picked":["TheCursedMod:CircleOfAmplification","TheCursedMod:FuryStrike"],"picked":"TheCursedMod:CursedMace","floor":5},{"not_picked":["TheCursedMod:UltimatePain","TheCursedMod:SoulCrush"],"picked":"TheCursedMod:WearCloak","floor":6},{"not_picked":["TheCursedMod:PrepareRite","TheCursedMod:CursedMace"],"picked":"TheCursedMod:Torture","floor":10},{"not_picked":["TheCursedMod:ReleasedKnowledge","TheCursedMod:CursedSpellbook"],"picked":"TheCursedMod:AbyssShockwave","floor":13},{"not_picked":["TheCursedMod:AbyssShockwave","TheCursedMod:Stretching"],"picked":"TheCursedMod:CursedBoomerang","floor":14}],"player_experience":160181,"relics_obtained":[{"floor":3,"key":"Smiling Mask"},{"floor":6,"key":"Peace Pipe"},{"floor":9,"key":"SpikesRelics:DaevaFist"}],"event_choices":[{"damage_healed":52,"gold_gain":0,"player_choice":"Upgrade","damage_taken":15,"max_hp_gain":0,"max_hp_loss":75,"event_name":"betterThird:BetterShining","floor":7,"gold_loss":0,"cards_upgraded":["TheCursedMod:Strike_TheCursed","TheCursedMod:Strike_TheCursed"]},{"damage_healed":0,"gold_gain":0,"player_choice":"Ignored","damage_taken":0,"max_hp_gain":0,"max_hp_loss":0,"event_name":"Fountain of Cleansing","floor":12,"gold_loss":0}],"is_beta":false,"boss_relics":[],"items_purged_floors":[],"is_endless":false,"potions_floor_spawned":[1,5,10,14],"killed_by":"Hexaghost","ascension_level":2}}