{"host":"cnluwb240fdd52tp","time":1609022324,"event":{"mods":["BaseMod","Colored Map","Minty Spire (QoL Compilation)","Rare Cards Sparkle","StSLib"],"gold_per_floor":[111,126,126,136,136,167,167,196,219,230,259,259,235,252,252,357,357,369,369,380,399,353,353,353],"floor_reached":23,"playtime":4441,"items_purged":[],"score":222,"play_id":"465b1bb9-f737-4ff6-a383-9cbbe6059c25","local_time":"20201226233844","is_ascension_mode":true,"campfire_choices":[{"data":"Feel No Pain","floor":7,"key":"SMITH"},{"floor":12,"key":"REST"},{"data":"Berserk","floor":15,"key":"SMITH"}],"circlet_count":0,"master_deck":["Strike_R","Strike_R","Strike_R","Strike_R","Defend_R","Defend_R","Defend_R+1","Defend_R","Bash","Shrug It Off+1","Feel No Pain+1","Berserk+1","True Grit","Burning Pact","Immolate","Feel No Pain","Power Through+1","Barricade","Feel No Pain","Warcry+1","Pommel Strike"],"relics":["Black Blood","NeowsBlessing","Blood Vial","War Paint","Toy Ornithopter","Toxic Egg 2"],"acts_visited":["Exordium","TheCity"],"potions_floor_usage":[6,6,8,11],"damage_taken":[{"damage":0,"enemies":"Cultist","floor":1,"turns":1},{"damage":0,"enemies":"2 Louse","floor":2,"turns":1},{"damage":0,"enemies":"Jaw Worm","floor":4,"turns":1},{"damage":35,"enemies":"Gremlin Nob","floor":6,"turns":5},{"damage":12,"enemies":"3 Sentries","floor":8,"turns":14},{"damage":25,"enemies":"Lots of Slimes","floor":10,"turns":8},{"damage":31,"enemies":"Gremlin Nob","floor":11,"turns":5},{"damage":5,"enemies":"3 Louse","floor":14,"turns":2},{"damage":26,"enemies":"Slime Boss","floor":16,"turns":16},{"damage":24,"enemies":"Shell Parasite","floor":18,"turns":11},{"damage":42,"enemies":"Spheric Guardian","floor":20,"turns":17},{"damage":23,"enemies":"Snake Plant","floor":21,"turns":12},{"damage":30,"enemies":"Gremlin Leader","floor":23,"turns":5}],"seed_played":"2255239035334730970","potions_obtained":[{"floor":2,"key":"Fruit Juice"},{"floor":4,"key":"BlessingOfTheForge"},{"floor":6,"key":"BlessingOfTheForge"},{"floor":10,"key":"Ancient Potion"},{"floor":14,"key":"SteroidPotion"},{"floor":16,"key":"SpeedPotion"},{"floor":18,"key":"DuplicationPotion"},{"floor":19,"key":"EntropicBrew"},{"floor":20,"key":"EntropicBrew"}],"is_trial":false,"path_per_floor":["M","M","?","M","?","E","R","E","T","M","E","R","?","M","R","B",null,"M","?","M","M","$","E"],"character_chosen":"IRONCLAD","items_purchased":["Pommel Strike"],"campfire_rested":1,"item_purchase_floors":[22],"current_hp_per_floor":[80,80,80,80,80,56,56,52,52,35,17,42,42,45,45,27,85,73,73,45,36,36,8,8],"gold":353,"neow_bonus":"THREE_ENEMY_KILL","is_daily":false,"chose_seed":false,"campfire_upgraded":2,"win_rate":0.0,"timestamp":1609022324,"path_taken":["M","M","?","?","?","E","R","E","T","M","E","R","?","M","R","BOSS","M","?","?","M","$","E"],"items_purchased_type":["Card"],"build_version":"2020-12-22","purchased_purges":0,"victory":false,"max_hp_per_floor":[80,80,80,80,80,85,85,85,85,85,85,85,85,85,85,85,85,85,85,85,85,85,85,85],"card_choices":[{"not_picked":["Cleave","Sever Soul"],"picked":"Shrug It Off","floor":1},{"not_picked":["Pommel Strike","Warcry"],"picked":"Feel No Pain","floor":2},{"not_picked":["Clash","Wild Strike","Rampage"],"picked":"SKIP","floor":4},{"not_picked":["Whirlwind","Headbutt"],"picked":"True Grit","floor":6},{"not_picked":["Cleave","Iron Wave"],"picked":"Burning Pact","floor":8},{"not_picked":["Clothesline","Armaments"],"picked":"Immolate","floor":10},{"not_picked":["Juggernaut","Rage+1"],"picked":"Feel No Pain","floor":11},{"not_picked":["Sword Boomerang","Rupture"],"picked":"Power Through+1","floor":14},{"not_picked":["Brutality","Limit Break+1"],"picked":"Barricade","floor":16},{"not_picked":["Flex+1","Headbutt"],"picked":"Feel No Pain","floor":18},{"not_picked":["Second Wind+1","Wild Strike","Rupture"],"picked":"SKIP","floor":20},{"not_picked":["Clash","Disarm+1"],"picked":"Warcry+1","floor":21}],"player_experience":131818,"relics_obtained":[{"floor":6,"key":"Blood Vial"},{"floor":8,"key":"War Paint"},{"floor":9,"key":"Toy Ornithopter"},{"floor":11,"key":"Toxic Egg 2"}],"event_choices":[{"damage_healed":0,"gold_gain":0,"cards_transformed":["Strike_R"],"player_choice":"Transformed","damage_taken":0,"max_hp_gain":0,"max_hp_loss":0,"event_name":"Transmorgrifier","floor":3,"gold_loss":0,"cards_obtained":["Dropkick"]},{"damage_healed":0,"gold_gain":0,"cards_transformed":["Dropkick"],"player_choice":"Change","damage_taken":0,"max_hp_gain":0,"max_hp_loss":0,"event_name":"Living Wall","floor":5,"gold_loss":0,"cards_obtained":["Berserk"]},{"damage_healed":0,"gold_gain":0,"player_choice":"Left Gold","damage_taken":0,"max_hp_gain":0,"max_hp_loss":0,"event_name":"World of Goop","floor":13,"gold_loss":24},{"damage_healed":0,"gold_gain":0,"player_choice":"Got Potions","damage_taken":0,"max_hp_gain":0,"max_hp_loss":0,"event_name":"Lab","floor":19,"gold_loss":0}],"is_beta":false,"boss_relics":[{"not_picked":["Busted Crown","SlaversCollar"],"picked":"Black Blood"}],"items_purged_floors":[],"is_endless":false,"potions_floor_spawned":[2,4,6,10,14,16,18,20],"killed_by":"Gremlin Leader","ascension_level":1}}