{"host":"ezkqjaqywejtjag1","time":1609011028,"event":{"mods":["BaseMod","Colored Map","Infinite Spire","Minty Spire (QoL Compilation)","StSLib"],"gold_per_floor":[117,43,62,62,72,90,90,117,142,174,186,213,239,251,263,373,385,410,440,452,464,493,505,536,574,586,609,621,649,661,17,17,17,17],"floor_reached":33,"playtime":1117,"items_purged":[],"score":361,"play_id":"4963d388-ea5b-451f-979e-763f34c786af","local_time":"20201226143028","daily_mods":["Hoarder"],"is_ascension_mode":false,"campfire_choices":[{"data":"Neutralize","floor":7,"key":"SMITH"},{"floor":15,"key":"REST"},{"floor":23,"key":"REST"},{"floor":28,"key":"REST"},{"data":"Backstab","floor":32,"key":"SMITH"}],"circlet_count":0,"master_deck":["Strike_G","Strike_G","Strike_G","Strike_G","Strike_G","Defend_G","Defend_G","Defend_G","Defend_G","Defend_G","Survivor","Neutralize+1","Bane","Bane","Bane","Backstab+1","Backstab","Backstab","Quick Slash","Quick Slash","Quick Slash","Finisher","Finisher","Finisher","Deflect","Deflect","Deflect","Poisoned Stab","Poisoned Stab","Poisoned Stab","Backstab","Backstab","Backstab","Dagger Throw","Dagger Throw","Dagger Throw","Envenom","Envenom","Envenom","Slice","Slice","Slice","infinitespire:SevenWalls","infinitespire:SevenWalls","infinitespire:SevenWalls","Noxious Fumes","Noxious Fumes","Noxious Fumes","Slice","Slice","Slice","Deadly Poison","Deadly Poison","Deadly Poison","Slice","Slice","Slice","Adrenaline","Adrenaline","Adrenaline"],"relics":["Ring of the Snake","Odd Mushroom","MawBank","WristBlade","Akabeko","Potion Belt","MutagenicStrength","OrangePellets","StrikeDummy","Paper Crane"],"acts_visited":["Exordium","TheCity"],"potions_floor_usage":[16,16,16,16,16,25,25,33],"damage_taken":[{"damage":0,"enemies":"Jaw Worm","floor":1,"turns":6},{"damage":0,"enemies":"Cultist","floor":3,"turns":2},{"damage":0,"enemies":"2 Louse","floor":5,"turns":1},{"damage":0,"enemies":"Blue Slaver","floor":6,"turns":1},{"damage":14,"enemies":"The Mushroom Lair","floor":8,"turns":3},{"damage":0,"enemies":"Looter","floor":10,"turns":1},{"damage":14,"enemies":"Exordium Thugs","floor":12,"turns":3},{"damage":0,"enemies":"Gremlin Gang","floor":13,"turns":1},{"damage":59,"enemies":"The Guardian","floor":16,"turns":9},{"damage":0,"enemies":"Spheric Guardian","floor":18,"turns":1},{"damage":0,"enemies":"3 Byrds","floor":19,"turns":3},{"damage":9,"enemies":"Shelled Parasite and Fungi","floor":22,"turns":2},{"damage":13,"enemies":"Centurion and Healer","floor":24,"turns":3},{"damage":8,"enemies":"Book of Stabbing","floor":25,"turns":3},{"damage":0,"enemies":"Snake Plant","floor":27,"turns":1},{"damage":10,"enemies":"Sentry and Sphere","floor":29,"turns":3},{"damage":61,"enemies":"Champ","floor":33,"turns":7}],"seed_played":"2657196500449165474","potions_obtained":[{"floor":5,"key":"Block Potion"},{"floor":10,"key":"EntropicBrew"},{"floor":16,"key":"Energy Potion"},{"floor":22,"key":"SkillPotion"},{"floor":24,"key":"Weak Potion"},{"floor":29,"key":"Strength Potion"}],"is_trial":true,"path_per_floor":["M","$","M","?","M","M","R","?","T","M","$","M","M","$","R","B",null,"M","M","?","?","M","R","M","E","T","M","R","M","?","$","R","B"],"character_chosen":"THE_SILENT","items_purchased":["Backstab","OrangePellets","StrikeDummy","Paper Crane"],"campfire_rested":3,"item_purchase_floors":[2,31,31,31],"current_hp_per_floor":[70,70,70,70,70,70,70,56,56,56,56,42,42,42,63,4,70,70,70,52,52,43,64,51,43,43,43,64,54,54,54,54,0,0],"gold":17,"neow_bonus":"","is_daily":false,"chose_seed":false,"campfire_upgraded":2,"win_rate":0.0,"timestamp":1609011028,"path_taken":["M","$","M","?","M","M","R","?","T","M","?","M","?","$","R","BOSS","M","M","?","?","M","R","M","E","T","M","R","M","?","$","R","BOSS"],"items_purchased_type":["Card","Relic","Relic","Relic"],"build_version":"2020-12-22","purchased_purges":0,"victory":false,"max_hp_per_floor":[70,70,70,70,70,70,70,70,70,70,70,70,70,70,70,70,70,70,70,70,70,70,70,70,70,70,70,70,70,70,70,70,70,70],"card_choices":[{"not_picked":["Bouncing Flask","Underhanded Strike"],"picked":"Bane","floor":1},{"not_picked":["Backflip","Underhanded Strike","After Image"],"picked":"SKIP","floor":3},{"not_picked":["Prepared","Calculated Gamble"],"picked":"Quick Slash","floor":5},{"not_picked":["PiercingWail","Choke"],"picked":"Finisher","floor":6},{"not_picked":["Quick Slash","Bane"],"picked":"Deflect","floor":8},{"not_picked":["Deflect","Bouncing Flask"],"picked":"Poisoned Stab","floor":10},{"not_picked":["Noxious Fumes","Caltrops"],"picked":"Backstab","floor":12},{"not_picked":["Heel Hook","Predator"],"picked":"Dagger Throw","floor":13},{"not_picked":["Corpse Explosion","Die Die Die"],"picked":"Envenom","floor":16},{"not_picked":["Blade Dance","Dagger Throw"],"picked":"Slice","floor":18},{"not_picked":["Backflip+1","Acrobatics","Riddle With Holes"],"picked":"SKIP","floor":19},{"not_picked":["infinitespire:Execution","infinitespire:TheBestDefense"],"picked":"infinitespire:SevenWalls","floor":20},{"not_picked":["Flying Knee","Well Laid Plans"],"picked":"Noxious Fumes","floor":22},{"not_picked":["Blade Dance","Distraction"],"picked":"Slice","floor":24},{"not_picked":["Flying Knee","Escape Plan+1"],"picked":"Deadly Poison","floor":25},{"not_picked":["Quick Slash","Acrobatics"],"picked":"Slice","floor":27},{"not_picked":["Quick Slash+1","Deadly Poison+1"],"picked":"Adrenaline","floor":29}],"player_experience":161966,"relics_obtained":[{"floor":8,"key":"Odd Mushroom"},{"floor":9,"key":"MawBank"},{"floor":25,"key":"Akabeko"},{"floor":26,"key":"Potion Belt"}],"event_choices":[{"damage_healed":0,"gold_gain":0,"player_choice":"Fought Mushrooms","damage_taken":0,"max_hp_gain":0,"max_hp_loss":0,"event_name":"Mushrooms","floor":8,"gold_loss":0},{"damage_healed":0,"gold_gain":0,"player_choice":"Ignored","damage_taken":0,"max_hp_gain":0,"max_hp_loss":0,"event_name":"Beggar","floor":21,"gold_loss":0},{"damage_healed":0,"gold_gain":0,"player_choice":"Inject Mutagens","damage_taken":0,"relics_obtained":["MutagenicStrength"],"max_hp_gain":0,"max_hp_loss":0,"event_name":"Drug Dealer","floor":30,"gold_loss":0}],"is_beta":false,"boss_relics":[{"not_picked":["Snecko Eye","Astrolabe"],"picked":"WristBlade"}],"items_purged_floors":[],"is_endless":false,"potions_floor_spawned":[5,10,16,22,24,29],"killed_by":"Champ","ascension_level":0}}