{"host":"vh33hu3wddwn6yt6","time":1609003480,"event":{"mods":["AchievementEnabler","Act Like it!","Aspiration","BaseMod","Better Altar","Better Match","Better Note","Better Sensory Stone","Better Skull","Better Third Choice","BetterRewards","Downfall","Hermit","Hubris","Infinite Spire","Minty Spire (QoL Compilation)","Permanent Neow","Replay The Spire","Shade Mod","Shop Mod","Spicy Shops","StSLib","SuperFastMode","The Blackbeard","The Necromancer","The Runesmith","The Servant 0.9.4","TheBandit","Wandering Minibosses"],"gold_per_floor":[116,116,126,136,154,189,189,201,226,226,249,249,249,249,249,276,276,380,380,397,409,409,409,409,441,441,467,493,506,506,506,704,718,718,813,813,826,884,884,884,896,923,1169,1186,1186,1186,1220,1220,1254,1254,1254,1254],"floor_reached":53,"playtime":1938,"items_purged":[],"score":1039,"play_id":"41a037bf-c054-4da5-af96-4205c4803ead","local_time":"20201226182440","is_ascension_mode":true,"campfire_choices":[{"data":"Runesmith:Reinforce","floor":7,"key":"SMITH"},{"data":"Runesmith:PoweredAnvil","floor":10,"key":"SMITH"},{"data":"Runesmith:Fortify","floor":15,"key":"SMITH"},{"data":"Runesmith:GrandSlam","floor":26,"key":"SMITH"},{"floor":30,"key":"REST"},{"floor":34,"key":"REST"},{"floor":46,"key":"REST"},{"data":"Runesmith:CreatorForm","floor":46,"key":"SMITH"},{"floor":48,"key":"REST"},{"data":"Runesmith:FrozenChisel","floor":48,"key":"SMITH"},{"floor":51,"key":"REST"},{"data":"Runesmith:Strike_RS","floor":51,"key":"SMITH"}],"circlet_count":0,"master_deck":["Replay:SS_hec_2+1","Runesmith:Strike_RS+1","Runesmith:Strike_RS","Runesmith:Strike_RS","Runesmith:Defend_RS","Runesmith:Defend_RS","Runesmith:Defend_RS","Runesmith:Defend_RS","Runesmith:CraftFirestone+1","Runesmith:Fortify+1","Runesmith:PoweredAnvil+1","Runesmith:Reinforce+1","Runesmith:FrozenChisel+1","Runesmith:GrandSlam+1","Runesmith:Reinforce+1","Runesmith:CreatorForm+1","Runesmith:PoweredAnvil+1"],"relics":["Runesmith:BrokenRuby","Bag of Marbles","Bird Faced Urn","ReplayTheSpireMod:TigerMarble","aspiration:FetidBarrel","Art of War","Sozu","aspiration:RitualDagger","Lizard Tail","infinitespire:Satchel","aspiration:FrozenJewel","War Paint","hubris:HollowSoul","Gremlin Food","hubris:MedicalManual","StoneCalendar","infinitespire:Magic Flask","wanderingMiniBosses:LockLocket","infinitespire:Broken Mirror","hubris:ToyBattleship","aspiration:TomeofQuesting"],"acts_visited":["Exordium","TheCity","TheBeyond"],"potions_floor_usage":[6,6,32,32,35],"damage_taken":[{"damage":0,"enemies":"Jaw Worm","floor":1,"turns":4},{"damage":0,"enemies":"Cultist","floor":3,"turns":4},{"damage":15,"enemies":"infinitespire:Voidling","floor":4,"turns":6},{"damage":0,"enemies":"Exordium Wildlife","floor":5,"turns":5},{"damage":0,"enemies":"Gremlin Nob","floor":6,"turns":6},{"damage":3,"enemies":"Looter","floor":8,"turns":5},{"damage":7,"enemies":"Exordium Thugs","floor":11,"turns":6},{"damage":0,"enemies":"Lagavulin","floor":16,"turns":6},{"damage":17,"enemies":"Hexaghost","floor":18,"turns":10},{"damage":0,"enemies":"Chosen","floor":20,"turns":2},{"damage":0,"enemies":"Shell Parasite","floor":21,"turns":4},{"damage":26,"enemies":"Gremlin Leader","floor":25,"turns":7},{"damage":15,"enemies":"Replay:Snechameleon","floor":27,"turns":5},{"damage":3,"enemies":"Shelled Parasite and Fungi","floor":29,"turns":1},{"damage":40,"enemies":"3 Cultists","floor":32,"turns":8},{"damage":15,"enemies":"Cultist and Chosen","floor":33,"turns":5},{"damage":52,"enemies":"hubris:MusketHawk","floor":35,"turns":9},{"damage":14,"enemies":"Orb Walker","floor":37,"turns":3},{"damage":22,"enemies":"3 Darklings","floor":41,"turns":3},{"damage":13,"enemies":"Nemesis","floor":42,"turns":6},{"damage":21,"enemies":"Mind Bloom Boss Battle","floor":43,"turns":7},{"damage":19,"enemies":"4 Shapes","floor":44,"turns":5},{"damage":15,"enemies":"R_Hoarder","floor":47,"turns":5},{"damage":24,"enemies":"Giant Head","floor":49,"turns":8},{"damage":28,"enemies":"Time Eater","floor":52,"turns":7}],"seed_played":"-5748342483044232629","potions_obtained":[{"floor":1,"key":"SpeedPotion"},{"floor":3,"key":"PowerPotion"},{"floor":5,"key":"champ:CounterPotion"},{"floor":8,"key":"Ancient Potion"},{"floor":16,"key":"LifebloodPotion"}],"is_trial":false,"path_per_floor":["M","?","M","M","M","E","R","M","T","R","M","PTL","PTL","T","R","E","R","B",null,"M","M","AVR","?","?","E","R","E","T","M","R","?","M","M","R","B",null,"M","?","?","AVR","M","E","?","M","T","R","E","R","E","?","R","B",null],"character_chosen":"RUNESMITH_CLASS","items_purchased":[],"campfire_rested":5,"item_purchase_floors":[],"current_hp_per_floor":[77,77,77,69,69,69,69,70,70,70,67,67,67,67,67,71,76,63,82,82,82,82,82,82,60,60,49,49,48,72,72,36,25,49,3,82,70,70,70,70,48,41,26,13,13,36,27,50,32,32,55,35],"gold":1254,"neow_bonus":"TEN_PERCENT_HP_BONUS","is_daily":false,"chose_seed":false,"campfire_upgraded":7,"win_rate":0.0,"timestamp":1609003480,"path_taken":["M","?","?","M","?","E","R","M","T","R","M","PTL","PTL","?","R","E","R","BOSS","M","M","AVR","?","?","E","R","E","T","M","R","?","?","M","R","BOSS","M","?","?","AVR","M","E","?","M","T","R","E","R","E","?","R","BOSS"],"items_purchased_type":[],"build_version":"2020-12-22","purchased_purges":0,"victory":true,"max_hp_per_floor":[77,77,77,77,77,77,77,77,77,77,77,77,77,77,77,77,82,82,82,82,82,82,82,82,82,82,82,82,82,82,82,82,82,82,82,82,82,82,78,78,78,78,78,78,78,78,78,78,78,78,78,78],"card_choices":[{"not_picked":["Runesmith:Retool","Runesmith:CraftObretio"],"picked":"Runesmith:PoweredAnvil","floor":1},{"not_picked":["Runesmith:EnergizedChisel","Runesmith:Retool","Runesmith:CraftSpiculum"],"picked":"SKIP","floor":3},{"not_picked":["Runesmith:HammerThrow","Runesmith:UnstableHammer"],"picked":"Runesmith:Reinforce","floor":4},{"not_picked":["Runesmith:EarthShield","Runesmith:Repurpose","Runesmith:Malloc"],"picked":"SKIP","floor":5},{"not_picked":["Runesmith:HammerAndChisel","Runesmith:CraftVitae","Runesmith:CraftMagma"],"picked":"SKIP","floor":6},{"not_picked":["Runesmith:HeatExchange","Runesmith:UnstableHammer"],"picked":"Runesmith:FrozenChisel","floor":8},{"not_picked":["Runesmith:ChiselStab","Runesmith:CraftProtectio","Runesmith:RuneHurl"],"picked":"SKIP","floor":11},{"not_picked":["Runesmith:HeatExchange","Runesmith:ShiftingStrike"],"picked":"Runesmith:GrandSlam","floor":16},{"not_picked":["Runesmith:RuneHurl+1","Runesmith:Terraform"],"picked":"Runesmith:Reinforce","floor":20},{"not_picked":["Runesmith:Superposition","Runesmith:StaticCage","Runesmith:GoWithTheFlow"],"picked":"SKIP","floor":21},{"not_picked":["Runesmith:Overpower","Runesmith:HeatExchange","Runesmith:Augment+1"],"picked":"SKIP","floor":25},{"not_picked":["Runesmith:StaticCage","Runesmith:Repurpose","Runesmith:CraftProtectio"],"picked":"SKIP","floor":27},{"not_picked":["Runesmith:HeatedChisel","Runesmith:Malloc+1","Runesmith:HammerThrow"],"picked":"SKIP","floor":29},{"not_picked":["Runesmith:ChargedHammer","Runesmith:ChiselStab","Runesmith:StaticCage+1"],"picked":"SKIP","floor":32},{"not_picked":["Runesmith:ChiselStab","Runesmith:Electrocute","Runesmith:EarthShield+1"],"picked":"SKIP","floor":33},{"not_picked":["Runesmith:UnlimitedPower","Runesmith:Supernova"],"picked":"Runesmith:CreatorForm","floor":35},{"not_picked":["Runesmith:Accelerate","Runesmith:ChiselStab+1","Runesmith:HeatExchange+1"],"picked":"SKIP","floor":37},{"not_picked":["Runesmith:CraftProtectio","Runesmith:ShiftingStrike","Runesmith:CraftReservo+1"],"picked":"SKIP","floor":41},{"not_picked":["Runesmith:CraftIndustria","aspiration:UnbridledHammer+1","Runesmith:HeatExchange+1"],"picked":"SKIP","floor":42},{"not_picked":["Runesmith:BackupBattery+1","Runesmith:Prism+1","Runesmith:ChiselStab"],"picked":"SKIP","floor":44},{"not_picked":["Runesmith:EarthShield","Runesmith:ChiselStab","Runesmith:Duplicate"],"picked":"SKIP","floor":47},{"not_picked":["Runesmith:MakeshiftArmor+1","Runesmith:Overpower+1","Runesmith:HammerThrow"],"picked":"SKIP","floor":49}],"player_experience":601905,"relics_obtained":[{"floor":2,"key":"Bag of Marbles"},{"floor":6,"key":"Bird Faced Urn"},{"floor":9,"key":"ReplayTheSpireMod:TigerMarble"},{"floor":14,"key":"aspiration:FetidBarrel"},{"floor":16,"key":"Art of War"},{"floor":25,"key":"infinitespire:Satchel"},{"floor":27,"key":"aspiration:FrozenJewel"},{"floor":28,"key":"War Paint"},{"floor":38,"key":"Gremlin Food"},{"floor":42,"key":"StoneCalendar"},{"floor":43,"key":"infinitespire:Magic Flask"},{"floor":43,"key":"wanderingMiniBosses:LockLocket"},{"floor":45,"key":"infinitespire:Broken Mirror"},{"floor":47,"key":"hubris:ToyBattleship"},{"floor":49,"key":"aspiration:TomeofQuesting"}],"event_choices":[{"damage_healed":0,"gold_gain":0,"player_choice":"Relic","damage_taken":0,"max_hp_gain":0,"max_hp_loss":0,"event_name":"Wheel of Change","floor":2,"gold_loss":0},{"damage_healed":0,"gold_gain":0,"player_choice":"Donut","damage_taken":0,"max_hp_gain":5,"max_hp_loss":0,"event_name":"Big Fish","floor":17,"gold_loss":0},{"damage_healed":0,"gold_gain":0,"player_choice":"Ignored","damage_taken":0,"max_hp_gain":0,"max_hp_loss":0,"event_name":"betterNote:BetterNote","floor":23,"gold_loss":0,"cards_obtained":["Defend_S"]},{"cards_removed":["Runesmith:Strike_RS"],"damage_healed":0,"gold_gain":0,"player_choice":"Offered Basic","damage_taken":0,"max_hp_gain":0,"max_hp_loss":0,"event_name":"Bonfire Elementals","floor":31,"gold_loss":0},{"damage_healed":0,"gold_gain":0,"player_choice":"Max HP","damage_taken":0,"max_hp_gain":0,"max_hp_loss":4,"event_name":"Winding Halls","floor":39,"gold_loss":0},{"damage_healed":0,"gold_gain":0,"player_choice":"Fight","damage_taken":0,"max_hp_gain":0,"max_hp_loss":0,"event_name":"MindBloom","floor":43,"gold_loss":0},{"damage_healed":0,"gold_gain":0,"player_choice":"Copied","damage_taken":0,"max_hp_gain":0,"max_hp_loss":0,"event_name":"Duplicator","floor":50,"gold_loss":0,"cards_obtained":["Runesmith:PoweredAnvil"]}],"is_beta":false,"boss_relics":[{"not_picked":["hubris:TerracottaHorce","Ring of Chaos"],"picked":"Sozu"},{"not_picked":["Runesmith:PocketReactor","hubris:Stopwatch"],"picked":"hubris:HollowSoul"}],"items_purged_floors":[],"is_endless":false,"potions_floor_spawned":[1,3,5,8,16,21,27,32,33,41,42,49],"ascension_level":1}}