{"host":"tx5rs9w5gu6e5gf0","time":1609004488,"event":{"mods":["BaseMod","Colored Map","Filter the Spire","Minty Spire (QoL Compilation)","Relic Stats","StSLib"],"gold_per_floor":[125,155,185,197,284,322,349,372,384,409,431,443,484,496,508,520,520],"floor_reached":16,"playtime":675,"items_purged":[],"score":114,"play_id":"4cb2045d-ef40-4697-a03b-bfecff461b0d","local_time":"20201226184128","is_ascension_mode":false,"campfire_choices":[{"floor":12.0,"key":"REST"},{"data":"Seek","floor":15.0,"key":"SMITH"}],"circlet_count":0,"master_deck":["Strike_B","Strike_B","Strike_B","Defend_B","Defend_B","Defend_B","Defend_B","Zap","Dualcast","Genetic Algorithm","Self Repair","Genetic Algorithm","Multi-Cast","Hologram","Go for the Eyes","Seek+1","Ball Lightning","Storm","Leap"],"relics":["Cracked Core","MawBank","Unceasing Top","Boot","Juzu Bracelet","Pear"],"acts_visited":["Exordium"],"potions_floor_usage":[],"damage_taken":[{"damage":1.0,"enemies":"Cultist","floor":1.0,"turns":3.0},{"damage":14.0,"enemies":"Jaw Worm","floor":2.0,"turns":4.0},{"damage":6.0,"enemies":"2 Louse","floor":3.0,"turns":3.0},{"damage":46.0,"enemies":"Lagavulin","floor":6.0,"turns":9.0},{"damage":9.0,"enemies":"Large Slime","floor":7.0,"turns":10.0},{"damage":0.0,"enemies":"Blue Slaver","floor":8.0,"turns":6.0},{"damage":0.0,"enemies":"Looter","floor":10.0,"turns":4.0},{"damage":5.0,"enemies":"3 Louse","floor":11.0,"turns":3.0},{"damage":40.0,"enemies":"Gremlin Nob","floor":13.0,"turns":5.0},{"damage":35,"enemies":"Slime Boss","floor":16,"turns":3}],"seed_played":"-5903478252712580585","potions_obtained":[{"floor":3.0,"key":"PotionOfCapacity"},{"floor":6.0,"key":"Ancient Potion"},{"floor":10.0,"key":"Dexterity Potion"}],"is_trial":false,"path_per_floor":["M","M","M","?","?","E","M","M","T","M","M","R","E","?","R","B"],"character_chosen":"DEFECT","items_purchased":[],"campfire_rested":1,"item_purchase_floors":[],"current_hp_per_floor":[74,60,61,61,50,11,9,16,16,23,25,47,14,21,21,0,0],"gold":520,"neow_bonus":"RANDOM_COMMON_RELIC","is_daily":false,"chose_seed":false,"campfire_upgraded":1,"win_rate":0.0,"timestamp":1609004488,"path_taken":["M","M","?","?","?","E","M","M","T","M","M","R","E","?","R","BOSS"],"items_purchased_type":[],"build_version":"2020-12-22","purchased_purges":0,"victory":false,"max_hp_per_floor":[75,75,75,75,75,75,75,75,75,75,75,75,75,85,85,85,85],"relic_stats":{"counters":[10,50],"Juzu Bracelet":0,"MawBank":192,"Boot":[8],"obtain_stats":[{"Pear":14,"Juzu Bracelet":13,"Cracked Core":0,"MawBank":0,"Boot":9,"Unceasing Top":6},{"Pear":9,"Juzu Bracelet":9,"Cracked Core":0,"MawBank":0,"Boot":6,"Unceasing Top":4},{"Pear":47,"Juzu Bracelet":47,"Cracked Core":0,"MawBank":0,"Boot":35,"Unceasing Top":19}],"Unceasing Top":[0]},"card_choices":[{"not_picked":["Redo","Streamline"],"picked":"Genetic Algorithm","floor":1.0},{"not_picked":["Conserve Battery","Redo"],"picked":"Self Repair","floor":2.0},{"not_picked":["Stack","Double Energy"],"picked":"Genetic Algorithm","floor":3.0},{"not_picked":["Steam Power","Leap"],"picked":"Hologram","floor":6.0},{"not_picked":["Hologram","Melter"],"picked":"Go for the Eyes","floor":7.0},{"not_picked":["Beam Cell","Streamline"],"picked":"Seek","floor":8.0},{"not_picked":["Steam","Barrage"],"picked":"Ball Lightning","floor":10.0},{"not_picked":["Redo","Barrage"],"picked":"Storm","floor":11.0},{"not_picked":["Streamline","Barrage"],"picked":"Leap","floor":13.0}],"player_experience":6430,"relics_obtained":[{"floor":6.0,"key":"Unceasing Top"},{"floor":9.0,"key":"Boot"},{"floor":13.0,"key":"Juzu Bracelet"}],"event_choices":[{"damage_healed":0.0,"max_hp_gain":0.0,"max_hp_loss":0.0,"gold_gain":0.0,"cards_transformed":["Strike_B"],"event_name":"Living Wall","player_choice":"Change","floor":4.0,"gold_loss":0.0,"damage_taken":0.0,"cards_obtained":["Multi-Cast"]},{"damage_healed":0.0,"max_hp_gain":0.0,"max_hp_loss":0.0,"gold_gain":75.0,"event_name":"World of Goop","player_choice":"Gather Gold","floor":5.0,"gold_loss":0.0,"damage_taken":11.0},{"damage_healed":0.0,"max_hp_gain":0.0,"max_hp_loss":0.0,"gold_gain":0.0,"event_name":"Scrap Ooze","player_choice":"Success","floor":14.0,"gold_loss":0.0,"damage_taken":3.0,"relics_obtained":["Pear"]}],"is_beta":false,"boss_relics":[],"items_purged_floors":[],"is_endless":false,"potions_floor_spawned":[3,6,10,11,13],"killed_by":"Slime Boss","ascension_level":0}}