{"host":"svab9sudlrudptws","time":1609014812,"event":{"mods":["BaseMod","Colored Powertips","Minty Spire (QoL Compilation)","Robot Space Explorer","Shade Mod","StSLib","The Blackbeard","The Mystic","The Necromancer","The Poker Player","The Servant 0.9.4"],"gold_per_floor":[112,123,123,135,152,178,140,154,179,179,205,215,215,233,233,333,333,350,108,108,124,39,39,39],"floor_reached":23,"playtime":1696,"items_purged":[],"score":279,"play_id":"72d0c3ad-ea64-4f98-b1c1-67fb14885e3e","local_time":"20201226223332","is_ascension_mode":true,"campfire_choices":[{"floor":10,"key":"REST"},{"floor":15,"key":"REST"}],"circlet_count":0,"master_deck":["RobotSpaceExplorer:Defend","RobotSpaceExplorer:Defend","RobotSpaceExplorer:Defend","RobotSpaceExplorer:Defend","RobotSpaceExplorer:Scan","RobotSpaceExplorer:MiniLasers","Transmutation","RobotSpaceExplorer:StarLightning","RobotSpaceExplorer:FrostMissile","RobotSpaceExplorer:Reload","RobotSpaceExplorer:Probe","RobotSpaceExplorer:StarLightning","RobotSpaceExplorer:GearShield","RobotSpaceExplorer:ExhaustFan","RobotSpaceExplorer:Multitool","Bite","Bite","Bite","Bite","Bite"],"relics":["RobotSpaceExplorer:TurboCore","Letter Opener","Bag of Preparation","Regal Pillow","Art of War","Kunai","Vajra"],"acts_visited":["Exordium","TheCity"],"potions_floor_usage":[11,11,16,18],"damage_taken":[{"damage":9,"enemies":"Jaw Worm","floor":1,"turns":6},{"damage":15,"enemies":"2 Louse","floor":2,"turns":3},{"damage":0,"enemies":"Small Slimes","floor":4,"turns":4},{"damage":2,"enemies":"Red Slaver","floor":5,"turns":3},{"damage":26,"enemies":"Gremlin Nob","floor":6,"turns":4},{"damage":7,"enemies":"Exordium Wildlife","floor":8,"turns":3},{"damage":17,"enemies":"3 Sentries","floor":11,"turns":5},{"damage":0,"enemies":"3 Louse","floor":12,"turns":2},{"damage":0,"enemies":"Blue Slaver","floor":14,"turns":3},{"damage":35,"enemies":"Slime Boss","floor":16,"turns":11},{"damage":1,"enemies":"2 Thieves","floor":18,"turns":4},{"damage":22,"enemies":"Spheric Guardian","floor":21,"turns":5},{"damage":30,"enemies":"Gremlin Leader","floor":23,"turns":3}],"seed_played":"-1190400960463856568","potions_obtained":[{"floor":5,"key":"SneckoOil"},{"floor":6,"key":"ColorlessPotion"},{"floor":12,"key":"SkillPotion"},{"floor":16,"key":"DistilledChaos"}],"is_trial":false,"path_per_floor":["M","M","?","M","M","E","?","M","T","R","E","M","?","M","R","B",null,"M","$","?","M","?","E"],"character_chosen":"RobotSpaceExplorer","items_purchased":["Kunai"],"campfire_rested":2,"item_purchase_floors":[19],"current_hp_per_floor":[59,44,37,37,35,9,9,2,2,22,5,5,5,5,40,5,52,51,51,47,27,27,0,0],"gold":39,"neow_bonus":"RANDOM_COLORLESS_2","is_daily":false,"chose_seed":false,"campfire_upgraded":0,"win_rate":0.0,"timestamp":1609014812,"path_taken":["M","M","?","M","M","E","?","M","T","R","E","M","?","M","R","BOSS","M","$","?","M","?","E"],"items_purchased_type":["Relic"],"build_version":"2020-12-22","purchased_purges":0,"victory":false,"max_hp_per_floor":[68,68,68,68,68,68,68,68,68,68,68,68,68,68,68,68,68,68,68,47,47,47,47,47],"card_choices":[{"not_picked":["Violence","Thinking Ahead"],"picked":"Transmutation","floor":0},{"not_picked":["RobotSpaceExplorer:FranticSearch","RobotSpaceExplorer:Pulsar","RobotSpaceExplorer:Ammunition"],"picked":"SKIP","floor":1},{"not_picked":["RobotSpaceExplorer:FrostMissile","RobotSpaceExplorer:SurgingShield"],"picked":"RobotSpaceExplorer:StarLightning","floor":2},{"not_picked":["RobotSpaceExplorer:Ammunition","RobotSpaceExplorer:ShockKick"],"picked":"RobotSpaceExplorer:FrostMissile","floor":4},{"not_picked":["RobotSpaceExplorer:LaserBurst","RobotSpaceExplorer:SurgingStrike"],"picked":"RobotSpaceExplorer:Reload","floor":5},{"not_picked":["RobotSpaceExplorer:ImprovisedAttack","RobotSpaceExplorer:StunGrenade"],"picked":"RobotSpaceExplorer:Probe","floor":6},{"not_picked":["RobotSpaceExplorer:LaserBurst","RobotSpaceExplorer:SwiftStep","RobotSpaceExplorer:Electroshield"],"picked":"SKIP","floor":8},{"not_picked":["RobotSpaceExplorer:SwiftStep","RobotSpaceExplorer:ImprovisedAttack"],"picked":"RobotSpaceExplorer:StarLightning","floor":11},{"not_picked":["RobotSpaceExplorer:SurgingStrike","RobotSpaceExplorer:Ammunition"],"picked":"RobotSpaceExplorer:GearShield","floor":12},{"not_picked":["RobotSpaceExplorer:FranticSearch","RobotSpaceExplorer:Counterblock"],"picked":"RobotSpaceExplorer:ExhaustFan","floor":14},{"not_picked":["RobotSpaceExplorer:ShockMissile","RobotSpaceExplorer:Explosion"],"picked":"RobotSpaceExplorer:Multitool","floor":16},{"not_picked":["RobotSpaceExplorer:FrostMissile","RobotSpaceExplorer:StunGrenade","RobotSpaceExplorer:SlimeMissile"],"picked":"SKIP","floor":18},{"not_picked":["RobotSpaceExplorer:FrostMissile","RobotSpaceExplorer:SwiftStep","RobotSpaceExplorer:RigExplosive"],"picked":"SKIP","floor":21}],"player_experience":1651153,"relics_obtained":[{"floor":6,"key":"Letter Opener"},{"floor":9,"key":"Bag of Preparation"},{"floor":11,"key":"Regal Pillow"}],"event_choices":[{"cards_removed":["RobotSpaceExplorer:Strike"],"damage_healed":0,"gold_gain":0,"player_choice":"Card Removal","damage_taken":7,"max_hp_gain":0,"max_hp_loss":0,"event_name":"Golden Wing","floor":3,"gold_loss":0},{"damage_healed":0,"gold_gain":0,"player_choice":"Left Gold","damage_taken":0,"max_hp_gain":0,"max_hp_loss":0,"event_name":"World of Goop","floor":7,"gold_loss":38},{"damage_healed":0,"gold_gain":0,"player_choice":"Searched \u00271\u0027 times","damage_taken":0,"relics_obtained":["Art of War"],"max_hp_gain":0,"max_hp_loss":0,"event_name":"Dead Adventurer","floor":13,"gold_loss":0},{"damage_healed":0,"gold_gain":0,"player_choice":"Became a vampire","damage_taken":0,"max_hp_gain":0,"max_hp_loss":21,"event_name":"Vampires","floor":20,"gold_loss":0,"cards_obtained":["Bite","Bite","Bite","Bite","Bite"]},{"damage_healed":0,"gold_gain":0,"player_choice":"Obtained Relic","damage_taken":0,"relics_obtained":["Vajra"],"max_hp_gain":0,"max_hp_loss":0,"event_name":"Addict","floor":22,"gold_loss":85}],"is_beta":false,"boss_relics":[{"not_picked":["Runic Pyramid","Coffee Dripper"],"picked":"RobotSpaceExplorer:TurboCore"}],"items_purged_floors":[],"is_endless":false,"potions_floor_spawned":[5,6,12,16],"killed_by":"Gremlin Leader","ascension_level":5}}