{"host":"wy23tj84iquxuyyu","time":1609015062,"event":{"mods":["Aspiration","BaseMod","Better Note","Colored Map","Fireblade Mod","Hermit","Marked Mod","Minty Spire (QoL Compilation)","Random Character Button","Rare Cards Sparkle","Relic Stats","Replay The Spire","Retaliation","Spicy Shops","StSLib","The Cursed","The Death Knight","The Necromancer","Trackpad"],"gold_per_floor":[114,129,129,144,157,157,157,175,175,175,175,24,24,42,42,143,143,153,153,166,178,178,209,209,109,109,109,109,109,109,132,132,237,237,255,274,274,324,344,344,358,358,383,383,409,432,89,117,117,117],"floor_reached":51,"playtime":2091,"items_purged":["FireBladeMod:StrikeFireBlade","FireBladeMod:FlamingSword","FireBladeMod:Speed+1"],"score":755,"play_id":"ac3710d5-c85c-4c99-841b-6c799edaf2a6","local_time":"20201226153742","is_ascension_mode":false,"campfire_choices":[{"floor":6,"key":"REST"},{"data":"FireBladeMod:Accelerant","floor":10,"key":"SMITH"},{"floor":13,"key":"REST"},{"floor":15,"key":"REST"},{"floor":24,"key":"REST"},{"data":"FireBladeMod:Flames","floor":30,"key":"SMITH"},{"data":"FireBladeMod:ScorchingStrike","floor":32,"key":"SMITH"},{"data":"FireBladeMod:Flames","floor":40,"key":"SMITH"},{"data":"FireBladeMod:EruptionSlash","floor":42,"key":"SMITH"},{"data":"FireBladeMod:SoulSword","floor":49,"key":"SMITH"}],"circlet_count":0,"master_deck":["FireBladeMod:StrikeFireBlade","FireBladeMod:DefendFireBlade","FireBladeMod:DefendFireBlade","FireBladeMod:DefendFireBlade","FireBladeMod:FireBarrier","FireBladeMod:Shove","FireBladeMod:Accelerant+1","FireBladeMod:ThirdDegree+1","FireBladeMod:ScorchingStrike+1","FireBladeMod:SoulStrike","FireBladeMod:ScorchingStrike+1","FireBladeMod:Ignition+1","FireBladeMod:SoulSword+1","Disarm+1","FireBladeMod:FerventSlash+1","FireBladeMod:Flames+1","FireBladeMod:ScorchingCleave+1","FireBladeMod:Flames+1","Blind","FireBladeMod:ScorchingStrike+1","FireBladeMod:Arson+1","FireBladeMod:EruptionSlash+1","FireBladeMod:SoulSword+1","FireBladeMod:FlashBang+1"],"relics":["FireBladeMod:DuelistLocket","Akabeko","aspiration:HiddenCompartment","trackpad:IceCube","Honey Jar","Eternal Feather","Replay:Ringing Soul","MutagenicStrength","Replay:Baseball","trackpad:Coffee","Mango","CeramicFish","Omamori","ClockworkSouvenir"],"acts_visited":["Exordium","TheCity","TheBeyond"],"potions_floor_usage":[36,50,50,50,50],"damage_taken":[{"damage":0,"enemies":"2 Louse","floor":1,"turns":2},{"damage":0,"enemies":"Small Slimes","floor":2,"turns":2},{"damage":6,"enemies":"Jaw Worm","floor":4,"turns":4},{"damage":5,"enemies":"Exordium Thugs","floor":5,"turns":5},{"damage":9,"enemies":"Large Slime","floor":8,"turns":4},{"damage":0,"enemies":"Looter","floor":14,"turns":3},{"damage":31,"enemies":"Hexaghost","floor":16,"turns":5},{"damage":2,"enemies":"Spheric Guardian","floor":18,"turns":3},{"damage":14,"enemies":"3 Byrds","floor":20,"turns":3},{"damage":21,"enemies":"Shelled Parasite and Fungi","floor":21,"turns":4},{"damage":18,"enemies":"Book of Stabbing","floor":23,"turns":4},{"damage":13,"enemies":"Champ","floor":33,"turns":6},{"damage":0,"enemies":"3 Shapes","floor":35,"turns":4},{"damage":16,"enemies":"3 Darklings","floor":36,"turns":4},{"damage":0,"enemies":"Mind Bloom Boss Battle","floor":38,"turns":3},{"damage":3,"enemies":"Maw","floor":39,"turns":5},{"damage":0,"enemies":"Transient","floor":41,"turns":5},{"damage":0,"enemies":"3 Darklings","floor":45,"turns":3},{"damage":14,"enemies":"Writhing Mass","floor":48,"turns":3},{"damage":81,"enemies":"Awakened One","floor":50,"turns":9}],"seed_played":"-8752665276000228408","potions_obtained":[{"floor":2,"key":"Strength Potion"},{"floor":5,"key":"Reflective Coating"},{"floor":8,"key":"Ancient Potion"},{"floor":18,"key":"Swift Potion"},{"floor":21,"key":"Ancient Potion"},{"floor":23,"key":"SpeedPotion"},{"floor":35,"key":"SteroidPotion"},{"floor":36,"key":"BlessingOfTheForge"}],"is_trial":false,"path_per_floor":["M","M","?","M","M","R","?","M","T","R","?","$","R","M","R","B",null,"M","?","M","M","?","E","R","$","T","?","?","?","R","T","R","B",null,"M","M","?","?","M","R","M","R","T","?","M","T","$","M","R","B",null],"character_chosen":"THE_FIREBLADE","items_purchased":["trackpad:IceCube","ClockworkSouvenir","FireBladeMod:SoulSword"],"campfire_rested":4,"item_purchase_floors":[12,47,47],"current_hp_per_floor":[49,49,49,43,38,59,59,50,50,50,32,32,53,53,70,39,70,68,68,54,33,56,38,68,68,68,47,47,47,56,56,65,55,73,76,60,63,80,80,92,95,102,102,112,115,115,118,107,119,38],"gold":117,"neow_bonus":"TRANSFORM_TWO_CARDS","is_daily":false,"chose_seed":false,"campfire_upgraded":6,"win_rate":0.0,"timestamp":1609015062,"path_taken":["M","M","?","M","M","R","?","M","T","R","?","?","R","?","R","BOSS","M","?","M","M","?","E","R","$","T","?","?","?","R","?","R","BOSS","M","?","?","?","M","R","M","R","T","?","?","?","?","M","R","BOSS"],"items_purchased_type":["Relic","Relic","Card"],"build_version":"2020-12-22","purchased_purges":3,"victory":true,"max_hp_per_floor":[70,70,70,70,70,70,70,70,70,70,70,70,70,70,70,70,70,70,70,70,70,70,70,70,70,70,70,70,70,70,70,70,73,73,76,76,79,96,99,99,102,102,102,112,115,115,118,121,121,121],"relic_stats":{"counters":[20,81],"CeramicFish":27,"Eternal Feather":58,"obtain_stats":[{"trackpad:IceCube":12,"FireBladeMod:DuelistLocket":0,"CeramicFish":43,"Eternal Feather":23,"Mango":38,"Omamori":46,"aspiration:HiddenCompartment":11,"Akabeko":9,"ClockworkSouvenir":47,"trackpad:Coffee":34,"Replay:Ringing Soul":26,"Replay:Baseball":31,"MutagenicStrength":29,"Honey Jar":17},{"trackpad:IceCube":5,"FireBladeMod:DuelistLocket":0,"CeramicFish":17,"Eternal Feather":11,"Mango":15,"Omamori":18,"aspiration:HiddenCompartment":5,"Akabeko":5,"ClockworkSouvenir":18,"trackpad:Coffee":12,"Replay:Ringing Soul":11,"Replay:Baseball":11,"MutagenicStrength":11,"Honey Jar":7},{"trackpad:IceCube":17,"FireBladeMod:DuelistLocket":0,"CeramicFish":66,"Eternal Feather":39,"Mango":56,"Omamori":69,"aspiration:HiddenCompartment":17,"Akabeko":17,"ClockworkSouvenir":69,"trackpad:Coffee":45,"Replay:Ringing Soul":39,"Replay:Baseball":39,"MutagenicStrength":39,"Honey Jar":25}]},"card_choices":[{"not_picked":["FireBladeMod:SpinningSmash","FireBladeMod:Turtle","FireBladeMod:StingingSlash"],"picked":"SKIP","floor":1},{"not_picked":["FireBladeMod:ComboCleave","FireBladeMod:ComboSlashes"],"picked":"FireBladeMod:ThirdDegree","floor":2},{"not_picked":["FireBladeMod:Unbalance","FireBladeMod:WellPrepared","FireBladeMod:Turtle"],"picked":"SKIP","floor":4},{"not_picked":["FireBladeMod:BackhandSwing","FireBladeMod:GetPumped"],"picked":"FireBladeMod:ScorchingStrike","floor":5},{"not_picked":["FireBladeMod:StingingSlash","FireBladeMod:RapidHits"],"picked":"FireBladeMod:SoulStrike","floor":8},{"not_picked":["FireBladeMod:Wildfire","FireBladeMod:Refreshment"],"picked":"FireBladeMod:ScorchingStrike","floor":14},{"not_picked":["FireBladeMod:BodyAsFuel","FireBladeMod:Blitzkreig"],"picked":"FireBladeMod:Ignition","floor":16},{"not_picked":["FireBladeMod:MomentumStrikes","FireBladeMod:ComplexDefense","FireBladeMod:ComplexAttack+1"],"picked":"FireBladeMod:SoulSword+1","floor":18},{"not_picked":["FireBladeMod:ComplexDefense","FireBladeMod:SmashingEndurance","FireBladeMod:OverCharge"],"picked":"FireBladeMod:FerventSlash+1","floor":20},{"not_picked":["FireBladeMod:RollWithTheBlow+1","FireBladeMod:FlashBang","FireBladeMod:ComboSlashes"],"picked":"FireBladeMod:Flames","floor":21},{"not_picked":["FireBladeMod:ComplexDefense","FireBladeMod:Wildfire","FireBladeMod:RollWithTheBlow+1"],"picked":"FireBladeMod:ScorchingCleave","floor":23},{"not_picked":["FireBladeMod:FinalSmash","FireBladeMod:DeathBlade","FireBladeMod:LightningCombo"],"picked":"FireBladeMod:LearnTells","floor":33},{"not_picked":["FireBladeMod:DoubleDash+1","FireBladeMod:ThirstForBlood","FireBladeMod:ComboSlashes"],"picked":"FireBladeMod:Flames","floor":35},{"not_picked":["FireBladeMod:ComboCleave","FireBladeMod:SpinningSmash+1","FireBladeMod:Turtle+1","FireBladeMod:ComplexDefense+1"],"picked":"SKIP","floor":36},{"not_picked":["HandOfGreed","Forethought","Impatience"],"picked":"Blind","floor":37},{"not_picked":["FireBladeMod:ScorchingCleave","FireBladeMod:IronEndurance","FireBladeMod:SpinningSmash"],"picked":"FireBladeMod:ScorchingStrike+1","floor":38},{"not_picked":["FireBladeMod:AdrenalineBoost+1","FireBladeMod:WellPrepared+1","FireBladeMod:ComplexDefense+1"],"picked":"FireBladeMod:Arson+1","floor":39},{"not_picked":["FireBladeMod:SoulStrike","FireBladeMod:ComplexAttack+1","FireBladeMod:StingingSlash+1"],"picked":"FireBladeMod:EruptionSlash","floor":41},{"not_picked":["FireBladeMod:BodyAsFuel","FireBladeMod:Turtle","FireBladeMod:SpinningSmash+1"],"picked":"FireBladeMod:Speed+1","floor":45},{"not_picked":["FireBladeMod:OverCharge+1","FireBladeMod:IronEndurance+1","FireBladeMod:QuickJabs+1"],"picked":"FireBladeMod:FlashBang+1","floor":48}],"player_experience":814234,"relics_obtained":[{"floor":9,"key":"Akabeko"},{"floor":23,"key":"Eternal Feather"},{"floor":26,"key":"Replay:Ringing Soul"},{"floor":31,"key":"Replay:Baseball"},{"floor":38,"key":"Mango"},{"floor":43,"key":"CeramicFish"},{"floor":46,"key":"Omamori"}],"event_choices":[{"damage_healed":0,"gold_gain":0,"player_choice":"Grow","damage_taken":0,"max_hp_gain":0,"max_hp_loss":0,"event_name":"Living Wall","floor":7,"gold_loss":0,"cards_upgraded":["FireBladeMod:ThirdDegree"]},{"damage_healed":0,"gold_gain":0,"player_choice":"Success","damage_taken":18,"relics_obtained":["aspiration:HiddenCompartment"],"max_hp_gain":0,"max_hp_loss":0,"event_name":"Scrap Ooze","floor":11,"gold_loss":0},{"cards_removed":["FireBladeMod:Shove"],"damage_healed":0,"gold_gain":0,"player_choice":"Take \u0026 Give","damage_taken":0,"max_hp_gain":0,"max_hp_loss":0,"event_name":"betterNote:BetterNote","floor":19,"gold_loss":0,"cards_obtained":["Disarm"]},{"damage_healed":23,"gold_gain":0,"player_choice":"Heal","damage_taken":0,"max_hp_gain":0,"max_hp_loss":0,"event_name":"The Library","floor":22,"gold_loss":0},{"damage_healed":0,"gold_gain":0,"player_choice":"Inject Mutagens","damage_taken":0,"relics_obtained":["MutagenicStrength"],"max_hp_gain":0,"max_hp_loss":0,"event_name":"Drug Dealer","floor":29,"gold_loss":0},{"damage_healed":0,"gold_gain":0,"player_choice":"Memory 1","damage_taken":0,"max_hp_gain":0,"max_hp_loss":0,"event_name":"SensoryStone","floor":37,"gold_loss":0},{"damage_healed":0,"gold_gain":0,"player_choice":"Fight","damage_taken":0,"max_hp_gain":0,"max_hp_loss":0,"event_name":"MindBloom","floor":38,"gold_loss":0},{"cards_removed":["FireBladeMod:LearnTells"],"damage_healed":0,"gold_gain":0,"player_choice":"Offered Rare","damage_taken":0,"max_hp_gain":10,"max_hp_loss":0,"event_name":"Bonfire Elementals","floor":44,"gold_loss":0}],"is_beta":false,"boss_relics":[{"not_picked":["Replay:Drink Me","Runic Dome"],"picked":"Honey Jar"},{"not_picked":["Pandora\u0027s Box","aspiration:WatcherSkillbook"],"picked":"trackpad:Coffee"}],"items_purged_floors":[12,25,47],"is_endless":false,"potions_floor_spawned":[2,5,8,18,21,23,35,36,41,48],"ascension_level":0}}