{"host":"30jsp143e4v19aze","time":1609020002,"event":{"mods":["BaseMod","Colored Map","Colored Powertips","Curses Come First","DeckTracker","Highlight Path","Minty Spire (QoL Compilation)","Quick Restart","Relic Stats","StSLib","everything is the same but u backflip on backflip","slay the spire mod where everything is the same but ironclad has a cowboy hat"],"gold_per_floor":[119,131,186,204,215,245,245,273,327,402,426,437,437,437,437,537,537,553,571,458,458,25,25,52,52,52,62,90,117,117,150,162,271,283,308,330,356,382,39,39,39,56,102,102,133,133,185,210,210,210,210,210,30,61,61],"floor_reached":56,"playtime":13165,"items_purged":["Strike_B","Strike_B"],"score":2030,"play_id":"5364b1aa-911d-40b6-bfb1-382e6f5e4f03","local_time":"20201226230002","is_ascension_mode":true,"campfire_choices":[{"data":"Sunder","floor":7,"key":"SMITH"},{"data":"Barrage","floor":13,"key":"SMITH"},{"data":"Glacier","floor":15,"key":"SMITH"},{"data":"Doom and Gloom","floor":23,"key":"SMITH"},{"data":"Capacitor","floor":25,"key":"SMITH"},{"data":"Multi-Cast","floor":32,"key":"SMITH"},{"data":"Fission","floor":41,"key":"SMITH"},{"floor":44,"key":"RECALL"},{"data":"Enlightenment","floor":49,"key":"SMITH"},{"data":"Loop","floor":52,"key":"SMITH"}],"circlet_count":0,"master_deck":["AscendersBane","Defend_B","Defend_B+1","Dualcast+1","Glacier+1","Sunder+1","Barrage+1","Rainbow+1","Echo Form","Sweeping Beam","Static Discharge","Recycle","Capacitor+1","Doom and Gloom+1","Undo","Core Surge","Multi-Cast+1","Genetic Algorithm","Fission+1","Ball Lightning+1","Cold Snap+1","Capacitor+1","Hologram+1","Double Energy","PanicButton","Master of Strategy","White Noise","Dark Shackles","Enlightenment+1","Loop+1","Loop"],"relics":["Cracked Core","MealTicket","WingedGreaves","Odd Mushroom","War Paint","DataDisk","Coffee Dripper","Enchiridion","Bronze Scales","Vajra","Dead Branch","Strawberry","Blue Candle","MawBank","Astrolabe","Sundial","Pocketwatch","Ancient Tea Set","ClockworkSouvenir","Art of War"],"acts_visited":["Exordium","TheCity","TheBeyond","TheEnding"],"potions_floor_usage":[8,31,33,35,55],"damage_taken":[{"damage":0,"enemies":"Cultist","floor":1,"turns":3},{"damage":0,"enemies":"2 Louse","floor":2,"turns":4},{"damage":1,"enemies":"Small Slimes","floor":4,"turns":3},{"damage":0,"enemies":"Looter","floor":5,"turns":3},{"damage":23,"enemies":"3 Sentries","floor":6,"turns":7},{"damage":1,"enemies":"The Mushroom Lair","floor":8,"turns":3},{"damage":3,"enemies":"Lots of Slimes","floor":12,"turns":4},{"damage":21,"enemies":"Slime Boss","floor":16,"turns":7},{"damage":0,"enemies":"Spheric Guardian","floor":18,"turns":3},{"damage":1,"enemies":"2 Thieves","floor":19,"turns":4},{"damage":6,"enemies":"Gremlin Leader","floor":24,"turns":7},{"damage":1,"enemies":"Snecko","floor":27,"turns":5},{"damage":13,"enemies":"Book of Stabbing","floor":28,"turns":4},{"damage":18,"enemies":"Slavers","floor":29,"turns":4},{"damage":9,"enemies":"Book of Stabbing","floor":31,"turns":6},{"damage":7,"enemies":"Collector","floor":33,"turns":7},{"damage":4,"enemies":"3 Shapes","floor":35,"turns":4},{"damage":6,"enemies":"Orb Walker","floor":36,"turns":6},{"damage":11,"enemies":"Jaw Worm Horde","floor":37,"turns":4},{"damage":29,"enemies":"3 Darklings","floor":38,"turns":5},{"damage":1,"enemies":"4 Shapes","floor":42,"turns":6},{"damage":0,"enemies":"Reptomancer","floor":45,"turns":4},{"damage":31,"enemies":"2 Orb Walkers","floor":47,"turns":4},{"damage":7,"enemies":"Nemesis","floor":48,"turns":7},{"damage":1,"enemies":"Awakened One","floor":50,"turns":8},{"damage":0,"enemies":"Shield and Spear","floor":54,"turns":5},{"damage":72,"enemies":"The Heart","floor":55,"turns":8}],"seed_played":"4888861511951821241","potions_obtained":[{"floor":1,"key":"SpeedPotion"},{"floor":4,"key":"EssenceOfSteel"},{"floor":28,"key":"Energy Potion"},{"floor":31,"key":"SkillPotion"},{"floor":33,"key":"EssenceOfSteel"},{"floor":38,"key":"DuplicationPotion"}],"is_trial":false,"path_per_floor":["M","M","T","M","M","E","R","?","T","?","T","M","R","?","R","B",null,"M","M","$","?","$","R","E","R","T","M","E","E","?","E","R","B",null,"M","M","M","M","$","?","R","M","T","R","E","?","?","E","R","B",null,"R","$","E","B",null],"character_chosen":"DEFECT","items_purchased":["Recycle","Capacitor","Bronze Scales","Doom and Gloom","Undo","PanicButton","Master of Strategy","FairyPotion","ClockworkSouvenir","Loop"],"campfire_rested":0,"item_purchase_floors":[20,22,22,22,22,39,39,39,53,53],"current_hp_per_floor":[68,68,68,67,67,44,44,43,43,32,32,29,29,29,29,8,58,58,57,72,56,71,71,65,65,65,64,58,40,40,31,31,24,68,64,58,47,18,33,72,72,71,71,71,71,61,30,23,23,22,60,60,72,72,21],"gold":61,"neow_bonus":"REMOVE_CARD","is_daily":false,"chose_seed":false,"campfire_upgraded":9,"win_rate":0.0,"timestamp":1609020002,"path_taken":["M","M","?","?","?","E","R","?","T","?","?","?","R","?","R","BOSS","M","M","?","?","$","R","E","R","T","M","E","E","?","E","R","BOSS","M","?","?","M","$","?","R","M","T","R","E","?","?","E","R","BOSS","R","$","E","BOSS"],"items_purchased_type":["Card","Card","Relic","Card","Card","Card","Card","Potion","Relic","Card"],"build_version":"2020-12-22","purchased_purges":2,"victory":true,"max_hp_per_floor":[75,75,75,75,75,75,75,75,75,75,75,75,75,75,75,75,75,75,75,75,75,75,75,75,75,75,75,82,82,82,82,82,82,82,82,82,82,82,82,72,72,72,72,72,72,72,72,72,72,72,72,72,72,72,72],"relic_stats":{"counters":[27,135],"Sundial":[4],"Bronze Scales":[399],"Dead Branch":[116],"Blue Candle":[5],"Astrolabe":["Ball Lightning","Cold Snap","Capacitor"],"MealTicket":57,"Art of War":[3],"War Paint":["Defend_B","Rainbow"],"MawBank":96,"obtain_stats":[{"Dead Branch":26,"Blue Candle":29,"Astrolabe":34,"Enchiridion":21,"Vajra":24,"Odd Mushroom":8,"War Paint":9,"MawBank":31,"Ancient Tea Set":48,"ClockworkSouvenir":53,"DataDisk":11,"Sundial":45,"Bronze Scales":22,"Strawberry":28,"MealTicket":3,"WingedGreaves":6,"Coffee Dripper":17,"Art of War":54,"Cracked Core":0,"Pocketwatch":47},{"Dead Branch":11,"Blue Candle":14,"Astrolabe":16,"Enchiridion":10,"Vajra":11,"Odd Mushroom":6,"War Paint":6,"MawBank":15,"Ancient Tea Set":24,"ClockworkSouvenir":25,"DataDisk":6,"Sundial":22,"Bronze Scales":10,"Strawberry":13,"MealTicket":2,"WingedGreaves":5,"Coffee Dripper":8,"Art of War":26,"Cracked Core":0,"Pocketwatch":23},{"Dead Branch":48,"Blue Candle":61,"Astrolabe":74,"Enchiridion":41,"Vajra":48,"Odd Mushroom":23,"War Paint":23,"MawBank":67,"Ancient Tea Set":114,"ClockworkSouvenir":122,"DataDisk":23,"Sundial":103,"Bronze Scales":41,"Strawberry":57,"MealTicket":7,"WingedGreaves":20,"Coffee Dripper":34,"Art of War":127,"Cracked Core":0,"Pocketwatch":107}],"Pocketwatch":[13]},"card_choices":[{"not_picked":["Conserve Battery","Heatsinks"],"picked":"Glacier","floor":1},{"not_picked":["Darkness","Reinforced Body"],"picked":"Sunder","floor":2},{"not_picked":["Conserve Battery","Double Energy"],"picked":"Barrage","floor":4},{"not_picked":["Turbo","Redo","Steam"],"picked":"SKIP","floor":5},{"not_picked":["Leap","Tempest"],"picked":"Rainbow","floor":6},{"not_picked":["Stack","Gash","Steam"],"picked":"SKIP","floor":12},{"not_picked":["Buffer","Machine Learning"],"picked":"Echo Form","floor":16},{"not_picked":["Rebound","Cold Snap"],"picked":"Sweeping Beam","floor":18},{"not_picked":["Gash","Turbo"],"picked":"Static Discharge","floor":19},{"not_picked":["Steam","Recycle"],"picked":"Core Surge","floor":24},{"not_picked":["Cold Snap","Leap","Beam Cell"],"picked":"SKIP","floor":27},{"not_picked":["Go for the Eyes+1","Redo"],"picked":"Multi-Cast","floor":28},{"not_picked":["Hello World","Reinforced Body"],"picked":"Genetic Algorithm","floor":29},{"not_picked":["Storm+1","Static Discharge","Ball Lightning"],"picked":"SKIP","floor":31},{"not_picked":["Rainbow","Electrodynamics"],"picked":"Fission","floor":33},{"not_picked":["Cold Snap","Steam Power","Sweeping Beam+1"],"picked":"SKIP","floor":35},{"not_picked":["Stack","Steam"],"picked":"Hologram+1","floor":36},{"not_picked":["Conserve Battery","Capacitor+1","Hologram"],"picked":"SKIP","floor":37},{"not_picked":["Beam Cell+1","Ball Lightning"],"picked":"Double Energy","floor":38},{"not_picked":["Compile Driver+1","Stack+1","Capacitor"],"picked":"SKIP","floor":42},{"not_picked":["Storm","Rip and Tear+1"],"picked":"White Noise","floor":45},{"not_picked":["Flash of Steel","Transmutation"],"picked":"Dark Shackles","floor":46},{"not_picked":["Dramatic Entrance","Purity"],"picked":"Enlightenment","floor":46},{"not_picked":["Hologram","Rebound+1"],"picked":"Loop","floor":48},{"not_picked":["Hello World","Electrodynamics","Conserve Battery"],"picked":"SKIP","floor":54}],"player_experience":3240704,"relics_obtained":[{"floor":3,"key":"MealTicket"},{"floor":6,"key":"WingedGreaves"},{"floor":8,"key":"Odd Mushroom"},{"floor":9,"key":"War Paint"},{"floor":11,"key":"DataDisk"},{"floor":21,"key":"Enchiridion"},{"floor":24,"key":"Vajra"},{"floor":26,"key":"Dead Branch"},{"floor":28,"key":"Strawberry"},{"floor":29,"key":"Blue Candle"},{"floor":31,"key":"MawBank"},{"floor":45,"key":"Sundial"},{"floor":47,"key":"Pocketwatch"},{"floor":48,"key":"Ancient Tea Set"},{"floor":54,"key":"Art of War"}],"event_choices":[{"damage_healed":0,"gold_gain":0,"player_choice":"Fought Mushrooms","damage_taken":0,"max_hp_gain":0,"max_hp_loss":0,"event_name":"Mushrooms","floor":8,"gold_loss":0},{"damage_healed":0,"gold_gain":75,"player_choice":"Gather Gold","damage_taken":11,"max_hp_gain":0,"max_hp_loss":0,"event_name":"World of Goop","floor":10,"gold_loss":0},{"damage_healed":0,"gold_gain":0,"player_choice":"Upgraded","damage_taken":0,"max_hp_gain":0,"max_hp_loss":0,"event_name":"Upgrade Shrine","floor":14,"gold_loss":0,"cards_upgraded":["Dualcast"]},{"damage_healed":0,"gold_gain":0,"player_choice":"Obtained Book","damage_taken":16,"max_hp_gain":0,"max_hp_loss":0,"event_name":"Cursed Tome","floor":21,"gold_loss":0},{"cards_removed":["Strike_B"],"damage_healed":0,"gold_gain":0,"player_choice":"Offered Basic","damage_taken":0,"max_hp_gain":0,"max_hp_loss":0,"event_name":"Bonfire Elementals","floor":30,"gold_loss":0},{"damage_healed":72,"gold_gain":0,"player_choice":"Heal","damage_taken":0,"max_hp_gain":0,"max_hp_loss":10,"event_name":"The Moai Head","floor":40,"gold_loss":0},{"damage_healed":0,"gold_gain":0,"player_choice":"Memory 3","damage_taken":10,"max_hp_gain":0,"max_hp_loss":0,"event_name":"SensoryStone","floor":46,"gold_loss":0},{"damage_healed":0,"gold_gain":0,"player_choice":"Fight","damage_taken":0,"max_hp_gain":0,"max_hp_loss":0,"event_name":"Mysterious Sphere","floor":47,"gold_loss":0}],"is_beta":false,"boss_relics":[{"not_picked":["Fusion Hammer","Ectoplasm"],"picked":"Coffee Dripper"},{"not_picked":["Pandora\u0027s Box","Tiny House"],"picked":"Astrolabe"}],"items_purged_floors":[20,22],"is_endless":false,"potions_floor_spawned":[1,4,5,28,29,31,33,38,42,48],"ascension_level":12}}