{"host":"BK","time":1609023777,"event":{"mods":["BaseMod","Highlight Path","Minty Spire (QoL Compilation)","StSLib"],"gold_per_floor":[115,65,77,77,95,95,125,125,125,125,164,164,178,197,197,293,293,318,343,151,166,181,216,216,250,273,273,273,273,312,330,330,421,421,440,455,435,453,471,471,504,529,529,247,30,30,30,30,30,30,30],"floor_reached":50,"playtime":2767,"items_purged":["Defend_B"],"score":1080,"play_id":"215af0b8-46cb-49d4-91b5-60d2413f8e7a","local_time":"20201226160257","is_ascension_mode":true,"campfire_choices":[{"data":"Zap","floor":6.0,"key":"SMITH"},{"data":"Defragment","floor":8.0,"key":"SMITH"},{"data":"Cold Snap","floor":12.0,"key":"SMITH"},{"floor":15.0,"key":"REST"},{"floor":24.0,"key":"REST"},{"floor":29.0,"key":"REST"},{"floor":32.0,"key":"REST"},{"data":"Seek","floor":40.0,"key":"SMITH"},{"floor":49,"key":"RECALL"}],"circlet_count":0,"master_deck":["AscendersBane","Zap+1","Dualcast","Go for the Eyes+1","Chill+1","Scrape+1","Genetic Algorithm","Cold Snap+1","Defragment+1","Machine Learning","Gash","Leap","Defragment","Biased Cognition","Beam Cell+1","Redo+1","Flash of Steel","Conserve Battery","Seek+1","All For One","Steam","Stack","Ball Lightning","Biased Cognition","Steam+1","Finesse","PanicButton"],"relics":["Astrolabe","Mummified Hand","Strawberry","Golden Idol","Juzu Bracelet","Empty Cage","Unceasing Top","Omamori","Centennial Puzzle","Potion Belt","SacredBark","InkBottle","Letter Opener","Bronze Scales","Shuriken"],"acts_visited":["Exordium","TheCity","TheBeyond"],"potions_floor_usage":[41,41,50],"damage_taken":[{"damage":0.0,"enemies":"Cultist","floor":1.0,"turns":4.0},{"damage":0.0,"enemies":"2 Louse","floor":3.0,"turns":3.0},{"damage":1.0,"enemies":"Small Slimes","floor":5.0,"turns":4.0},{"damage":25.0,"enemies":"Gremlin Nob","floor":7.0,"turns":6.0},{"damage":15.0,"enemies":"3 Sentries","floor":11.0,"turns":9.0},{"damage":0.0,"enemies":"3 Louse","floor":13.0,"turns":4.0},{"damage":1.0,"enemies":"Blue Slaver","floor":14.0,"turns":3.0},{"damage":14.0,"enemies":"Slime Boss","floor":16.0,"turns":12.0},{"damage":0.0,"enemies":"Spheric Guardian","floor":18.0,"turns":5.0},{"damage":7.0,"enemies":"2 Thieves","floor":19.0,"turns":4.0},{"damage":7.0,"enemies":"Snake Plant","floor":21.0,"turns":5.0},{"damage":0.0,"enemies":"Sentry and Sphere","floor":22.0,"turns":6.0},{"damage":27.0,"enemies":"Gremlin Leader","floor":23.0,"turns":7.0},{"damage":17.0,"enemies":"Book of Stabbing","floor":25.0,"turns":7.0},{"damage":13.0,"enemies":"Slavers","floor":30.0,"turns":8.0},{"damage":0.0,"enemies":"Cultist and Chosen","floor":31.0,"turns":5.0},{"damage":7.0,"enemies":"Champ","floor":33.0,"turns":10.0},{"damage":0.0,"enemies":"3 Darklings","floor":35.0,"turns":6.0},{"damage":2.0,"enemies":"3 Shapes","floor":36.0,"turns":5.0},{"damage":9.0,"enemies":"Maw","floor":38.0,"turns":7.0},{"damage":8.0,"enemies":"Writhing Mass","floor":39.0,"turns":5.0},{"damage":58,"enemies":"Reptomancer","floor":41,"turns":8},{"damage":2,"enemies":"3 Darklings","floor":42,"turns":5},{"damage":36,"enemies":"Time Eater","floor":50,"turns":8}],"seed_played":"1555949786644490024","potions_obtained":[{"floor":1.0,"key":"FairyPotion"},{"floor":13.0,"key":"Explosive Potion"},{"floor":19.0,"key":"LiquidMemories"},{"floor":23.0,"key":"Swift Potion"},{"floor":31.0,"key":"Fire Potion"},{"floor":33.0,"key":"AttackPotion"},{"floor":36.0,"key":"Energy Potion"},{"floor":39.0,"key":"Weak Potion"},{"floor":41,"key":"Energy Potion"}],"is_trial":false,"path_per_floor":["M","$","M","?","M","R","E","R","T","?","E","R","M","M","R","B",null,"M","M","$","M","M","E","R","E","T","?","?","R","E","M","R","B",null,"M","M","?","M","M","R","E","M","T","$","$","T","?","?","R","B"],"character_chosen":"DEFECT","items_purchased":["Cold Snap","Flash of Steel","Conserve Battery","Letter Opener","Bronze Scales","Weak Potion"],"campfire_rested":4,"item_purchase_floors":[2,20,20,44,45,45],"current_hp_per_floor":[64,64,64,64,63,63,38,38,45,45,30,30,30,29,50,36,62,62,55,55,48,48,21,42,25,25,25,25,46,33,33,54,47,65,65,63,63,54,46,46,33,31,31,31,31,31,31,26,26,0,0],"gold":30,"neow_bonus":"BOSS_RELIC","is_daily":false,"chose_seed":false,"campfire_upgraded":4,"win_rate":0.0,"timestamp":1609023777,"path_taken":["M","$","M","?","?","R","E","R","T","?","E","R","M","M","R","BOSS","M","M","$","M","M","E","R","E","T","?","?","R","E","M","R","BOSS","M","M","?","M","M","R","E","M","T","?","$","?","?","?","R","BOSS"],"items_purchased_type":["Card","Card","Card","Relic","Relic","Potion"],"build_version":"2020-12-18","purchased_purges":1,"victory":false,"max_hp_per_floor":[71,71,71,71,71,71,71,71,78,71,71,71,71,71,71,71,71,71,71,71,71,71,71,71,71,71,71,71,71,71,71,71,71,71,71,71,71,71,71,71,71,71,71,71,71,71,71,71,71,71,71],"card_choices":[{"not_picked":["Ball Lightning","Go for the Eyes"],"picked":"Genetic Algorithm","floor":1.0},{"not_picked":["Rip and Tear","Compile Driver"],"picked":"Defragment","floor":3.0},{"not_picked":["Cold Snap","Coolheaded"],"picked":"Gash","floor":5.0},{"not_picked":["Go for the Eyes","Cold Snap","Sunder"],"picked":"SKIP","floor":7.0},{"not_picked":["Chill","Rainbow"],"picked":"Leap","floor":11.0},{"not_picked":["Cold Snap","Turbo"],"picked":"Defragment","floor":13.0},{"not_picked":["Stack","Redo","Storm"],"picked":"SKIP","floor":14.0},{"not_picked":["Meteor Strike","Amplify"],"picked":"Biased Cognition","floor":16.0},{"not_picked":["Gash","Stack"],"picked":"Beam Cell+1","floor":18.0},{"not_picked":["Sweeping Beam","Barrage"],"picked":"Redo+1","floor":19.0},{"not_picked":["Go for the Eyes","Turbo","Stack"],"picked":"SKIP","floor":21.0},{"not_picked":["Go for the Eyes+1","Fusion","Conserve Battery"],"picked":"SKIP","floor":22.0},{"not_picked":["Barrage","Genetic Algorithm"],"picked":"Seek","floor":23.0},{"not_picked":["Chill","FTL"],"picked":"All For One","floor":25.0},{"not_picked":["Compile Driver","Fission"],"picked":"Ball Lightning","floor":30.0},{"not_picked":["Steam","Redo","Stack"],"picked":"SKIP","floor":31.0},{"not_picked":["Buffer","Creative AI"],"picked":"Biased Cognition","floor":33.0},{"not_picked":["Turbo","Chaos","Streamline"],"picked":"SKIP","floor":35.0},{"not_picked":["Turbo","Chaos","Streamline"],"picked":"SKIP","floor":35.0},{"not_picked":["Barrage","Sweeping Beam"],"picked":"Steam+1","floor":36.0},{"not_picked":["Turbo","Redo","Compile Driver"],"picked":"SKIP","floor":38.0},{"not_picked":["Rebound","Compile Driver+1","Chill"],"picked":"SKIP","floor":39.0},{"not_picked":["Ball Lightning+1","White Noise+1"],"picked":"Loop","floor":41},{"not_picked":["Compile Driver","Aggregate+1","Double Energy+1"],"picked":"SKIP","floor":42},{"not_picked":["Impatience","Secret Technique"],"picked":"Finesse","floor":48},{"not_picked":["Mind Blast","Mayhem"],"picked":"PanicButton","floor":48}],"player_experience":2442429,"relics_obtained":[{"floor":7.0,"key":"Mummified Hand"},{"floor":9.0,"key":"Strawberry"},{"floor":11.0,"key":"Juzu Bracelet"},{"floor":23.0,"key":"Unceasing Top"},{"floor":25.0,"key":"Omamori"},{"floor":26.0,"key":"Centennial Puzzle"},{"floor":30.0,"key":"Potion Belt"},{"floor":41,"key":"InkBottle"},{"floor":46,"key":"Shuriken"}],"event_choices":[{"damage_healed":0.0,"max_hp_gain":0.0,"max_hp_loss":0.0,"gold_gain":0.0,"event_name":"Match and Keep!","player_choice":"1 cards matched","floor":4.0,"gold_loss":0.0,"damage_taken":0.0,"cards_obtained":["Machine Learning"]},{"damage_healed":0.0,"max_hp_gain":0.0,"max_hp_loss":7.0,"gold_gain":0.0,"event_name":"Golden Idol","player_choice":"Lose Max HP","floor":10.0,"gold_loss":0.0,"damage_taken":0.0,"relics_obtained":["Golden Idol"]},{"damage_healed":0.0,"max_hp_gain":0.0,"max_hp_loss":0.0,"gold_gain":0.0,"cards_transformed":["Defend_B","Defend_B"],"event_name":"Drug Dealer","player_choice":"Became Test Subject","floor":27.0,"gold_loss":0.0,"damage_taken":0.0,"cards_obtained":["Steam","Stack"]},{"damage_healed":0.0,"max_hp_gain":0.0,"max_hp_loss":0.0,"gold_gain":0.0,"event_name":"Vampires","player_choice":"Ignored","floor":28.0,"gold_loss":0.0,"damage_taken":0.0},{"damage_healed":0.0,"max_hp_gain":0.0,"max_hp_loss":0.0,"gold_gain":0.0,"event_name":"The Woman in Blue","player_choice":"Bought 1 Potion","floor":37.0,"gold_loss":0.0,"damage_taken":0.0},{"cards_removed":["Loop"],"damage_healed":0,"gold_gain":0,"player_choice":"Removed Power","damage_taken":0,"max_hp_gain":0,"max_hp_loss":0,"event_name":"Falling","floor":47,"gold_loss":0},{"damage_healed":0,"gold_gain":0,"player_choice":"Memory 2","damage_taken":5,"max_hp_gain":0,"max_hp_loss":0,"event_name":"SensoryStone","floor":48,"gold_loss":0}],"is_beta":true,"boss_relics":[{"not_picked":["Busted Crown","SlaversCollar"],"picked":"Empty Cage"},{"not_picked":["Snecko Eye","Coffee Dripper"],"picked":"SacredBark"}],"items_purged_floors":[20],"is_endless":false,"potions_floor_spawned":[1,13,14,19,23,31,33,36,39,41],"killed_by":"Time Eater","ascension_level":20}}