{"host":"opg65mucj6ra7dr1","time":1609005895,"event":{"mods":["BaseMod","DeckTracker","Keyboard Shortcuts","Minty Spire (QoL Compilation)","Permanent Neow","Quick Restart","everything is the same but u backflip on backflip"],"gold_per_floor":[112,112,35,111,124,458,458,481,481,508,520,545,557,594,606,746,758,788,800,812,849,401,401,420,420,444,444,444],"floor_reached":27,"playtime":680,"items_purged":["Defend_B"],"score":257,"play_id":"e03cc0bf-70d6-476b-8c48-88708d5703e3","local_time":"20201227030455","is_ascension_mode":true,"campfire_choices":[{"floor":15.0,"key":"REST"},{"data":"Reprogram","floor":23.0,"key":"SMITH"},{"data":"Trip","floor":25.0,"key":"SMITH"}],"circlet_count":0,"master_deck":["Strike_B","Defend_B","Defend_B","Zap","Dualcast","Sunder+1","Reprogram+1","Leap","Leap","Hologram","BootSequence","Heatsinks+1","Leap+1","Melter+1","Leap+1","Trip+1"],"relics":["Cracked Core","Strawberry","Letter Opener","Old Coin","Golden Idol","Nunchaku","MawBank","Astrolabe","Bag of Preparation","PreservedInsect","Bag of Marbles","Potion Belt"],"acts_visited":["Exordium","TheCity"],"potions_floor_usage":[],"damage_taken":[{"damage":9.0,"enemies":"2 Louse","floor":1.0,"turns":3.0},{"damage":0.0,"enemies":"Cultist","floor":5.0,"turns":3.0},{"damage":30.0,"enemies":"Lagavulin","floor":6.0,"turns":9.0},{"damage":0.0,"enemies":"Jaw Worm","floor":10.0,"turns":2.0},{"damage":7.0,"enemies":"Exordium Thugs","floor":12.0,"turns":4.0},{"damage":1.0,"enemies":"Looter","floor":14.0,"turns":3.0},{"damage":16.0,"enemies":"Slime Boss","floor":16.0,"turns":11.0},{"damage":10.0,"enemies":"3 Byrds","floor":18.0,"turns":6.0},{"damage":27.0,"enemies":"Chosen","floor":21.0,"turns":5.0},{"damage":0.0,"enemies":"Snecko","floor":24.0,"turns":5.0},{"damage":53,"enemies":"Gremlin Leader","floor":27,"turns":4}],"seed_played":"-7025440063235363111","potions_obtained":[{"floor":1.0,"key":"Fruit Juice"},{"floor":10.0,"key":"FearPotion"},{"floor":24.0,"key":"SmokeBomb"}],"is_trial":false,"path_per_floor":["M","?","$","T","M","E","?","T","T","M","$","M","?","M","R","B",null,"M","?","$","M","$","R","M","R","T","E"],"character_chosen":"DEFECT","items_purchased":["Reprogram","PreservedInsect","Bag of Marbles","Trip"],"campfire_rested":1,"item_purchase_floors":[3,22,22,22],"current_hp_per_floor":[78,78,78,78,78,48,27,27,27,27,27,20,20,19,45,29,87,77,77,77,50,50,50,50,50,50,0,0],"gold":444,"neow_bonus":"RANDOM_COMMON_RELIC","is_daily":false,"chose_seed":false,"campfire_upgraded":2,"win_rate":0.0,"timestamp":1609005895,"path_taken":["M","?","$","?","M","E","?","?","T","?","$","M","?","?","R","BOSS","M","?","$","M","$","R","M","R","T","E"],"items_purchased_type":["Card","Relic","Relic","Card"],"build_version":"2020-12-22","purchased_purges":1,"victory":false,"max_hp_per_floor":[87,87,87,87,87,87,87,87,87,87,87,87,87,87,87,87,87,87,87,87,87,87,87,87,87,87,87,87],"card_choices":[{"not_picked":["Skim","Sunder","Glacier"],"picked":"SKIP","floor":1.0},{"not_picked":["Skim","Glacier"],"picked":"Sunder","floor":1.0},{"not_picked":["Redo","Reinforced Body"],"picked":"Leap","floor":5.0},{"not_picked":["Ball Lightning","Streamline"],"picked":"Leap","floor":6.0},{"not_picked":["Lockon","Blizzard","Loop"],"picked":"SKIP","floor":10.0},{"not_picked":["Cold Snap","Defragment"],"picked":"Hologram","floor":12.0},{"not_picked":["Cold Snap","Chill"],"picked":"BootSequence","floor":14.0},{"not_picked":["Coolheaded","Chaos"],"picked":"Leap+1","floor":18.0},{"not_picked":["Steam+1","Compile Driver","Cold Snap"],"picked":"SKIP","floor":21.0},{"not_picked":["Leap","Ball Lightning","Glacier"],"picked":"SKIP","floor":24.0}],"player_experience":110392,"relics_obtained":[{"floor":4.0,"key":"Letter Opener"},{"floor":6.0,"key":"Old Coin"},{"floor":8.0,"key":"Nunchaku"},{"floor":9.0,"key":"MawBank"},{"floor":19.0,"key":"Bag of Preparation"},{"floor":26.0,"key":"Potion Belt"}],"event_choices":[{"damage_healed":0.0,"max_hp_gain":0.0,"max_hp_loss":0.0,"gold_gain":0.0,"event_name":"Upgrade Shrine","player_choice":"Upgraded","floor":2.0,"gold_loss":0.0,"damage_taken":0.0,"cards_upgraded":["Sunder"]},{"damage_healed":0.0,"max_hp_gain":0.0,"max_hp_loss":0.0,"gold_gain":0.0,"event_name":"Golden Idol","player_choice":"Take Damage","floor":7.0,"gold_loss":0.0,"damage_taken":21.0,"relics_obtained":["Golden Idol"]},{"cards_removed":["Strike_B"],"damage_healed":0.0,"max_hp_gain":0.0,"max_hp_loss":0.0,"gold_gain":0.0,"event_name":"Bonfire Elementals","player_choice":"Offered Basic","floor":13.0,"gold_loss":0.0,"damage_taken":0.0},{"damage_healed":0.0,"max_hp_gain":0.0,"max_hp_loss":0.0,"gold_gain":0.0,"event_name":"Wheel of Change","player_choice":"Relic","floor":19.0,"gold_loss":0.0,"damage_taken":0.0}],"is_beta":false,"boss_relics":[{"not_picked":["Cursed Key","Tiny House"],"picked":"Astrolabe"}],"items_purged_floors":[22],"is_endless":false,"potions_floor_spawned":[1,10,24],"killed_by":"Gremlin Leader","ascension_level":2}}