{"host":"ovxa65d68iy9l57e","time":1609026668,"event":{"mods":["AchievementEnabler","BaseMod","Better Altar","Better Skull","Better Vampires","Colored Map","Curses Come First","Minty Spire (QoL Compilation)","Relic Stats","StSLib"],"gold_per_floor":[110,61,79,94,108,141,151,151,151,182,182,215,215,23,23,23,23],"floor_reached":16,"playtime":1736,"items_purged":["Defend_P"],"score":132,"play_id":"7486913e-9c49-4960-817f-61106a664b37","local_time":"20201227005108","is_ascension_mode":true,"campfire_choices":[{"data":"Eruption","floor":8,"key":"SMITH"},{"floor":11,"key":"REST"},{"floor":13,"key":"REST"},{"data":"ClearTheMind","floor":15,"key":"SMITH"}],"circlet_count":0,"master_deck":["Strike_P","Strike_P","Strike_P","Defend_P","Defend_P","Defend_P","Eruption+1","Vigilance","CutThroughFate","Protect","EmptyBody","Indignation+1","CrushJoints","ClearTheMind+1","LessonLearned","Evaluate"],"relics":["PureWater","Bag of Preparation","Omamori","Akabeko","InkBottle","Membership Card"],"acts_visited":["Exordium"],"potions_floor_usage":[10,12],"damage_taken":[{"damage":4,"enemies":"Small Slimes","floor":1,"turns":4},{"damage":4,"enemies":"Jaw Worm","floor":3,"turns":4},{"damage":0,"enemies":"2 Louse","floor":4,"turns":3},{"damage":0,"enemies":"Exordium Wildlife","floor":5,"turns":2},{"damage":22,"enemies":"Lagavulin","floor":6,"turns":8},{"damage":7,"enemies":"Blue Slaver","floor":7,"turns":4},{"damage":20,"enemies":"3 Sentries","floor":10,"turns":12},{"damage":22,"enemies":"Gremlin Nob","floor":12,"turns":4},{"damage":42,"enemies":"Slime Boss","floor":16,"turns":10}],"seed_played":"1739207875048153905","potions_obtained":[{"floor":7,"key":"LiquidBronze"},{"floor":10,"key":"PowerPotion"},{"floor":12,"key":"StancePotion"}],"is_trial":false,"path_per_floor":["M","$","M","M","M","E","M","R","T","E","R","E","R","$","R","B"],"character_chosen":"WATCHER","items_purchased":["Protect","Membership Card"],"campfire_rested":2,"item_purchase_floors":[2,14],"current_hp_per_floor":[68,68,64,64,64,42,35,35,35,15,36,14,35,35,35,0,0],"gold":23,"neow_bonus":"REMOVE_CARD","is_daily":false,"chose_seed":false,"campfire_upgraded":2,"win_rate":0.0,"timestamp":1609026668,"path_taken":["M","$","M","M","M","E","M","R","T","E","R","E","R","$","R","BOSS"],"items_purchased_type":["Card","Relic"],"build_version":"2020-12-22","purchased_purges":1,"victory":false,"max_hp_per_floor":[72,72,72,72,72,72,72,72,72,72,72,72,72,72,72,72,72],"relic_stats":{"counters":[9,51],"Bag of Preparation":[8],"obtain_stats":[{"Bag of Preparation":6,"Omamori":9,"Membership Card":14,"PureWater":0,"Akabeko":10,"InkBottle":12},{"Bag of Preparation":5,"Omamori":6,"Membership Card":8,"PureWater":0,"Akabeko":7,"InkBottle":8},{"Bag of Preparation":21,"Omamori":25,"Membership Card":41,"PureWater":0,"Akabeko":37,"InkBottle":41}],"InkBottle":[3]},"card_choices":[{"not_picked":["Collect","WreathOfFlame"],"picked":"CutThroughFate","floor":1},{"not_picked":["FlurryOfBlows","Swivel"],"picked":"EmptyBody","floor":3},{"not_picked":["Evaluate","WindmillStrike"],"picked":"Indignation","floor":4},{"not_picked":["Halt","FlurryOfBlows","ForeignInfluence"],"picked":"SKIP","floor":5},{"not_picked":["Halt","EmptyMind"],"picked":"CrushJoints","floor":6},{"not_picked":["CrushJoints","JustLucky"],"picked":"ClearTheMind","floor":7},{"not_picked":["Study","Meditate"],"picked":"LessonLearned","floor":10},{"not_picked":["EmptyBody","ReachHeaven"],"picked":"Evaluate","floor":12}],"player_experience":235041,"relics_obtained":[{"floor":6,"key":"Bag of Preparation"},{"floor":9,"key":"Omamori"},{"floor":10,"key":"Akabeko"},{"floor":12,"key":"InkBottle"}],"event_choices":[],"is_beta":false,"boss_relics":[],"items_purged_floors":[14],"is_endless":false,"potions_floor_spawned":[7,10,12],"killed_by":"Slime Boss","ascension_level":2}}