{"host":"6z6y4ky8uzsz1dpj","time":1609004985,"event":{"mods":["AchievementEnabler","BaseMod","BetterRewards","Challenge The Spire","Colored Map","Hubris","Minty Spire (QoL Compilation)","Quick Restart","Replay The Spire","StSLib"],"gold_per_floor":[118,118,138,153,103,103,113,143,143,22,34,45,78,3,3,102,102,118,143,159,159,176,210,210,210,233,233,265,265,17,28,28,125,175,191,46,66,66,66,99,109,109,109,109,144,155,165,191,191,191,191,191,24,57,57],"floor_reached":56,"playtime":2408,"items_purged":["Defend_R"],"score":1507,"play_id":"f2cca749-4c05-4df9-98bb-49704b10d116","local_time":"20201226124945","is_ascension_mode":true,"campfire_choices":[{"data":"Iron Wave","floor":6,"key":"SMITH"},{"floor":15,"key":"DIG"},{"data":"Limit Break","floor":25,"key":"SMITH"},{"data":"Berserk","floor":27,"key":"SMITH"},{"data":"Inflame","floor":32,"key":"SMITH"},{"floor":42,"key":"RECALL"},{"data":"Inflame","floor":44,"key":"SMITH"},{"data":"Demonic Infusion","floor":49,"key":"SMITH"},{"data":"Inflame","floor":52,"key":"SMITH"}],"circlet_count":0,"master_deck":["Strike_R+1","Strike_R+1","Strike_R+1","Strike_R+1","Strike_R+1","Defend_R+1","Bash+1","Dropkick+1","Iron Wave+1","Headbutt","Limit Break+1","Inflame+1","hubris:ReadiedAction","Cleave","Inflame+1","Shockwave+1","Reaper","Pommel Strike+1","Warcry+1","Berserk+1","ReplayTheSpireMod:Stacked+1","Flex","Uppercut","Thunderclap","Cleave","Sword Boomerang","Demonic Infusion+1","Flex+1","Flex+1","Inflame+1","ReplayTheSpireMod:Muscle Training","hubris:ReadiedAction+1","Twin Strike+1","Parasite","Armaments+1","Battle Trance","Mayhem"],"relics":["Burning Blood","Toy Ornithopter","Letter Opener","hubris:FunFungus","ReplayTheSpireMod:Spearhead","Replay:Grab Bag","Painkiller Herb","Coffee Dripper","Runic Pyramid","hubris:Backtick","hubris:IronBody","Red Mask","Happy Flower","Dream Catcher","Centennial Puzzle","War Paint","Sling","Tiny House","Juzu Bracelet","Replay:Rubber Ducky","Replay:Baseball","Ornamental Fan"],"acts_visited":["Exordium","TheCity","TheBeyond","TheEnding"],"potions_floor_usage":[8,13,13,16,40,46,54,55,55],"damage_taken":[{"damage":12,"enemies":"Small Slimes","floor":1,"turns":4},{"damage":2,"enemies":"Jaw Worm","floor":3,"turns":3},{"damage":2,"enemies":"2 Louse","floor":4,"turns":3},{"damage":10,"enemies":"Exordium Thugs","floor":7,"turns":4},{"damage":18,"enemies":"Gremlin Nob","floor":8,"turns":4},{"damage":0,"enemies":"2 Fungi Beasts","floor":11,"turns":3},{"damage":18,"enemies":"Exordium Wildlife","floor":12,"turns":3},{"damage":23,"enemies":"Lagavulin","floor":13,"turns":4},{"damage":39,"enemies":"Hexaghost","floor":16,"turns":8},{"damage":25,"enemies":"2 Thieves","floor":18,"turns":3},{"damage":22,"enemies":"Masked Bandits","floor":19,"turns":4},{"damage":1,"enemies":"Chosen","floor":20,"turns":3},{"damage":36,"enemies":"Shelled Parasite and Fungi","floor":22,"turns":5},{"damage":37,"enemies":"Slavers","floor":23,"turns":4},{"damage":25,"enemies":"Book of Stabbing","floor":28,"turns":5},{"damage":7,"enemies":"Snecko","floor":31,"turns":4},{"damage":20,"enemies":"Automaton","floor":33,"turns":5},{"damage":5,"enemies":"Orb Walker","floor":35,"turns":3},{"damage":9,"enemies":"3 Shapes","floor":37,"turns":2},{"damage":12,"enemies":"R_Hoarder","floor":40,"turns":5},{"damage":23,"enemies":"Sphere and 2 Shapes","floor":41,"turns":3},{"damage":9,"enemies":"Giant Head","floor":45,"turns":6},{"damage":23,"enemies":"Writhing Mass","floor":46,"turns":3},{"damage":1,"enemies":"Maw","floor":47,"turns":6},{"damage":1,"enemies":"R_Hoarder","floor":48,"turns":5},{"damage":13,"enemies":"hubris:GrandSnecko","floor":50,"turns":6},{"damage":35,"enemies":"Shield and Spear","floor":54,"turns":4},{"damage":95,"enemies":"The Heart","floor":55,"turns":7}],"seed_played":"-4218013317731808961","potions_obtained":[{"floor":1,"key":"Energy Potion"},{"floor":3,"key":"Weak Potion"},{"floor":8,"key":"Fruit Juice"},{"floor":11,"key":"Fire Potion"},{"floor":12,"key":"AttackPotion"},{"floor":22,"key":"Ancient Potion"},{"floor":23,"key":"Strength Potion"},{"floor":28,"key":"Swift Potion"},{"floor":34,"key":"LiquidBronze"},{"floor":45,"key":"Dexterity Potion"},{"floor":46,"key":"Reflective Coating"},{"floor":54,"key":"Explosive Potion"}],"is_trial":false,"path_per_floor":["M","?","M","M","?","R","M","E","T","$","M","M","E","$","R_BF","B",null,"?","?","?","?","?","E","?","T","T","T","E","?","T","?","T","B",null,"?","T","?","?","T","E","?","T","T","T","E","?","?","E","T","B",null,"T","T","E","B",null],"character_chosen":"IRONCLAD","items_purchased":["Inflame","hubris:ReadiedAction","Sling","Thunderclap","Cleave","Inflame","ReplayTheSpireMod:Muscle Training","Mayhem"],"campfire_rested":0,"item_purchase_floors":[10,10,30,30,30,36,36,53],"current_hp_per_floor":[74,74,78,80,80,80,76,64,64,64,70,58,56,56,56,28,85,84,77,82,82,67,68,68,68,68,68,68,68,68,80,80,71,90,90,90,87,87,87,88,90,90,90,90,90,74,90,93,93,93,93,93,93,82,21],"gold":57,"neow_bonus":"UPGRADE_CARD","is_daily":false,"chose_seed":false,"campfire_upgraded":7,"win_rate":0.0,"timestamp":1609004985,"path_taken":["M","?","M","M","?","R","M","E","T","?","M","M","E","$","R_BF","BOSS","?","?","?","?","?","E","?","T","T","T","E","?","T","?","T","BOSS","?","T","?","?","T","E","?","T","T","T","E","?","?","E","T","BOSS","T","T","E","BOSS"],"items_purchased_type":["Card","Card","Relic","Card","Card","Card","Card","Card"],"build_version":"2020-12-22","purchased_purges":1,"victory":true,"max_hp_per_floor":[80,80,80,80,80,80,80,80,80,80,80,80,85,85,85,85,85,85,85,85,85,85,85,85,85,85,85,85,85,85,85,85,85,90,90,90,90,90,90,90,90,90,90,90,90,90,90,93,93,93,93,93,93,93,93],"card_choices":[{"not_picked":["Life Link","True Grit"],"picked":"Dropkick","floor":1},{"not_picked":["Perfected Strike","Clash"],"picked":"Iron Wave","floor":3},{"not_picked":["Body Slam","Warcry"],"picked":"Headbutt","floor":4},{"not_picked":["Sentinel","Combust","Run Through"],"picked":"SKIP","floor":7},{"not_picked":["Rage","Havoc"],"picked":"Limit Break","floor":8},{"not_picked":["Replay:Undeath\u0027s Touch","Pummel"],"picked":"Cleave","floor":11},{"not_picked":["True Grit","Seeing Red"],"picked":"Inflame","floor":12},{"not_picked":["Feel No Pain","Anger"],"picked":"Shockwave","floor":13},{"not_picked":["Immolate","Eclipse"],"picked":"Reaper","floor":16},{"not_picked":["Anger","Iron Wave"],"picked":"Pommel Strike+1","floor":18},{"not_picked":["Sword Boomerang+1","ReplayTheSpireMod:Strike From Hell"],"picked":"Warcry+1","floor":19},{"not_picked":["Sever Soul","hubris:CleavingFinish","Havoc"],"picked":"SKIP","floor":20},{"not_picked":["Wild Strike","hubris:CleavingFinish"],"picked":"Berserk","floor":22},{"not_picked":["Burning Pact+1","Power Through"],"picked":"ReplayTheSpireMod:Stacked","floor":23},{"not_picked":["Reckless Charge","True Grit+1"],"picked":"Flex","floor":28},{"not_picked":["hubris:ReadiedAction","Havoc"],"picked":"Sword Boomerang","floor":31},{"not_picked":["Barricade","Berserk"],"picked":"Demonic Infusion","floor":33},{"not_picked":["Intimidate","Second Wind"],"picked":"Flex+1","floor":34},{"not_picked":["Body Slam+1","Havoc"],"picked":"Flex+1","floor":35},{"not_picked":["Clash","Flex","Searing Blow"],"picked":"SKIP","floor":37},{"not_picked":["Iron Wave","Power Through","Reckless Charge"],"picked":"SKIP","floor":40},{"not_picked":["Ghostly Armor","Infernal Blade"],"picked":"hubris:ReadiedAction+1","floor":41},{"not_picked":["Disarm","Battle Trance"],"picked":"Twin Strike+1","floor":45},{"not_picked":["Cleave+1","Thunderclap"],"picked":"Armaments+1","floor":46},{"not_picked":["Entrench+1","ReplayTheSpireMod:Strike From Hell+1"],"picked":"Battle Trance","floor":47},{"not_picked":["Clothesline+1","Body Slam","Armaments"],"picked":"SKIP","floor":48},{"not_picked":["Replay:Undeath\u0027s Touch","Metallicize","Clash"],"picked":"SKIP","floor":54}],"player_experience":188189,"relics_obtained":[{"floor":8,"key":"Toy Ornithopter"},{"floor":9,"key":"Letter Opener"},{"floor":13,"key":"hubris:FunFungus"},{"floor":15,"key":"ReplayTheSpireMod:Spearhead"},{"floor":19,"key":"Red Mask"},{"floor":23,"key":"Happy Flower"},{"floor":26,"key":"Centennial Puzzle"},{"floor":28,"key":"War Paint"},{"floor":40,"key":"Juzu Bracelet"},{"floor":45,"key":"Replay:Rubber Ducky"},{"floor":48,"key":"Replay:Baseball"},{"floor":54,"key":"Ornamental Fan"}],"event_choices":[{"damage_healed":0,"gold_gain":0,"player_choice":"Ignored","damage_taken":0,"max_hp_gain":0,"max_hp_loss":0,"event_name":"Liars Game","floor":2,"gold_loss":0},{"cards_removed":["Defend_R"],"damage_healed":0,"gold_gain":0,"player_choice":"Card Removal","damage_taken":0,"max_hp_gain":0,"max_hp_loss":0,"event_name":"The Cleric","floor":5,"gold_loss":50},{"damage_healed":0,"gold_gain":0,"player_choice":"Fought Bandits","damage_taken":0,"max_hp_gain":0,"max_hp_loss":0,"event_name":"Masked Bandits","floor":19,"gold_loss":0},{"damage_healed":0,"gold_gain":0,"player_choice":"Simplicity","damage_taken":0,"max_hp_gain":0,"max_hp_loss":0,"event_name":"Back to Basics","floor":21,"gold_loss":0,"cards_upgraded":["Strike_R","Strike_R","Strike_R","Strike_R","Strike_R","Defend_R","Defend_R"]},{"damage_healed":0,"gold_gain":0,"player_choice":"Read","damage_taken":0,"max_hp_gain":0,"max_hp_loss":0,"event_name":"The Library","floor":29,"gold_loss":0,"cards_obtained":["Uppercut"]},{"cards_removed":["Defend_R"],"damage_healed":0,"gold_gain":0,"player_choice":"Offered Basic","damage_taken":0,"max_hp_gain":0,"max_hp_loss":0,"event_name":"Bonfire Elementals","floor":38,"gold_loss":0}],"is_beta":false,"boss_relics":[{"not_picked":["Runic Cube","Runic Dome"],"picked":"Replay:Grab Bag"},{"not_picked":["Replay:Wanted Poster","Cursed Key"],"picked":"Painkiller Herb"},{"not_picked":["hubris:CrackedHourglass","Electric Blood"],"picked":"Coffee Dripper"},{"not_picked":["hubris:HollowSoul","hubris:ScarierMask"],"picked":"Runic Pyramid"},{"not_picked":["SlaversCollar","Astrolabe"],"picked":"hubris:Backtick"},{"not_picked":["Kintsugi","Ring of Chaos"],"picked":"Tiny House"}],"items_purged_floors":[14],"is_endless":false,"potions_floor_spawned":[1,3,8,11,12,22,23,28,35,45,46,47,54],"ascension_level":4}}