{"host":"dvpvhz1t6etneyb3","time":1609011789,"event":{"mods":["AchievementEnabler","BaseMod","Colored Map","Highlight Path","Minty Spire (QoL Compilation)","Permanent Neow","Quick Restart"],"gold_per_floor":[365,365,380,380,394,394,155,184,209,209,230,230,240,260,260,333,333,353,383,383,32,50,50,50,50],"floor_reached":24,"playtime":6644,"items_purged":["Writhe"],"score":388,"play_id":"65ed55c9-357d-4271-9938-7dbe46f5642c","local_time":"20201226144309","is_ascension_mode":true,"campfire_choices":[{"data":"Loop","floor":6.0,"key":"SMITH"},{"floor":10.0,"key":"REST"},{"floor":15.0,"key":"REST"},{"floor":23,"key":"REST"}],"circlet_count":0,"master_deck":["AscendersBane","Strike_B","Strike_B","Strike_B","Defend_B","Defend_B","Defend_B+1","Defend_B+1","Zap","Dualcast","Lockon","Loop+1","Defragment","Undo","Gash","Ball Lightning","Chill","Cold Snap","Electrodynamics","Core Surge","Darkness","Reinforced Body","Genetic Algorithm"],"relics":["Cracked Core","Pen Nib","Boot","Odd Mushroom","SlaversCollar","Red Mask","Bottled Tornado","Kunai"],"acts_visited":["Exordium","TheCity"],"potions_floor_usage":[19,24],"damage_taken":[{"damage":7.0,"enemies":"2 Louse","floor":1.0,"turns":3.0},{"damage":7.0,"enemies":"Jaw Worm","floor":3.0,"turns":2.0},{"damage":1.0,"enemies":"Cultist","floor":5.0,"turns":3.0},{"damage":31.0,"enemies":"3 Sentries","floor":8.0,"turns":8.0},{"damage":20.0,"enemies":"The Mushroom Lair","floor":11.0,"turns":7.0},{"damage":6.0,"enemies":"Exordium Thugs","floor":13.0,"turns":4.0},{"damage":0.0,"enemies":"Large Slime","floor":14.0,"turns":2.0},{"damage":7.0,"enemies":"The Guardian","floor":16.0,"turns":12.0},{"damage":33,"enemies":"2 Thieves","floor":18,"turns":4},{"damage":0,"enemies":"Masked Bandits","floor":19,"turns":2},{"damage":7,"enemies":"Chosen","floor":22,"turns":5},{"damage":42,"enemies":"Book of Stabbing","floor":24,"turns":5}],"seed_played":"-9218995334215114731","potions_obtained":[{"floor":1.0,"key":"LiquidMemories"},{"floor":3.0,"key":"Energy Potion"},{"floor":5.0,"key":"Regen Potion"},{"floor":18,"key":"FocusPotion"},{"floor":19,"key":"FocusPotion"}],"is_trial":false,"path_per_floor":["M","?","M","?","M","R","$","E","T","R","?","?","M","M","R","B",null,"M","?","T","$","M","R","E"],"character_chosen":"DEFECT","items_purchased":["Defragment","Undo","Kunai","Reinforced Body"],"campfire_rested":3,"item_purchase_floors":[7,7,21,21],"current_hp_per_floor":[57,57,50,29,28,28,28,12,12,33,13,13,7,7,28,21,59,26,26,26,26,19,40,0,0],"gold":50,"neow_bonus":"TWO_FIFTY_GOLD","is_daily":false,"chose_seed":false,"campfire_upgraded":1,"win_rate":0.0,"timestamp":1609011789,"path_taken":["M","?","M","?","M","R","$","E","T","R","?","?","M","?","R","BOSS","M","?","?","$","M","R","E"],"items_purchased_type":["Card","Card","Relic","Card"],"build_version":"2020-12-22","purchased_purges":1,"victory":false,"max_hp_per_floor":[71,71,71,71,71,71,71,71,71,71,71,71,71,71,71,71,71,71,71,71,71,71,71,71,71],"card_choices":[{"not_picked":["Beam Cell","Fusion","Steam Power"],"picked":"SKIP","floor":1.0},{"not_picked":["Beam Cell","Rebound"],"picked":"Lockon","floor":3.0},{"not_picked":["Force Field","Hello World"],"picked":"Loop","floor":5.0},{"not_picked":["Loop","Rip and Tear"],"picked":"Gash","floor":8.0},{"not_picked":["Go for the Eyes","Streamline"],"picked":"Ball Lightning","floor":11.0},{"not_picked":["Gash","Streamline"],"picked":"Cold Snap","floor":13.0},{"not_picked":["Compile Driver","Rebound"],"picked":"Electrodynamics","floor":14.0},{"not_picked":["Electrodynamics","Creative AI"],"picked":"Core Surge","floor":16.0},{"not_picked":["Turbo","Undo"],"picked":"Darkness","floor":18},{"not_picked":["Streamline","Barrage"],"picked":"Genetic Algorithm","floor":22}],"player_experience":1985475,"relics_obtained":[{"floor":8.0,"key":"Pen Nib"},{"floor":9.0,"key":"Boot"},{"floor":11.0,"key":"Odd Mushroom"},{"floor":19,"key":"Red Mask"},{"floor":20,"key":"Bottled Tornado"}],"event_choices":[{"damage_healed":0.0,"max_hp_gain":0.0,"max_hp_loss":0.0,"gold_gain":0.0,"event_name":"Liars Game","player_choice":"Ignored","floor":2.0,"gold_loss":0.0,"damage_taken":0.0},{"damage_healed":0.0,"max_hp_gain":0.0,"max_hp_loss":0.0,"gold_gain":0.0,"event_name":"Shining Light","player_choice":"Entered Light","floor":4.0,"gold_loss":0.0,"damage_taken":21.0,"cards_upgraded":["Defend_B","Defend_B"]},{"damage_healed":0.0,"max_hp_gain":0.0,"max_hp_loss":0.0,"gold_gain":0.0,"event_name":"Mushrooms","player_choice":"Fought Mushrooms","floor":11.0,"gold_loss":0.0,"damage_taken":0.0},{"damage_healed":0.0,"max_hp_gain":0.0,"max_hp_loss":0.0,"gold_gain":0.0,"cards_transformed":["Strike_B"],"event_name":"Transmorgrifier","player_choice":"Transformed","floor":12.0,"gold_loss":0.0,"damage_taken":0.0,"cards_obtained":["Chill"]},{"damage_healed":0,"gold_gain":0,"player_choice":"Fought Bandits","damage_taken":0,"max_hp_gain":0,"max_hp_loss":0,"event_name":"Masked Bandits","floor":19,"gold_loss":0}],"is_beta":false,"boss_relics":[{"not_picked":["Cursed Key","Nuclear Battery"],"picked":"SlaversCollar"}],"items_purged_floors":[7],"is_endless":false,"potions_floor_spawned":[1,3,5,18,19],"killed_by":"Book of Stabbing","ascension_level":20}}