{"host":"121m0oxswv9tg9hk","time":1609005668,"event":{"mods":["AchievementEnabler","BaseMod","Better Third Choice","Downfall","Hermit","Hubris","Infinite Spire","MarisaÅiñ∂âJÅ@ñÇóùçπÅj","Minty Spire (QoL Compilation)","Replay The Spire","Shade Mod","StSLib","The Construct","The Cursed","The Gatherer","The Hierophant","The Mystic"],"gold_per_floor":[110,130,130,140,140,168,168,181,207,235,248,258,29,29,29],"floor_reached":14,"playtime":439,"items_purged":["Shade:Strike_Shade"],"score":138,"play_id":"680b2ecc-98ce-48b3-a4dc-330fcd6c1f7c","local_time":"20201226190108","is_ascension_mode":true,"campfire_choices":[{"floor":7,"key":"REST"}],"circlet_count":0,"master_deck":["Shade:Strike_Shade","Shade:Strike_Shade","Shade:Strike_Shade","Shade:Defend_Shade","Shade:Defend_Shade","Shade:Defend_Shade","Shade:Defend_Shade","Shade:AnimateDead","Shade:CarefulCut","Shade:Bonestorm","Shade:FreshBones","TheCursedMod:Stigma+1","mysticmod:Riposte","Guardian:DecasProtection","construct:LaserCore","Shade:Bonestorm","Replay:SS_hec_1","Shade:LichForm"],"relics":["Shade:YorickSkull","NeowsBlessing","PrismaticShard","Art of War","Juzu Bracelet"],"acts_visited":["Exordium"],"potions_floor_usage":[11],"damage_taken":[{"damage":0,"enemies":"infinitespire:Voidling","floor":1,"turns":1},{"damage":0,"enemies":"Jaw Worm","floor":2,"turns":1},{"damage":0,"enemies":"2 Louse","floor":4,"turns":1},{"damage":28,"enemies":"Gremlin Nob","floor":6,"turns":4},{"damage":0,"enemies":"Blue Slaver","floor":8,"turns":3},{"damage":13,"enemies":"3 Sentries","floor":10,"turns":6},{"damage":17,"enemies":"Gremlin Gang","floor":11,"turns":4},{"damage":0,"enemies":"Exordium Wildlife","floor":12,"turns":2},{"damage":28,"enemies":"Gremlin Nob","floor":14,"turns":3}],"seed_played":"-2430448126379777590","potions_obtained":[{"floor":6,"key":"champ:CounterPotion"},{"floor":8,"key":"Elixir"},{"floor":11,"key":"Elixir"}],"is_trial":false,"path_per_floor":["M","M","?","M","?","E","R","M","T","E","M","M","$","E"],"character_chosen":"SHADE","items_purchased":["Replay:SS_hec_1","Shade:LichForm"],"campfire_rested":1,"item_purchase_floors":[13,13],"current_hp_per_floor":[59,59,59,59,59,31,50,50,50,37,20,20,20,0,0],"gold":29,"neow_bonus":"THREE_ENEMY_KILL","is_daily":false,"chose_seed":false,"campfire_upgraded":0,"win_rate":0.0,"timestamp":1609005668,"path_taken":["M","?","?","M","?","E","R","M","T","E","M","M","$","E"],"items_purchased_type":["Card","Card"],"build_version":"2020-12-22","purchased_purges":1,"victory":false,"max_hp_per_floor":[65,65,65,65,65,65,65,65,65,65,65,65,65,65,65],"card_choices":[{"not_picked":["Shade:FingerOfDeath","Shade:SanguineRitual"],"picked":"Shade:Bonestorm","floor":1},{"not_picked":["Shade:FuneraryJewels","Shade:FingerOfDeath"],"picked":"Shade:FreshBones","floor":2},{"not_picked":["champ:GutPunch","construct:SaveState"],"picked":"TheCursedMod:Stigma","floor":4},{"not_picked":["Go for the Eyes","hierophant:PassingBell","Shade:CommandSoldier"],"picked":"SKIP","floor":6},{"not_picked":["Shade:Brains","Devotion"],"picked":"mysticmod:Riposte","floor":8},{"not_picked":["ForeignInfluence","construct:Analyze"],"picked":"Guardian:DecasProtection","floor":10},{"not_picked":["hierophant:RustyCrate","construct:Overcharge"],"picked":"construct:LaserCore","floor":11},{"not_picked":["hermit:Virtue","hubris:SlightOfHand"],"picked":"Shade:Bonestorm","floor":12}],"player_experience":2926421,"relics_obtained":[{"floor":6,"key":"Art of War"},{"floor":10,"key":"Juzu Bracelet"}],"event_choices":[],"is_beta":false,"boss_relics":[],"items_purged_floors":[13],"is_endless":false,"potions_floor_spawned":[6,8,11],"killed_by":"Gremlin Nob","ascension_level":7}}