{"host":"dhyczjm99amxd3qx","time":1609019023,"event":{"mods":["BaseMod","Colored Map","Googly Eyes","Highlight Path","Minty Spire (QoL Compilation)","Quick Restart","StSLib"],"gold_per_floor":[116,391,411,411,424,424,599,634,934,965,977,267,300,311,311,311,311],"floor_reached":16,"playtime":924,"items_purged":["Doubt"],"score":145,"play_id":"84a7c32c-1939-464d-9a7c-b26d2a7cf751","local_time":"20201226164343","is_ascension_mode":false,"campfire_choices":[{"data":"Bash","floor":6,"key":"SMITH"},{"data":"Strike_R","floor":15,"key":"PURGE"}],"circlet_count":0,"master_deck":["Strike_R","Strike_R","Strike_R","Strike_R","Defend_R","Defend_R","Defend_R","Defend_R","Bash+1","Clash","Headbutt","Juggernaut","Offering","Bandage Up","Thinking Ahead"],"relics":["Burning Blood","Peace Pipe","Old Coin","InkBottle","Boot","ClockworkSouvenir","Ancient Tea Set"],"acts_visited":["Exordium"],"potions_floor_usage":[8,8,13,16],"damage_taken":[{"damage":6,"enemies":"Jaw Worm","floor":1,"turns":3},{"damage":7,"enemies":"Cultist","floor":3,"turns":4},{"damage":2,"enemies":"Small Slimes","floor":5,"turns":4},{"damage":22,"enemies":"3 Sentries","floor":8,"turns":6},{"damage":39,"enemies":"Lagavulin","floor":10,"turns":6},{"damage":9,"enemies":"Blue Slaver","floor":11,"turns":4},{"damage":6,"enemies":"3 Sentries","floor":13,"turns":7},{"damage":20,"enemies":"Exordium Thugs","floor":14,"turns":4},{"damage":34,"enemies":"Hexaghost","floor":16,"turns":9}],"seed_played":"-49795561138505185","potions_obtained":[{"floor":1,"key":"DistilledChaos"},{"floor":3,"key":"DuplicationPotion"},{"floor":11,"key":"SpeedPotion"},{"floor":14,"key":"Explosive Potion"}],"is_trial":false,"path_per_floor":["M","?","M","?","M","R","?","E","T","E","M","$","E","M","R","B"],"character_chosen":"IRONCLAD","items_purchased":["Offering","Bandage Up","Thinking Ahead","Boot","ClockworkSouvenir"],"campfire_rested":0,"item_purchase_floors":[12,12,12,12,12],"current_hp_per_floor":[88,88,87,87,88,88,88,72,72,39,36,36,40,30,30,0,0],"gold":311,"neow_bonus":"TEN_PERCENT_HP_BONUS","is_daily":false,"chose_seed":false,"campfire_upgraded":1,"win_rate":0.0,"timestamp":1609019023,"path_taken":["M","?","?","?","?","R","?","E","T","E","M","?","E","M","R","BOSS"],"items_purchased_type":["Card","Card","Card","Relic","Relic"],"build_version":"2020-12-22","purchased_purges":1,"victory":false,"max_hp_per_floor":[88,88,88,88,88,88,88,88,88,88,88,88,88,88,88,88,88],"card_choices":[{"not_picked":["Heavy Blade","Sword Boomerang"],"picked":"Clash","floor":1},{"not_picked":["Havoc","Reckless Charge","Cleave"],"picked":"SKIP","floor":3},{"not_picked":["Fire Breathing","Perfected Strike"],"picked":"Headbutt","floor":5},{"not_picked":["Cleave","Wild Strike","Body Slam"],"picked":"SKIP","floor":8},{"not_picked":["Sword Boomerang","Power Through"],"picked":"Juggernaut","floor":10},{"not_picked":["Second Wind","Clash","Anger"],"picked":"SKIP","floor":11},{"not_picked":["Havoc","Thunderclap","Evolve"],"picked":"SKIP","floor":13},{"not_picked":["Wild Strike","Thunderclap","Bloodletting"],"picked":"SKIP","floor":14}],"player_experience":62749,"relics_obtained":[{"floor":8,"key":"Peace Pipe"},{"floor":9,"key":"Old Coin"},{"floor":10,"key":"InkBottle"},{"floor":13,"key":"Ancient Tea Set"}],"event_choices":[{"damage_healed":0,"gold_gain":275,"player_choice":"Desecrate","damage_taken":0,"max_hp_gain":0,"max_hp_loss":0,"event_name":"Golden Shrine","floor":2,"gold_loss":0,"cards_obtained":["Regret"]},{"cards_removed":["Regret"],"damage_healed":0,"gold_gain":0,"player_choice":"Purged","damage_taken":0,"max_hp_gain":0,"max_hp_loss":0,"event_name":"Purifier","floor":4,"gold_loss":0},{"damage_healed":0,"gold_gain":175,"player_choice":"AGREE","damage_taken":0,"max_hp_gain":0,"max_hp_loss":0,"event_name":"Liars Game","floor":7,"gold_loss":0,"cards_obtained":["Doubt"]}],"is_beta":false,"boss_relics":[],"items_purged_floors":[12],"is_endless":false,"potions_floor_spawned":[1,3,11,14],"killed_by":"Hexaghost","ascension_level":0}}