{"host":"rvh455abssmal91i","time":1609007759,"event":{"mods":["AchievementEnabler","Aspiration","BaseMod","Better Third Choice","BetterRewards","Colored Map","Colored Powertips","GifTheSpireLib","Gold Saver","Hermit","Highlight Path","Infinite Spire","Mimic Mod","Minty Spire (QoL Compilation)","Rare Cards Sparkle","Remove Card Discount Mod","Spikes Relics","StSLib","The Cursed","The Necromancer","The Runesmith","The Servant 0.9.4"],"gold_per_floor":[114,114,131,148,161,194,208,208,241,241,258,272,237,267,267,369,369,384,397,391,403,403,403,435,452,477,477,495,509,509,526,526,526,526],"floor_reached":33,"playtime":2781,"items_purged":["Runesmith:Strike_RS","Runesmith:Strike_RS","Runesmith:Defend_RS"],"score":283,"play_id":"d8d563a6-6df6-4120-ae12-9973a92f25d1","local_time":"20201226133559","is_ascension_mode":false,"campfire_choices":[{"data":"Runesmith:RuneHurl","floor":10,"key":"SMITH"},{"data":"Runesmith:EnergizedChisel","floor":15,"key":"SMITH"},{"data":"Runesmith:ChargedHammer","floor":23,"key":"SMITH"},{"floor":27,"key":"REST"},{"floor":30,"key":"REST"},{"floor":32,"key":"REST"}],"circlet_count":0,"master_deck":["Runesmith:Strike_RS","Runesmith:Strike_RS","Runesmith:Defend_RS","Runesmith:Defend_RS","Runesmith:Defend_RS","Runesmith:CraftFirestone","Runesmith:Fortify","Runesmith:HammerThrow","Runesmith:UnstableHammer","Runesmith:ReplicatingBarrier","Runesmith:RuneHurl+1","Runesmith:ChargedHammer+1","Runesmith:Repurpose","Runesmith:LithiumIon","Runesmith:EnergizedChisel+1","Runesmith:ChargedHammer","Runesmith:ArcReactor","Runesmith:Superposition+1","Runesmith:HeatExchange+1","Runesmith:Accelerate+1","Runesmith:Grindstone","Runesmith:HammerTime","Runesmith:ChiselStab+1","Runesmith:WhiteBalance"],"relics":["Runesmith:BrokenRuby","RoseTintedShades","Lantern","Vajra","Sandwich","Mummified Hand","aspiration:HiddenCompartment"],"acts_visited":["Exordium","TheCity"],"potions_floor_usage":[5,6,16],"damage_taken":[{"damage":5,"enemies":"Jaw Worm","floor":1,"turns":4},{"damage":1,"enemies":"Cultist","floor":3,"turns":3},{"damage":0,"enemies":"Small Slimes","floor":4,"turns":4},{"damage":0,"enemies":"2 Fungi Beasts","floor":5,"turns":3},{"damage":11,"enemies":"3 Sentries","floor":6,"turns":12},{"damage":11,"enemies":"3 Louse","floor":7,"turns":3},{"damage":11,"enemies":"Gremlin Gang","floor":9,"turns":5},{"damage":7,"enemies":"Gremlin Gang","floor":11,"turns":4},{"damage":5,"enemies":"Looter","floor":12,"turns":3},{"damage":4,"enemies":"Gremlin Nob","floor":14,"turns":3},{"damage":43,"enemies":"The Guardian","floor":16,"turns":10},{"damage":4,"enemies":"Shell Parasite","floor":18,"turns":4},{"damage":0,"enemies":"Spheric Guardian","floor":19,"turns":3},{"damage":6,"enemies":"Snecko","floor":21,"turns":4},{"damage":56,"enemies":"Book of Stabbing","floor":24,"turns":6},{"damage":0,"enemies":"Centurion and Healer","floor":25,"turns":3},{"damage":19,"enemies":"3 Cultists","floor":28,"turns":4},{"damage":2,"enemies":"Snake Plant","floor":29,"turns":2},{"damage":14,"enemies":"Centurion and Healer","floor":31,"turns":4},{"damage":48,"enemies":"Collector","floor":33,"turns":3}],"seed_played":"5931497768748349507","potions_obtained":[{"floor":1,"key":"Block Potion"},{"floor":2,"key":"Dexterity Potion"},{"floor":2,"key":"GamblersBrew"},{"floor":7,"key":"Swift Potion"},{"floor":11,"key":"ColorlessPotion"},{"floor":21,"key":"CultistPotion"},{"floor":25,"key":"LiquidBronze"}],"is_trial":false,"path_per_floor":["M","?","M","M","M","E","M","?","MIM","R","M","M","?","E","R","B",null,"M","M","$","M","?","R","E","M","T","R","M","M","R","M","R","B"],"character_chosen":"RUNESMITH_CLASS","items_purchased":[],"campfire_rested":3,"item_purchase_floors":[],"current_hp_per_floor":[72,72,71,71,71,60,49,77,66,66,59,54,73,69,69,26,77,73,73,73,67,67,67,11,11,11,34,15,13,36,22,45,0,0],"gold":526,"neow_bonus":"TEN_PERCENT_HP_BONUS","is_daily":false,"chose_seed":false,"campfire_upgraded":3,"win_rate":0.0,"timestamp":1609007759,"path_taken":["M","?","?","M","M","E","M","?","MIM","R","M","M","?","E","R","BOSS","M","M","$","M","?","R","E","M","T","R","M","?","R","M","R","BOSS"],"items_purchased_type":[],"build_version":"2020-12-22","purchased_purges":3,"victory":false,"max_hp_per_floor":[77,77,77,77,77,77,77,77,77,77,77,77,77,77,77,77,77,77,77,77,77,77,77,77,77,77,77,77,77,77,77,77,77,77],"card_choices":[{"not_picked":["Runesmith:Accelerate","Runesmith:StaticCage"],"picked":"Runesmith:HammerThrow","floor":1},{"not_picked":["Runesmith:MakeshiftArmor","Runesmith:HammerThrow","Runesmith:HammerAndChisel"],"picked":"SKIP","floor":3},{"not_picked":["Runesmith:BackupBattery","Runesmith:WhiteBalance"],"picked":"Runesmith:UnstableHammer","floor":4},{"not_picked":["Runesmith:HeatExchange","Runesmith:Repurpose"],"picked":"Runesmith:ReplicatingBarrier","floor":5},{"not_picked":["Runesmith:FrozenChisel","Runesmith:Repurpose"],"picked":"Runesmith:RuneHurl","floor":6},{"not_picked":["Runesmith:MakeshiftArmor","aspiration:UnbridledHammer"],"picked":"Runesmith:ChargedHammer","floor":7},{"not_picked":["Runesmith:NanitesCloud","Runesmith:UnstableHammer"],"picked":"Runesmith:Repurpose","floor":9},{"not_picked":["Runesmith:ShiftingStrike","aspiration:UnbridledHammer"],"picked":"Runesmith:LithiumIon","floor":11},{"not_picked":["Runesmith:UnstableHammer","Runesmith:CraftMagma"],"picked":"Runesmith:EnergizedChisel","floor":12},{"not_picked":["Runesmith:LightningRod","Runesmith:Grindstone"],"picked":"Runesmith:ChargedHammer","floor":14},{"not_picked":["Runesmith:CreatorForm","Runesmith:Duplicate"],"picked":"Runesmith:ArcReactor","floor":16},{"not_picked":["Runesmith:CraftProtectio","Runesmith:GoWithTheFlow"],"picked":"Runesmith:Superposition+1","floor":18},{"not_picked":["Runesmith:ShiftingStrike","Runesmith:PoweredAnvil","Runesmith:CraftProtectio"],"picked":"SKIP","floor":19},{"not_picked":["Runesmith:PoweredAnvil","Runesmith:CraftObretio"],"picked":"Runesmith:HeatExchange+1","floor":21},{"not_picked":["aspiration:UnbridledHammer","Runesmith:MakeshiftArmor"],"picked":"Runesmith:Accelerate+1","floor":24},{"not_picked":["Runesmith:CraftIncendium+1","Runesmith:NanitesCloud"],"picked":"Runesmith:Grindstone","floor":25},{"not_picked":["Runesmith:CraftMagma+1","Runesmith:EnergizedChisel"],"picked":"Runesmith:HammerTime","floor":28},{"not_picked":["Runesmith:CraftProtectio","Runesmith:Supernova"],"picked":"Runesmith:ChiselStab+1","floor":29},{"not_picked":["Runesmith:RuneHurl","Runesmith:UnstableHammer"],"picked":"Runesmith:WhiteBalance","floor":31}],"player_experience":157400,"relics_obtained":[{"floor":6,"key":"RoseTintedShades"},{"floor":9,"key":"Lantern"},{"floor":14,"key":"Vajra"},{"floor":24,"key":"Mummified Hand"},{"floor":26,"key":"aspiration:HiddenCompartment"}],"event_choices":[{"damage_healed":0,"gold_gain":0,"player_choice":"Got Potions","damage_taken":0,"max_hp_gain":0,"max_hp_loss":0,"event_name":"Lab","floor":2,"gold_loss":0},{"damage_healed":28,"gold_gain":0,"player_choice":"Full Heal","damage_taken":0,"max_hp_gain":0,"max_hp_loss":0,"event_name":"Wheel of Change","floor":8,"gold_loss":0},{"damage_healed":19,"gold_gain":0,"player_choice":"Healed","damage_taken":0,"max_hp_gain":0,"max_hp_loss":0,"event_name":"The Cleric","floor":13,"gold_loss":35},{"damage_healed":0,"gold_gain":0,"player_choice":"Ignored","damage_taken":0,"max_hp_gain":0,"max_hp_loss":0,"event_name":"N\u0027loth","floor":22,"gold_loss":0}],"is_beta":false,"boss_relics":[{"not_picked":["Philosopher\u0027s Stone","Runic Pyramid"],"picked":"Sandwich"}],"items_purged_floors":[20,20,20],"is_endless":false,"potions_floor_spawned":[1,3,4,7,11,21,25,29],"killed_by":"Collector","ascension_level":0}}