{"host":"7p28azaanofcqx8s","time":1609008887,"event":{"mods":["Ascension Reborn","Aspiration","Astrologer","BaseMod","Downfall","GifTheSpireLib","Infinite Spire","Mad Scientist","Magitek Elite","Mathematician","Minty Spire (QoL Compilation)","READ ME - Guardian Mod","Somnambulant","StSLib","Stuff the Spire","SuperFastMode","Synergy Search","TestMod","The Administrix","The Cursed","The Disciple","The Elementalist","The Florist","The Jungle","The Necromancer","The Poker Player","The Runesmith"],"gold_per_floor":[99,114,133,157,157,157,157,192,212,2,2,2,2,26,45,45,45,45],"floor_reached":16,"playtime":740,"items_purged":["hexamod:Strike"],"score":102,"play_id":"c13d1933-7aae-421d-9d0e-2afcacc0bf87","local_time":"20201226125447","is_ascension_mode":true,"campfire_choices":[{"data":"hexamod:Float","floor":1,"key":"SMITH"},{"data":"hexamod:FastForward","floor":6,"key":"SMITH"},{"data":"hexamod:ChargedBarrage","floor":11,"key":"SMITH"},{"data":"hexamod:ThermalTransfer","floor":13,"key":"SMITH"}],"circlet_count":0,"master_deck":["hexamod:Strike","hexamod:Strike","hexamod:Strike","hexamod:Defend","hexamod:Defend","hexamod:Defend","hexamod:Defend","hexamod:Sear","hexamod:Float+1","hexamod:TimeWarp+1","hexamod:FastForward+1","hexamod:SecondSeal","hexamod:HeatMetal","hexamod:ChargedBarrage+1","hexamod:Hexaguard","hexamod:FastForward","hexamod:ThermalTransfer+1","hexamod:SpectersWail","hexamod:FirstSeal","hexamod:RainOfEmbers"],"relics":["hexamod:SpiritBrand","testmod-TestBox","StuffTheSpire:SapphireSignet","Eternal Feather"],"acts_visited":["Exordium"],"potions_floor_usage":[15],"damage_taken":[{"damage":5,"enemies":"Jaw Worm","floor":2,"turns":2},{"damage":0,"enemies":"2 Louse","floor":3,"turns":2},{"damage":0,"enemies":"Small Slimes","floor":4,"turns":3},{"damage":10,"enemies":"Lagavulin","floor":8,"turns":4},{"damage":3,"enemies":"Exordium Wildlife","floor":9,"turns":3},{"damage":0,"enemies":"downfall:FleeingMerchant","floor":10,"turns":4},{"damage":2,"enemies":"2 Fungi Beasts","floor":14,"turns":3},{"damage":15,"enemies":"Exordium Thugs","floor":15,"turns":3},{"damage":54,"enemies":"downfall:Defect","floor":16,"turns":6}],"seed_played":"7966729493990151696","potions_obtained":[{"floor":8,"key":"LiquidMemories"},{"floor":9,"key":"Energy Potion"},{"floor":14,"key":"Fire Potion"},{"floor":15,"key":"champ:CounterPotion"}],"is_trial":false,"path_per_floor":["R","M","M","M","?","R","T","E","M","$","R","?","R","M","M","B"],"character_chosen":"THE_SPIRIT","items_purchased":["hexamod:FastForward","hexamod:ThermalTransfer","hexamod:SpectersWail"],"campfire_rested":0,"item_purchase_floors":[10,10,10],"current_hp_per_floor":[63,58,58,58,58,58,58,48,47,47,56,56,63,61,53,0,0,0],"gold":45,"neow_bonus":"THREE_RARE_CARDS","is_daily":false,"chose_seed":false,"campfire_upgraded":4,"win_rate":0.0,"timestamp":1609008887,"path_taken":["R","M","M","M","?","R","T","E","M","$","R","?","R","M","M","BOSS"],"items_purchased_type":["Card","Card","Card"],"build_version":"2020-12-22","purchased_purges":1,"victory":false,"max_hp_per_floor":[63,63,63,63,63,63,63,63,63,63,63,63,63,63,63,63,63,63],"card_choices":[{"not_picked":["hexamod:SearingWound","hexamod:FifthSeal"],"picked":"hexamod:TimeWarp","floor":0},{"not_picked":["hexamod:BacktrackSmack","hexamod:RadiantFlame"],"picked":"hexamod:FastForward","floor":2},{"not_picked":["hexamod:GhostShield","hexamod:GhostLash"],"picked":"hexamod:SecondSeal","floor":3},{"not_picked":["hexamod:RecurringNightmare","hexamod:GhostShield"],"picked":"hexamod:HeatMetal","floor":4},{"not_picked":["hexamod:ShieldOfDarkness","hexamod:SwordOfDarkness"],"picked":"hexamod:ChargedBarrage","floor":8},{"not_picked":["hexamod:InspiringFlames","hexamod:SwordOfDarkness","hexamod:SpectralAdrenaline"],"picked":"SKIP","floor":9},{"not_picked":["hexamod:CrushingStance","hexamod:NightmareGuise"],"picked":"hexamod:Hexaguard","floor":10},{"not_picked":["hexamod:InspiringFlames","hexamod:ThermalTransfer"],"picked":"hexamod:FirstSeal","floor":14},{"not_picked":["hexamod:SpectersWail","hexamod:RecurringNightmare"],"picked":"hexamod:RainOfEmbers","floor":15}],"player_experience":166705,"relics_obtained":[{"floor":7,"key":"StuffTheSpire:SapphireSignet"},{"floor":8,"key":"Eternal Feather"}],"event_choices":[],"is_beta":false,"boss_relics":[],"items_purged_floors":[10],"is_endless":false,"potions_floor_spawned":[8,9,14,15],"killed_by":"downfall:Defect","ascension_level":0}}