{"host":"anox4050deqdcqoh","time":1609024371,"event":{"mods":["BaseMod","Colored Map","Minty Spire (QoL Compilation)","Quick Restart"],"gold_per_floor":[118,118,118,135,135,155,170,170,194,212,212,227,77,96,96,209,209,228,255,16,35,35,35,35],"floor_reached":23,"playtime":1617,"items_purged":[],"score":185,"play_id":"1a5922cb-c639-4777-a9db-fce7add514b5","local_time":"20201226181251","is_ascension_mode":false,"campfire_choices":[{"data":"ForeignInfluence","floor":8,"key":"SMITH"},{"floor":11,"key":"REST"},{"floor":15,"key":"REST"}],"circlet_count":0,"master_deck":["Strike_P+1","Strike_P+1","Strike_P+1","Defend_P+1","Defend_P+1","Defend_P+1","Defend_P+1","Eruption","Vigilance","ThirdEye+1","Sanctity","ForeignInfluence+1","Consecrate","DevaForm","Crescendo","Protect","Omniscience","Prostrate+1","ClearTheMind","Blind"],"relics":["PureWater","CeramicFish","Akabeko","Regal Pillow"],"acts_visited":["TheCity"],"potions_floor_usage":[19,23,23],"damage_taken":[{"damage":0,"enemies":"Small Slimes","floor":1,"turns":3},{"damage":0,"enemies":"2 Louse","floor":4,"turns":3},{"damage":2,"enemies":"Jaw Worm","floor":6,"turns":6},{"damage":15,"enemies":"Gremlin Gang","floor":7,"turns":5},{"damage":0,"enemies":"Blue Slaver","floor":10,"turns":3},{"damage":0,"enemies":"2 Fungi Beasts","floor":12,"turns":2},{"damage":8,"enemies":"Exordium Wildlife","floor":14,"turns":4},{"damage":9,"enemies":"Slime Boss","floor":16,"turns":5},{"damage":8,"enemies":"3 Byrds","floor":18,"turns":5},{"damage":10,"enemies":"2 Thieves","floor":19,"turns":2},{"damage":19,"enemies":"Snake Plant","floor":21,"turns":5},{"damage":51,"enemies":"Gremlin Leader","floor":23,"turns":4}],"seed_played":"8958132308730033313","potions_obtained":[{"floor":4,"key":"SteroidPotion"},{"floor":6,"key":"Strength Potion"},{"floor":10,"key":"Strength Potion"},{"floor":16,"key":"SteroidPotion"},{"floor":18,"key":"Explosive Potion"}],"is_trial":false,"path_per_floor":["M","?","?","M","?","M","M","R","T","M","R","M","$","M","R","B",null,"M","M","$","M","?","E"],"character_chosen":"WATCHER","items_purchased":["DevaForm","Crescendo","Regal Pillow","Blind"],"campfire_rested":2,"item_purchase_floors":[13,13,20,20],"current_hp_per_floor":[79,63,63,63,63,61,46,46,46,46,69,69,69,61,79,70,79,71,61,61,42,42,0,0],"gold":35,"neow_bonus":"TEN_PERCENT_HP_BONUS","is_daily":false,"chose_seed":false,"campfire_upgraded":1,"win_rate":0.0,"timestamp":1609024371,"path_taken":["M","?","?","M","?","M","M","R","T","?","R","M","$","M","R","BOSS","M","M","$","M","?","E"],"items_purchased_type":["Card","Card","Relic","Card"],"build_version":"2020-12-22","purchased_purges":0,"victory":false,"max_hp_per_floor":[79,79,79,79,79,79,79,79,79,79,79,79,79,79,79,79,79,79,79,79,79,79,79,79],"card_choices":[{"not_picked":["Fasting2","InnerPeace"],"picked":"ThirdEye","floor":1},{"not_picked":["EmptyFist","SandsOfTime"],"picked":"ForeignInfluence","floor":4},{"not_picked":["BowlingBash","JustLucky"],"picked":"Consecrate","floor":6},{"not_picked":["Conclude","Nirvana","LessonLearned"],"picked":"SKIP","floor":7},{"not_picked":["Consecrate","EmptyFist","Worship"],"picked":"SKIP","floor":10},{"not_picked":["ForeignInfluence","FearNoEvil","ThirdEye"],"picked":"SKIP","floor":12},{"not_picked":["FlurryOfBlows","Meditate"],"picked":"Protect","floor":14},{"not_picked":["DeusExMachina","LessonLearned"],"picked":"Omniscience","floor":16},{"not_picked":["JustLucky+1","InnerPeace+1"],"picked":"Prostrate+1","floor":18},{"not_picked":["InnerPeace+1","ThirdEye"],"picked":"ClearTheMind","floor":19},{"not_picked":["Collect","ConjureBlade","BattleHymn+1"],"picked":"SKIP","floor":21}],"player_experience":212162,"relics_obtained":[{"floor":9,"key":"Akabeko"}],"event_choices":[{"damage_healed":0,"gold_gain":0,"player_choice":"Entered Light","damage_taken":16,"max_hp_gain":0,"max_hp_loss":0,"event_name":"Shining Light","floor":2,"gold_loss":0,"cards_upgraded":["ThirdEye","Defend_P"]},{"damage_healed":0,"gold_gain":0,"cards_transformed":["Strike_P"],"player_choice":"Change","damage_taken":0,"max_hp_gain":0,"max_hp_loss":0,"event_name":"Living Wall","floor":3,"gold_loss":0,"cards_obtained":["Sanctity"]},{"damage_healed":0,"gold_gain":0,"player_choice":"Gave Potion","damage_taken":0,"relics_obtained":["CeramicFish"],"max_hp_gain":0,"max_hp_loss":0,"event_name":"WeMeetAgain","floor":5,"gold_loss":0},{"damage_healed":0,"gold_gain":0,"player_choice":"Simplicity","damage_taken":0,"max_hp_gain":0,"max_hp_loss":0,"event_name":"Back to Basics","floor":22,"gold_loss":0,"cards_upgraded":["Strike_P","Strike_P","Strike_P","Defend_P","Defend_P","Defend_P"]}],"is_beta":false,"boss_relics":[{"not_picked":["Empty Cage","Cursed Key","Runic Dome"]}],"items_purged_floors":[],"is_endless":false,"potions_floor_spawned":[4,6,10,16,18],"killed_by":"Gremlin Leader","ascension_level":0}}