{"host":"3jpwrwmmgyabjceh","time":1609012909,"event":{"mods":["AchievementEnabler","BaseMod","Colored Map","Colored Powertips","Highlight Path","Minty Spire (QoL Compilation)","Quick Restart","StSLib"],"gold_per_floor":[359,434,274,239,254,280,280,295,295,295,312,340,92,92,92,196,196,213,229,229,229],"floor_reached":20,"playtime":646,"items_purged":["Strike_R","Strike_R"],"score":228,"play_id":"e0a2b309-589a-4776-b9b8-0330fc45b83a","local_time":"20201226230149","is_ascension_mode":true,"campfire_choices":[{"floor":7.0,"key":"REST"},{"data":"Seeing Red","floor":10,"key":"SMITH"},{"data":"True Grit","floor":15,"key":"SMITH"}],"circlet_count":0,"master_deck":["Strike_R","Strike_R","Strike_R","Defend_R","Defend_R","Defend_R","Defend_R","Bash","Cleave","Spot Weakness","Clothesline","Heavy Blade","Seeing Red+1","True Grit+1","Barricade"],"relics":["Burning Blood","Bird Faced Urn","Eternal Feather","Bag of Marbles","Regal Pillow","Omamori","Calling Bell","Nunchaku","Letter Opener","Turnip"],"acts_visited":["Exordium","TheCity"],"potions_floor_usage":[11,11,12,18,19],"damage_taken":[{"damage":6.0,"enemies":"2 Louse","floor":1.0,"turns":2.0},{"damage":9.0,"enemies":"Jaw Worm","floor":5.0,"turns":2.0},{"damage":43.0,"enemies":"Lagavulin","floor":6.0,"turns":8.0},{"damage":0,"enemies":"Cultist","floor":8,"turns":3},{"damage":0,"enemies":"Lots of Slimes","floor":11,"turns":2},{"damage":15,"enemies":"3 Sentries","floor":12,"turns":5},{"damage":52,"enemies":"Slime Boss","floor":16,"turns":13},{"damage":6,"enemies":"Chosen","floor":18,"turns":6},{"damage":43,"enemies":"3 Byrds","floor":19,"turns":7},{"damage":30,"enemies":"Snecko","floor":20,"turns":4}],"seed_played":"-8824509932779976616","potions_obtained":[{"floor":6.0,"key":"BlessingOfTheForge"},{"floor":8,"key":"HeartOfIron"},{"floor":11,"key":"PowerPotion"},{"floor":16,"key":"Weak Potion"},{"floor":18,"key":"Swift Potion"}],"is_trial":false,"path_per_floor":["M","?","$","?","M","E","R","M","T","R","M","E","$","T","R","B",null,"M","M","M"],"character_chosen":"IRONCLAD","items_purchased":["Spot Weakness","Clothesline","Regal Pillow"],"campfire_rested":1,"item_purchase_floors":[3,3,13],"current_hp_per_floor":[56,45,45,65,62,25,49,55,55,61,67,60,60,60,66,20,65,65,28,0,0],"gold":229,"neow_bonus":"TWO_FIFTY_GOLD","is_daily":false,"chose_seed":false,"campfire_upgraded":2,"win_rate":0.0,"timestamp":1609012909,"path_taken":["M","?","$","?","M","E","R","M","T","R","?","E","$","?","R","BOSS","M","M","?"],"items_purchased_type":["Card","Card","Relic"],"build_version":"2020-12-22","purchased_purges":2,"victory":false,"max_hp_per_floor":[80,80,80,80,80,80,80,80,80,80,80,80,80,80,80,80,80,80,80,80,80],"card_choices":[{"not_picked":["Thunderclap","Second Wind"],"picked":"Cleave","floor":1.0},{"not_picked":["Bloodletting","Dropkick"],"picked":"Heavy Blade","floor":5.0},{"not_picked":["Pommel Strike","Metallicize","Fire Breathing"],"picked":"SKIP","floor":6.0},{"not_picked":["Clash","Searing Blow"],"picked":"Seeing Red","floor":8},{"not_picked":["Hemokinesis","Bloodletting","Perfected Strike"],"picked":"SKIP","floor":11},{"not_picked":["Corruption","Ghostly Armor"],"picked":"True Grit","floor":12},{"not_picked":["Exhume","Immolate"],"picked":"Barricade","floor":16},{"not_picked":["Iron Wave","Bloodletting","Carnage+1"],"picked":"SKIP","floor":18},{"not_picked":["Reckless Charge","Bludgeon","Clash"],"picked":"SKIP","floor":19}],"player_experience":290339,"relics_obtained":[{"floor":6.0,"key":"Bird Faced Urn"},{"floor":9,"key":"Eternal Feather"},{"floor":12,"key":"Bag of Marbles"},{"floor":14,"key":"Omamori"},{"floor":17,"key":"Nunchaku"},{"floor":17,"key":"Letter Opener"},{"floor":17,"key":"Turnip"}],"event_choices":[{"damage_healed":0.0,"max_hp_gain":0.0,"max_hp_loss":0.0,"gold_gain":75.0,"event_name":"World of Goop","player_choice":"Gather Gold","floor":2.0,"gold_loss":0.0,"damage_taken":11.0},{"damage_healed":20.0,"max_hp_gain":0.0,"max_hp_loss":0.0,"gold_gain":0.0,"event_name":"The Cleric","player_choice":"Healed","floor":4.0,"gold_loss":35.0,"damage_taken":0.0}],"is_beta":false,"boss_relics":[{"not_picked":["Busted Crown","Empty Cage"],"picked":"Calling Bell"}],"items_purged_floors":[3,13],"is_endless":false,"potions_floor_spawned":[6,8,11,16,18],"killed_by":"Snecko","ascension_level":5}}