{"host":"sa7ebub27cgn5wai","time":1609001313,"event":{"mods":["BaseMod","Colored Map","Minty Spire (QoL Compilation)","SuperFastMode"],"gold_per_floor":[115,115,126,142,142,142,153,153,153,153,78,78,97,112,112,208,208,227,241,241,9,19,19,37,53,80,115,132,149,183,196,196,196,196],"floor_reached":33,"playtime":644,"items_purged":["Strike_R"],"score":283,"play_id":"890b3f14-63fd-40eb-9811-11b5cdd12623","local_time":"20201227014833","is_ascension_mode":false,"campfire_choices":[{"data":"Sword Boomerang","floor":6,"key":"SMITH"},{"data":"Thunderclap","floor":8,"key":"SMITH"},{"data":"Twin Strike","floor":12,"key":"SMITH"},{"data":"Whirlwind","floor":15,"key":"SMITH"},{"data":"Inflame","floor":23,"key":"SMITH"},{"floor":32,"key":"REST"}],"circlet_count":0,"master_deck":["Strike_R+1","Strike_R+1","Strike_R+1","Strike_R+1","Defend_R+1","Defend_R+1","Defend_R+1","Defend_R+1","Bash","Spot Weakness+1","Sword Boomerang+1","Thunderclap+1","Twin Strike+1","Whirlwind+1","Inflame+1","Thunderclap","Inflame","Seeing Red","Shrug It Off+1","Sword Boomerang","Flex"],"relics":["Burning Blood","Lantern","Ornamental Fan","Bottled Lightning","Black Star","Sling","Orichalcum","Oddly Smooth Stone","White Beast Statue","PreservedInsect","Bottled Tornado"],"acts_visited":["Exordium","TheCity"],"potions_floor_usage":[19,27,27,30,30,30,33,33,33],"damage_taken":[{"damage":2,"enemies":"2 Louse","floor":1,"turns":2},{"damage":0,"enemies":"Small Slimes","floor":3,"turns":3},{"damage":6,"enemies":"Jaw Worm","floor":4,"turns":3},{"damage":5,"enemies":"Exordium Thugs","floor":7,"turns":2},{"damage":0,"enemies":"Large Slime","floor":13,"turns":3},{"damage":0,"enemies":"3 Louse","floor":14,"turns":1},{"damage":63,"enemies":"Hexaghost","floor":16,"turns":8},{"damage":5,"enemies":"Chosen","floor":18,"turns":3},{"damage":26,"enemies":"Spheric Guardian","floor":19,"turns":5},{"damage":20,"enemies":"3 Cultists","floor":22,"turns":5},{"damage":10,"enemies":"Cultist and Chosen","floor":24,"turns":2},{"damage":12,"enemies":"Centurion and Healer","floor":25,"turns":4},{"damage":19,"enemies":"Slavers","floor":27,"turns":3},{"damage":12,"enemies":"Snake Plant","floor":28,"turns":3},{"damage":0,"enemies":"Sentry and Sphere","floor":29,"turns":3},{"damage":3,"enemies":"Book of Stabbing","floor":30,"turns":3},{"damage":4,"enemies":"Snecko","floor":31,"turns":3},{"damage":67,"enemies":"Automaton","floor":33,"turns":8}],"seed_played":"1052906827128376996","potions_obtained":[{"floor":1,"key":"CultistPotion"},{"floor":7,"key":"FearPotion"},{"floor":19,"key":"Weak Potion"},{"floor":24,"key":"DuplicationPotion"},{"floor":28,"key":"EntropicBrew"},{"floor":29,"key":"DistilledChaos"},{"floor":31,"key":"Regen Potion"}],"is_trial":false,"path_per_floor":["M","?","M","M","?","R","M","R","T","$","$","R","M","M","R","B",null,"M","M","?","$","M","R","M","M","T","E","M","M","E","M","R","B"],"character_chosen":"IRONCLAD","items_purchased":["Sling","Inflame"],"campfire_rested":1,"item_purchase_floors":[21,21],"current_hp_per_floor":[80,80,80,80,68,68,69,69,69,69,69,69,75,80,80,23,80,80,60,60,60,46,46,42,36,36,23,17,23,26,28,52,0,0],"gold":196,"neow_bonus":"RANDOM_COMMON_RELIC","is_daily":false,"chose_seed":false,"campfire_upgraded":5,"win_rate":0.0,"timestamp":1609001313,"path_taken":["M","?","M","M","?","R","M","R","T","?","$","R","M","?","R","BOSS","M","M","?","$","M","R","M","M","T","E","M","M","E","M","R","BOSS"],"items_purchased_type":["Relic","Card"],"build_version":"2020-12-22","purchased_purges":1,"victory":false,"max_hp_per_floor":[80,80,80,80,80,80,80,80,80,80,80,80,80,80,80,80,80,80,80,80,80,80,80,80,80,80,80,80,80,80,80,80,80,80],"card_choices":[{"not_picked":["Hemokinesis","Ghostly Armor"],"picked":"Spot Weakness","floor":1},{"not_picked":["Heavy Blade","Blood for Blood"],"picked":"Sword Boomerang","floor":3},{"not_picked":["Rage","Dropkick"],"picked":"Thunderclap","floor":4},{"not_picked":["Reckless Charge","Rage"],"picked":"Twin Strike","floor":7},{"not_picked":["Pommel Strike","Intimidate"],"picked":"Whirlwind","floor":13},{"not_picked":["Clothesline","Wild Strike"],"picked":"Inflame","floor":14},{"not_picked":["Burning Pact","Whirlwind+1"],"picked":"Thunderclap","floor":18},{"not_picked":["Thunderclap","Carnage","Anger"],"picked":"SKIP","floor":19},{"not_picked":["Havoc","Heavy Blade","Berserk"],"picked":"SKIP","floor":22},{"not_picked":["Evolve+1","Bloodletting"],"picked":"Seeing Red","floor":24},{"not_picked":["Flex","Iron Wave+1"],"picked":"Shrug It Off+1","floor":25},{"not_picked":["Dropkick+1","Iron Wave+1"],"picked":"Sword Boomerang","floor":27},{"not_picked":["Reckless Charge","Thunderclap","Sever Soul"],"picked":"SKIP","floor":28},{"not_picked":["Body Slam","Burning Pact"],"picked":"Flex","floor":29},{"not_picked":["Body Slam","Whirlwind","Wild Strike+1"],"picked":"SKIP","floor":30},{"not_picked":["Warcry","Flex","Iron Wave"],"picked":"SKIP","floor":31}],"player_experience":290682,"relics_obtained":[{"floor":9,"key":"Bottled Lightning"},{"floor":26,"key":"Orichalcum"},{"floor":27,"key":"Oddly Smooth Stone"},{"floor":27,"key":"White Beast Statue"},{"floor":30,"key":"PreservedInsect"},{"floor":30,"key":"Bottled Tornado"}],"event_choices":[{"damage_healed":0,"gold_gain":0,"player_choice":"Grow","damage_taken":0,"max_hp_gain":0,"max_hp_loss":0,"event_name":"Living Wall","floor":2,"gold_loss":0,"cards_upgraded":["Spot Weakness"]},{"damage_healed":0,"gold_gain":0,"player_choice":"Success","damage_taken":12,"relics_obtained":["Ornamental Fan"],"max_hp_gain":0,"max_hp_loss":0,"event_name":"Scrap Ooze","floor":5,"gold_loss":0},{"damage_healed":0,"gold_gain":0,"player_choice":"Simplicity","damage_taken":0,"max_hp_gain":0,"max_hp_loss":0,"event_name":"Back to Basics","floor":20,"gold_loss":0,"cards_upgraded":["Strike_R","Strike_R","Strike_R","Strike_R","Defend_R","Defend_R","Defend_R","Defend_R"]}],"is_beta":false,"boss_relics":[{"not_picked":["Empty Cage","Calling Bell"],"picked":"Black Star"}],"items_purged_floors":[11],"is_endless":false,"potions_floor_spawned":[1,7,19,24,28,29,30,31],"killed_by":"Automaton","ascension_level":0}}