{"host":"dhyczjm99amxd3qx","time":1609017650,"event":{"mods":["BaseMod","Colored Map","Googly Eyes","Highlight Path","Minty Spire (QoL Compilation)","Quick Restart","StSLib"],"gold_per_floor":[119,394,29,45,59,90,104,31,99,118,118,118],"floor_reached":11,"playtime":711,"items_purged":["Regret"],"score":75,"play_id":"e280225d-6321-485e-b2dd-df33ff743432","local_time":"20201226162050","is_ascension_mode":false,"campfire_choices":[],"circlet_count":0,"master_deck":["Strike_B","Strike_B","Strike_B","Strike_B","Defend_B","Defend_B","Defend_B","Defend_B","Zap","Dualcast","Tempest","Heatsinks","Hello World","Ball Lightning","Chaos","Loop"],"relics":["Cracked Core","Pen Nib","Gambling Chip","CaptainsWheel","Ornamental Fan"],"acts_visited":["Exordium"],"potions_floor_usage":[6],"damage_taken":[{"damage":0,"enemies":"Small Slimes","floor":1,"turns":2},{"damage":1,"enemies":"Cultist","floor":4,"turns":3},{"damage":1,"enemies":"Jaw Worm","floor":5,"turns":3},{"damage":24,"enemies":"3 Sentries","floor":6,"turns":7},{"damage":11,"enemies":"Exordium Thugs","floor":7,"turns":4},{"damage":19,"enemies":"Lots of Slimes","floor":10,"turns":6},{"damage":41,"enemies":"Gremlin Nob","floor":11,"turns":4}],"seed_played":"2238377569851849528","potions_obtained":[{"floor":4,"key":"SpeedPotion"},{"floor":6,"key":"SmokeBomb"}],"is_trial":false,"path_per_floor":["M","?","$","M","M","E","M","$","T","M","E"],"character_chosen":"DEFECT","items_purchased":["Gambling Chip","Loop"],"campfire_rested":0,"item_purchase_floors":[3,8],"current_hp_per_floor":[75,75,75,74,73,49,38,38,38,19,0,0],"gold":118,"neow_bonus":"RANDOM_COMMON_RELIC","is_daily":false,"chose_seed":false,"campfire_upgraded":0,"win_rate":0.0,"timestamp":1609017650,"path_taken":["M","?","$","?","M","E","?","$","T","M","E"],"items_purchased_type":["Relic","Card"],"build_version":"2020-12-22","purchased_purges":1,"victory":false,"max_hp_per_floor":[75,75,75,75,75,75,75,75,75,75,75,75],"card_choices":[{"not_picked":["Steam","Leap"],"picked":"Tempest","floor":1},{"not_picked":["Redo","Turbo"],"picked":"Heatsinks","floor":4},{"not_picked":["Gash","Scrape"],"picked":"Hello World","floor":5},{"not_picked":["Steam","Sunder"],"picked":"Ball Lightning","floor":6},{"not_picked":["Turbo","Rebound"],"picked":"Chaos","floor":7},{"not_picked":["Sweeping Beam","Barrage","Melter"],"picked":"SKIP","floor":10}],"player_experience":61629,"relics_obtained":[{"floor":6,"key":"CaptainsWheel"},{"floor":9,"key":"Ornamental Fan"}],"event_choices":[{"damage_healed":0,"gold_gain":275,"player_choice":"Desecrate","damage_taken":0,"max_hp_gain":0,"max_hp_loss":0,"event_name":"Golden Shrine","floor":2,"gold_loss":0,"cards_obtained":["Regret"]}],"is_beta":false,"boss_relics":[],"items_purged_floors":[3],"is_endless":false,"potions_floor_spawned":[4,6],"killed_by":"Gremlin Nob","ascension_level":0}}