{"host":"z5ys1wbqpsyqmecy","time":1609025088,"event":{"mods":["BaseMod","Colored Map","Colored Powertips","Minty Spire (QoL Compilation)","Relic Stats"],"gold_per_floor":[117,131,131,148,148,176,188,222,222,222,255,255,255,287,287,391,391,410,429,429,65,78,103,103,132,132,132,132,132,165,178,178,282,282,293,311,281,298,298,298,298],"floor_reached":40,"playtime":2643,"items_purged":["Regret"],"score":497,"play_id":"de41f965-f389-48d2-8890-f90b6570c838","local_time":"20201226152448","is_ascension_mode":false,"campfire_choices":[{"floor":10,"key":"REST"},{"floor":12,"key":"REST"},{"floor":15,"key":"REST"},{"data":"Infernal Blade","floor":24,"key":"SMITH"},{"floor":27,"key":"REST"},{"data":"Pummel","floor":29,"key":"SMITH"},{"floor":32,"key":"REST"}],"circlet_count":0,"master_deck":["Strike_R","Strike_R","Strike_R","Strike_R","Defend_R+1","Defend_R+1","Defend_R","Defend_R","Bash","Headbutt","Rampage+1","Flex","Strike_R","Infernal Blade+1","Armaments","Perfected Strike","Twin Strike","Inflame","Twin Strike","Spot Weakness","Intimidate","Offering","Twin Strike","Pummel+1","Power Through+1","Heavy Blade+1","Reckless Charge","Clash","Clash","Heavy Blade+1","Rage","Thunderclap","Berserk","Clash+1","Anger","Flame Barrier+1"],"relics":["Burning Blood","War Paint","Dream Catcher","WingedGreaves","Charon\u0027s Ashes","Mercury Hourglass","Bronze Scales","Blood Vial","SlaversCollar","Boot","Anchor","Happy Flower","Toy Ornithopter","Oddly Smooth Stone","Calipers","Bag of Preparation","Philosopher\u0027s Stone"],"acts_visited":["Exordium","TheCity","TheBeyond"],"potions_floor_usage":[8,8,16,25,25,31,33,33,38,38,40],"damage_taken":[{"damage":1,"enemies":"Cultist","floor":1,"turns":4},{"damage":7,"enemies":"2 Louse","floor":2,"turns":3},{"damage":8,"enemies":"Small Slimes","floor":4,"turns":3},{"damage":36,"enemies":"3 Sentries","floor":6,"turns":6},{"damage":12,"enemies":"Blue Slaver","floor":7,"turns":3},{"damage":14,"enemies":"Gremlin Nob","floor":8,"turns":3},{"damage":36,"enemies":"3 Sentries","floor":11,"turns":5},{"damage":20,"enemies":"Lagavulin","floor":14,"turns":4},{"damage":45,"enemies":"The Guardian","floor":16,"turns":7},{"damage":6,"enemies":"Shell Parasite","floor":18,"turns":3},{"damage":1,"enemies":"3 Byrds","floor":19,"turns":2},{"damage":21,"enemies":"Snake Plant","floor":22,"turns":3},{"damage":36,"enemies":"Slavers","floor":23,"turns":3},{"damage":26,"enemies":"Book of Stabbing","floor":25,"turns":3},{"damage":18,"enemies":"Gremlin Leader","floor":30,"turns":4},{"damage":0,"enemies":"Snecko","floor":31,"turns":2},{"damage":57,"enemies":"Automaton","floor":33,"turns":6},{"damage":28,"enemies":"3 Darklings","floor":35,"turns":3},{"damage":24,"enemies":"3 Shapes","floor":36,"turns":3},{"damage":20,"enemies":"Writhing Mass","floor":38,"turns":2},{"damage":61,"enemies":"Giant Head","floor":40,"turns":6}],"seed_played":"-2405268579790383224","potions_obtained":[{"floor":1,"key":"Ancient Potion"},{"floor":6,"key":"PowerPotion"},{"floor":7,"key":"PowerPotion"},{"floor":14,"key":"BloodPotion"},{"floor":19,"key":"BloodPotion"},{"floor":23,"key":"Regen Potion"},{"floor":25,"key":"ElixirPotion"},{"floor":31,"key":"Explosive Potion"},{"floor":36,"key":"SteroidPotion"},{"floor":37,"key":"DuplicationPotion"},{"floor":37,"key":"SpeedPotion"}],"is_trial":false,"path_per_floor":["M","M","?","M","?","E","M","E","T","R","E","R","?","E","R","B",null,"M","M","?","$","M","E","R","E","T","R","?","R","E","M","R","B",null,"M","M","?","M","?","E"],"character_chosen":"IRONCLAD","items_purchased":["Anchor","Happy Flower"],"campfire_rested":5,"item_purchase_floors":[21,21],"current_hp_per_floor":[80,79,79,77,77,47,41,33,33,57,27,51,51,37,61,40,80,80,80,80,80,65,37,37,54,54,78,78,78,68,80,80,35,80,58,42,42,40,40,0,0],"gold":298,"neow_bonus":"RANDOM_COMMON_RELIC","is_daily":false,"chose_seed":false,"campfire_upgraded":2,"win_rate":0.0,"timestamp":1609025088,"path_taken":["M","M","?","M","?","E","?","E","T","R","E","R","?","E","R","BOSS","M","M","?","$","M","E","R","E","T","R","?","R","E","M","R","BOSS","M","M","?","?","?","E"],"items_purchased_type":["Relic","Relic"],"build_version":"2020-12-22","purchased_purges":1,"victory":false,"max_hp_per_floor":[80,80,80,80,80,80,80,80,80,80,80,80,80,80,80,80,80,80,80,80,80,80,80,80,80,80,80,80,80,80,80,80,80,80,80,80,80,80,80,80,80],"relic_stats":{"Happy Flower":[11],"counters":[21,77],"Charon\u0027s Ashes":[132],"Bag of Preparation":[12],"War Paint":["Defend_R","Defend_R"],"Boot":[39],"Burning Blood":109,"Mercury Hourglass":[231],"Blood Vial":16,"Dream Catcher":5,"Bronze Scales":[191],"obtain_stats":[{"Calipers":26,"Happy Flower":21,"Oddly Smooth Stone":25,"Charon\u0027s Ashes":9,"Bag of Preparation":30,"War Paint":0,"Boot":20,"Burning Blood":0,"Mercury Hourglass":11,"Blood Vial":14,"SlaversCollar":17,"Dream Catcher":6,"Anchor":21,"Bronze Scales":13,"Philosopher\u0027s Stone":34,"WingedGreaves":8,"Toy Ornithopter":23},{"Calipers":14,"Happy Flower":11,"Oddly Smooth Stone":14,"Charon\u0027s Ashes":6,"Bag of Preparation":15,"War Paint":0,"Boot":11,"Burning Blood":0,"Mercury Hourglass":7,"Blood Vial":8,"SlaversCollar":9,"Dream Catcher":4,"Anchor":11,"Bronze Scales":7,"Philosopher\u0027s Stone":17,"WingedGreaves":6,"Toy Ornithopter":13},{"Calipers":51,"Happy Flower":43,"Oddly Smooth Stone":51,"Charon\u0027s Ashes":22,"Bag of Preparation":55,"War Paint":0,"Boot":43,"Burning Blood":0,"Mercury Hourglass":27,"Blood Vial":31,"SlaversCollar":38,"Dream Catcher":16,"Anchor":43,"Bronze Scales":27,"Philosopher\u0027s Stone":63,"WingedGreaves":22,"Toy Ornithopter":49}],"Toy Ornithopter":36},"card_choices":[{"not_picked":["Battle Trance","True Grit"],"picked":"Headbutt","floor":1},{"not_picked":["Burning Pact","Blood for Blood"],"picked":"Rampage","floor":2},{"not_picked":["Twin Strike","Carnage"],"picked":"Flex","floor":4},{"not_picked":["Sever Soul","Berserk"],"picked":"Infernal Blade","floor":6},{"not_picked":["Entrench","Hemokinesis"],"picked":"Armaments","floor":7},{"not_picked":["Twin Strike","Corruption"],"picked":"Perfected Strike","floor":8},{"not_picked":["Armaments","Hemokinesis"],"picked":"Twin Strike","floor":10},{"not_picked":["True Grit","Dark Embrace"],"picked":"Inflame","floor":11},{"not_picked":["Headbutt","Cleave"],"picked":"Twin Strike","floor":12},{"not_picked":["Whirlwind","Body Slam"],"picked":"Spot Weakness","floor":14},{"not_picked":["Entrench","Shrug It Off"],"picked":"Intimidate","floor":15},{"not_picked":["Demon Form","Impervious"],"picked":"Offering","floor":16},{"not_picked":["Clothesline","Shrug It Off"],"picked":"Twin Strike","floor":18},{"not_picked":["Power Through","Armaments"],"picked":"Pummel","floor":19},{"not_picked":["Twin Strike","Body Slam"],"picked":"Power Through+1","floor":22},{"not_picked":["Burning Pact","True Grit"],"picked":"Heavy Blade+1","floor":23},{"not_picked":["Intimidate","Cleave"],"picked":"Reckless Charge","floor":25},{"not_picked":["Inflame+1","Iron Wave"],"picked":"Clash","floor":27},{"not_picked":["Fiend Fire","Sword Boomerang"],"picked":"Heavy Blade+1","floor":30},{"not_picked":["Clothesline","Headbutt"],"picked":"Rage","floor":31},{"not_picked":["Body Slam","Hemokinesis"],"picked":"Thunderclap","floor":32},{"not_picked":["Juggernaut","Double Tap"],"picked":"Berserk","floor":33},{"not_picked":["Pummel+1","Metallicize+1"],"picked":"Clash+1","floor":35},{"not_picked":["Combust","Twin Strike"],"picked":"Anger","floor":36},{"not_picked":["Bloodletting","Spot Weakness+1"],"picked":"Flame Barrier+1","floor":38}],"player_experience":53279,"relics_obtained":[{"floor":6,"key":"Dream Catcher"},{"floor":8,"key":"WingedGreaves"},{"floor":9,"key":"Charon\u0027s Ashes"},{"floor":11,"key":"Mercury Hourglass"},{"floor":14,"key":"Blood Vial"},{"floor":23,"key":"Toy Ornithopter"},{"floor":25,"key":"Oddly Smooth Stone"},{"floor":26,"key":"Calipers"},{"floor":30,"key":"Bag of Preparation"}],"event_choices":[{"damage_healed":0,"gold_gain":0,"player_choice":"Grow","damage_taken":0,"max_hp_gain":0,"max_hp_loss":0,"event_name":"Living Wall","floor":3,"gold_loss":0,"cards_upgraded":["Rampage"]},{"cards_removed":["Strike_R"],"damage_healed":0,"gold_gain":0,"player_choice":"Took Card","damage_taken":0,"max_hp_gain":0,"max_hp_loss":0,"event_name":"NoteForYourself","floor":5,"gold_loss":0,"cards_obtained":["Strike_R"]},{"damage_healed":0,"gold_gain":0,"player_choice":"Box","damage_taken":0,"relics_obtained":["Bronze Scales"],"max_hp_gain":0,"max_hp_loss":0,"event_name":"Big Fish","floor":13,"gold_loss":0,"cards_obtained":["Regret"]},{"damage_healed":0,"gold_gain":0,"player_choice":"Opened","damage_taken":0,"relics_obtained":["Boot"],"max_hp_gain":0,"max_hp_loss":0,"event_name":"The Mausoleum","floor":20,"gold_loss":0,"cards_obtained":["Writhe"]},{"damage_healed":0,"gold_gain":0,"player_choice":"Copied","damage_taken":0,"max_hp_gain":0,"max_hp_loss":0,"event_name":"Duplicator","floor":28,"gold_loss":0,"cards_obtained":["Clash"]},{"damage_healed":0,"gold_gain":0,"player_choice":"Bought 2 Potions","damage_taken":0,"max_hp_gain":0,"max_hp_loss":0,"event_name":"The Woman in Blue","floor":37,"gold_loss":0},{"cards_removed":["Writhe"],"damage_healed":0,"gold_gain":0,"player_choice":"Removed Curses","damage_taken":0,"max_hp_gain":0,"max_hp_loss":0,"event_name":"Fountain of Cleansing","floor":39,"gold_loss":0}],"is_beta":false,"boss_relics":[{"not_picked":["Runic Dome","Empty Cage"],"picked":"SlaversCollar"},{"not_picked":["Snecko Eye","Coffee Dripper"],"picked":"Philosopher\u0027s Stone"}],"items_purged_floors":[21],"is_endless":false,"potions_floor_spawned":[1,6,7,14,19,23,25,31,36],"killed_by":"Giant Head","ascension_level":0}}