{"host":"4qkvkh7pd9qr2mca","time":1609021348,"event":{"mods":["AchievementEnabler","BaseMod","Colored Map","Colored Powertips","Highlight Path","Minty Spire (QoL Compilation)","Permanent Neow","Quick Restart","StSLib","SuperFastMode"],"gold_per_floor":[15,27,27,40,53,84,84,124,124,168,168,5,30,45,45,141,141,165,178,12,62,76,109,109,123,123,123,123,146,71,87,87,176,176,199,218,237,38,51,51,94,115,115,115,135,135,49,82,82,82,82,82],"floor_reached":51,"playtime":2413,"items_purged":["Strike_R"],"score":1402,"play_id":"ed7b0d56-11e4-43dd-bdcc-509da8952078","local_time":"20201226232228","is_ascension_mode":true,"campfire_choices":[{"floor":11.0,"key":"REST"},{"data":"Flame Barrier","floor":15.0,"key":"SMITH"},{"floor":24,"key":"REST"},{"data":"Immolate","floor":27,"key":"SMITH"},{"data":"True Grit","floor":32,"key":"SMITH"},{"data":"Apotheosis","floor":40,"key":"SMITH"},{"floor":44,"key":"REST"},{"floor":49,"key":"REST"}],"circlet_count":0,"master_deck":["AscendersBane","Strike_R","Defend_R","Defend_R","Defend_R","Bash","Bludgeon+1","Impervious","Cleave","Flame Barrier+1","Whirlwind","True Grit+1","Ghostly Armor","Exhume","Berserk+1","Battle Trance+1","Sword Boomerang+1","Disarm+1","Immolate+1","Shrug It Off","Shrug It Off","Spot Weakness","Shockwave","Heavy Blade","Shrug It Off","Juggernaut+1","Impervious","Disarm","Apotheosis+1","Intimidate+1","Berserk+1","Inflame+1"],"relics":["Burning Blood","Golden Idol","PreservedInsect","Vajra","Frozen Egg 2","Thread and Needle","Lee\u0027s Waffle","Velvet Choker","Orrery","HornCleat","StrikeDummy","SacredBark","MealTicket","Bottled Lightning","Letter Opener"],"acts_visited":["Exordium","TheCity","TheBeyond"],"potions_floor_usage":[25,35,36,37,51],"damage_taken":[{"damage":0.0,"enemies":"Jaw Worm","floor":1.0,"turns":3.0},{"damage":0.0,"enemies":"Small Slimes","floor":2.0,"turns":4.0},{"damage":1.0,"enemies":"Cultist","floor":4.0,"turns":3.0},{"damage":0.0,"enemies":"Large Slime","floor":5.0,"turns":4.0},{"damage":8.0,"enemies":"Gremlin Nob","floor":6.0,"turns":4.0},{"damage":20.0,"enemies":"3 Sentries","floor":8.0,"turns":6.0},{"damage":30.0,"enemies":"Lagavulin","floor":10.0,"turns":4.0},{"damage":0.0,"enemies":"2 Fungi Beasts","floor":13.0,"turns":3.0},{"damage":25.0,"enemies":"Gremlin Gang","floor":14.0,"turns":5.0},{"damage":45.0,"enemies":"The Guardian","floor":16.0,"turns":9.0},{"damage":25.0,"enemies":"3 Byrds","floor":18.0,"turns":4.0},{"damage":14.0,"enemies":"2 Thieves","floor":19.0,"turns":5.0},{"damage":0,"enemies":"Cultist and Chosen","floor":22,"turns":7},{"damage":17,"enemies":"Slavers","floor":23,"turns":4},{"damage":4,"enemies":"Shelled Parasite and Fungi","floor":25,"turns":5},{"damage":0,"enemies":"Centurion and Healer","floor":29,"turns":5},{"damage":0,"enemies":"Snecko","floor":31,"turns":2},{"damage":16,"enemies":"Champ","floor":33,"turns":10},{"damage":0,"enemies":"3 Darklings","floor":35,"turns":3},{"damage":2,"enemies":"Orb Walker","floor":36,"turns":3},{"damage":3,"enemies":"Sphere and 2 Shapes","floor":37,"turns":6},{"damage":0,"enemies":"Writhing Mass","floor":39,"turns":8},{"damage":30,"enemies":"Reptomancer","floor":41,"turns":6},{"damage":26,"enemies":"4 Shapes","floor":42,"turns":7},{"damage":25,"enemies":"Spire Growth","floor":45,"turns":6},{"damage":8,"enemies":"Nemesis","floor":48,"turns":5},{"damage":31,"enemies":"Time Eater","floor":50,"turns":10},{"damage":53,"enemies":"Donu and Deca","floor":51,"turns":7}],"seed_played":"6439047470065652874","potions_obtained":[{"floor":5.0,"key":"Fire Potion"},{"floor":6.0,"key":"LiquidBronze"},{"floor":14.0,"key":"Energy Potion"},{"floor":16.0,"key":"SpeedPotion"},{"floor":25,"key":"GamblersBrew"},{"floor":35,"key":"Block Potion"},{"floor":45,"key":"SpeedPotion"}],"is_trial":false,"path_per_floor":["M","M","?","M","M","E","?","E","T","E","R","$","M","M","R","B",null,"M","M","$","?","M","E","R","M","T","R","?","M","$","M","R","B",null,"M","M","M","$","M","R","E","M","T","R","M","?","$","E","R","B","B"],"character_chosen":"IRONCLAD","items_purchased":["Lee\u0027s Waffle","Orrery","Apotheosis","LiquidMemories"],"campfire_rested":4,"item_purchase_floors":[12,20,38,47],"current_hp_per_floor":[74,75,68,68,68,66,66,52,52,28,48,75,75,56,56,17,61,42,34,34,34,40,29,51,53,53,53,53,59,59,65,65,55,70,75,75,75,75,75,75,51,31,31,53,34,34,49,47,69,44,0,0],"gold":82,"neow_bonus":"TRANSFORM_TWO_CARDS","is_daily":false,"chose_seed":false,"campfire_upgraded":4,"win_rate":0.0,"timestamp":1609021348,"path_taken":["M","M","?","M","M","E","?","E","T","E","R","$","M","?","R","BOSS","M","M","$","?","M","E","R","M","T","R","?","M","$","M","R","BOSS","M","?","M","$","M","R","E","M","T","R","M","?","$","E","R","BOSS","BOSS"],"items_purchased_type":["Relic","Relic","Card","Potion"],"build_version":"2020-12-22","purchased_purges":1,"victory":false,"max_hp_per_floor":[75,75,68,68,68,68,68,68,68,68,68,75,75,75,75,75,75,75,75,75,75,75,75,75,75,75,75,75,75,75,75,75,75,75,75,75,75,75,75,75,75,75,75,75,75,75,75,75,75,75,75,75],"card_choices":[{"not_picked":["Iron Wave","Rage"],"picked":"Cleave","floor":1.0},{"not_picked":["Dropkick","Perfected Strike","Armaments"],"picked":"SKIP","floor":2.0},{"not_picked":["Clothesline","Warcry","Sever Soul"],"picked":"SKIP","floor":4.0},{"not_picked":["True Grit","Reckless Charge"],"picked":"Flame Barrier","floor":5.0},{"not_picked":["Limit Break","Warcry"],"picked":"Whirlwind","floor":6.0},{"not_picked":["Thunderclap","Wild Strike","Burning Pact"],"picked":"SKIP","floor":8.0},{"not_picked":["Warcry","Armaments"],"picked":"True Grit","floor":10.0},{"not_picked":["Pummel","True Grit"],"picked":"Ghostly Armor","floor":13.0},{"not_picked":["Battle Trance","Cleave"],"picked":"Exhume","floor":14.0},{"not_picked":["Bludgeon","Impervious"],"picked":"Berserk+1","floor":16.0},{"not_picked":["Dark Embrace+1","Intimidate+1"],"picked":"Battle Trance+1","floor":18.0},{"not_picked":["Anger","Intimidate"],"picked":"Sword Boomerang+1","floor":19.0},{"not_picked":["Perfected Strike","Reckless Charge"],"picked":"Disarm+1","floor":20.0},{"not_picked":["Warcry","Shrug It Off"],"picked":"Immolate","floor":20.0},{"not_picked":["Heavy Blade","Bloodletting"],"picked":"Shrug It Off","floor":20.0},{"not_picked":["Sever Soul","Perfected Strike"],"picked":"Shrug It Off","floor":20.0},{"not_picked":["Heavy Blade","Armaments"],"picked":"Spot Weakness","floor":22},{"not_picked":["Clash+1","Entrench+1"],"picked":"Shockwave","floor":23},{"not_picked":["Searing Blow+1","Havoc"],"picked":"Heavy Blade","floor":25},{"not_picked":["Warcry","Havoc"],"picked":"Shrug It Off","floor":29},{"not_picked":["Sentinel","Armaments"],"picked":"Juggernaut+1","floor":31},{"not_picked":["Berserk+1","Offering"],"picked":"Impervious","floor":33},{"not_picked":["Havoc","True Grit","Warcry"],"picked":"SKIP","floor":35},{"not_picked":["Clothesline","Flex+1","Shockwave"],"picked":"SKIP","floor":36},{"not_picked":["Shrug It Off","Warcry"],"picked":"Disarm","floor":37},{"not_picked":["Armaments","Wild Strike"],"picked":"Intimidate+1","floor":39},{"not_picked":["Dark Embrace+1","Perfected Strike"],"picked":"Berserk+1","floor":41},{"not_picked":["Infernal Blade","Anger","Headbutt"],"picked":"SKIP","floor":42},{"not_picked":["Shrug It Off+1","Disarm"],"picked":"Inflame+1","floor":45},{"not_picked":["Heavy Blade","Entrench","Hemokinesis+1"],"picked":"SKIP","floor":48}],"player_experience":487349,"relics_obtained":[{"floor":6.0,"key":"PreservedInsect"},{"floor":8.0,"key":"Vajra"},{"floor":9.0,"key":"Frozen Egg 2"},{"floor":10.0,"key":"Thread and Needle"},{"floor":23,"key":"HornCleat"},{"floor":26,"key":"StrikeDummy"},{"floor":41,"key":"MealTicket"},{"floor":43,"key":"Bottled Lightning"},{"floor":48,"key":"Letter Opener"}],"event_choices":[{"damage_healed":0.0,"max_hp_gain":0.0,"max_hp_loss":7.0,"gold_gain":0.0,"event_name":"Golden Idol","player_choice":"Lose Max HP","floor":3.0,"gold_loss":0.0,"damage_taken":0.0,"relics_obtained":["Golden Idol"]},{"damage_healed":0.0,"max_hp_gain":0.0,"max_hp_loss":0.0,"gold_gain":0.0,"event_name":"Upgrade Shrine","player_choice":"Upgraded","floor":7.0,"gold_loss":0.0,"damage_taken":0.0,"cards_upgraded":["Bludgeon"]},{"damage_healed":0.0,"max_hp_gain":0.0,"max_hp_loss":0.0,"gold_gain":50.0,"event_name":"Nest","player_choice":"Stole From Cult","floor":21.0,"gold_loss":0.0,"damage_taken":0.0},{"cards_removed":["Strike_R"],"damage_healed":0,"gold_gain":0,"player_choice":"Offered Basic","damage_taken":0,"max_hp_gain":0,"max_hp_loss":0,"event_name":"Bonfire Elementals","floor":28,"gold_loss":0},{"cards_removed":["Strike_R"],"damage_healed":0,"gold_gain":0,"player_choice":"Purged","damage_taken":0,"max_hp_gain":0,"max_hp_loss":0,"event_name":"Purifier","floor":46,"gold_loss":0}],"is_beta":false,"boss_relics":[{"not_picked":["Philosopher\u0027s Stone","Runic Cube"],"picked":"Velvet Choker"},{"not_picked":["Busted Crown","SlaversCollar"],"picked":"SacredBark"}],"items_purged_floors":[30],"is_endless":false,"potions_floor_spawned":[5,6,14,16,22,25,33,35,45,48],"killed_by":"Donu and Deca","ascension_level":20}}