{"host":"cnluwb240fdd52tp","time":1609024655,"event":{"mods":["BaseMod","Colored Map","Minty Spire (QoL Compilation)","Rare Cards Sparkle","StSLib"],"gold_per_floor":[118,118,130,305,324,353,364,392,419,449,449],"floor_reached":10,"playtime":821,"items_purged":[],"score":92,"play_id":"12ad1815-147f-422e-abf3-6aaa4010db35","local_time":"20201227001735","is_ascension_mode":true,"campfire_choices":[],"circlet_count":0,"master_deck":["Strike_R","Strike_R","Strike_R","Strike_R","Strike_R","Defend_R","Defend_R","Defend_R","Defend_R","Bash","Shrug It Off","Sword Boomerang","Doubt","Heavy Blade","Flex","Flex"],"relics":["Burning Blood","NeowsBlessing","Shuriken","Bag of Marbles","Ancient Tea Set","Toy Ornithopter","Toxic Egg 2"],"acts_visited":["Exordium"],"potions_floor_usage":[6,10],"damage_taken":[{"damage":0,"enemies":"Small Slimes","floor":1,"turns":1},{"damage":0,"enemies":"Cultist","floor":3,"turns":1},{"damage":0,"enemies":"2 Louse","floor":5,"turns":1},{"damage":16,"enemies":"Gremlin Nob","floor":6,"turns":4},{"damage":7,"enemies":"2 Fungi Beasts","floor":7,"turns":3},{"damage":35,"enemies":"Lagavulin","floor":8,"turns":7},{"damage":41,"enemies":"3 Sentries","floor":10,"turns":10}],"seed_played":"-95625310772156330","potions_obtained":[{"floor":5,"key":"EssenceOfSteel"},{"floor":7,"key":"SteroidPotion"},{"floor":10,"key":"AttackPotion"}],"is_trial":false,"path_per_floor":["M","?","M","?","M","E","M","E","T","E"],"character_chosen":"IRONCLAD","items_purchased":[],"campfire_rested":0,"item_purchase_floors":[],"current_hp_per_floor":[80,80,80,80,80,70,69,40,40,10,10],"gold":449,"neow_bonus":"THREE_ENEMY_KILL","is_daily":false,"chose_seed":false,"campfire_upgraded":0,"win_rate":0.0,"timestamp":1609024655,"path_taken":["M","?","?","?","M","E","M","E","T","E"],"items_purchased_type":[],"build_version":"2020-12-22","purchased_purges":0,"victory":false,"max_hp_per_floor":[80,80,80,80,80,80,80,80,80,80,80],"card_choices":[{"not_picked":["Warcry","Sever Soul"],"picked":"Shrug It Off","floor":1},{"not_picked":["Clash","Clothesline"],"picked":"Sword Boomerang","floor":3},{"not_picked":["Havoc","Anger"],"picked":"Heavy Blade","floor":5},{"not_picked":["True Grit","Perfected Strike"],"picked":"Flex","floor":6},{"not_picked":["Warcry","Intimidate","Pommel Strike"],"picked":"SKIP","floor":7},{"not_picked":["Battle Trance","Entrench"],"picked":"Flex","floor":8},{"not_picked":["Fiend Fire","Warcry+1","Blood for Blood"],"picked":"SKIP","floor":10}],"player_experience":142320,"relics_obtained":[{"floor":2,"key":"Shuriken"},{"floor":6,"key":"Bag of Marbles"},{"floor":8,"key":"Ancient Tea Set"},{"floor":9,"key":"Toy Ornithopter"},{"floor":10,"key":"Toxic Egg 2"}],"event_choices":[{"damage_healed":0,"gold_gain":0,"player_choice":"Relic","damage_taken":0,"max_hp_gain":0,"max_hp_loss":0,"event_name":"Wheel of Change","floor":2,"gold_loss":0},{"damage_healed":0,"gold_gain":175,"player_choice":"AGREE","damage_taken":0,"max_hp_gain":0,"max_hp_loss":0,"event_name":"Liars Game","floor":4,"gold_loss":0,"cards_obtained":["Doubt"]}],"is_beta":false,"boss_relics":[],"items_purged_floors":[],"is_endless":false,"potions_floor_spawned":[5,7,10],"killed_by":"3 Sentries","ascension_level":1}}