{"host":"diy71vlueofrnn1o","time":1609008285,"event":{"mods":["2.2 Compatiblity","AchievementEnabler","BaseMod","Best Route Mod","Colored Map","Curses Come First","DeckTracker","Minty Spire (QoL Compilation)","Quick Restart","Rare Cards Sparkle","StSLib","SuperFastMode"],"gold_per_floor":[111,121,139,155,170,170,204,204,231,231,247,265,280,297,297,399,399,414,433,433,175,187,187,214,17,17,34,34,34],"floor_reached":28,"playtime":4438,"items_purged":["Defend_G","Underhanded Strike"],"score":369,"play_id":"1a9980d6-ced2-4a57-aacc-001684b433a5","local_time":"20201226194445","is_ascension_mode":true,"campfire_choices":[{"data":"Crippling Poison","floor":6,"key":"SMITH"},{"data":"Envenom","floor":8,"key":"SMITH"},{"data":"Die Die Die","floor":10,"key":"SMITH"},{"floor":15,"key":"REST"},{"data":"Terror","floor":23,"key":"SMITH"}],"circlet_count":0,"master_deck":["Defend_G","Defend_G","Defend_G","Defend_G","Survivor","Neutralize","Dagger Spray","Flying Knee","Die Die Die+1","Crippling Poison+1","Envenom+1","Bouncing Flask","Terror+1","Deadly Poison","Heel Hook","Doppelganger","Bane","Bouncing Flask","Bite","Bite","Bite","Bite","Bite","Footwork","Poisoned Stab+1","Backstab","Deflect+1"],"relics":["HoveringKite","Orichalcum","Snake Skull","Black Star","Blood Vial","Bag of Marbles","Smiling Mask","Pen Nib","Vajra"],"acts_visited":["Exordium","TheCity"],"potions_floor_usage":[4,5,7,12,18,19,22,22,27],"damage_taken":[{"damage":6,"enemies":"Cultist","floor":1,"turns":6},{"damage":0,"enemies":"2 Louse","floor":2,"turns":3},{"damage":7,"enemies":"Jaw Worm","floor":3,"turns":4},{"damage":14,"enemies":"Large Slime","floor":4,"turns":6},{"damage":0,"enemies":"3 Louse","floor":5,"turns":1},{"damage":18,"enemies":"Gremlin Nob","floor":7,"turns":4},{"damage":0,"enemies":"2 Fungi Beasts","floor":11,"turns":2},{"damage":8,"enemies":"Exordium Wildlife","floor":12,"turns":4},{"damage":0,"enemies":"Blue Slaver","floor":13,"turns":4},{"damage":7,"enemies":"Lots of Slimes","floor":14,"turns":2},{"damage":9,"enemies":"The Guardian","floor":16,"turns":7},{"damage":12,"enemies":"Spheric Guardian","floor":18,"turns":4},{"damage":6,"enemies":"3 Byrds","floor":19,"turns":3},{"damage":19,"enemies":"Snake Plant","floor":22,"turns":4},{"damage":26,"enemies":"Gremlin Leader","floor":24,"turns":6},{"damage":8,"enemies":"Centurion and Healer","floor":27,"turns":3},{"damage":35,"enemies":"Book of Stabbing","floor":28,"turns":3}],"seed_played":"-4875401768176160184","potions_obtained":[{"floor":3,"key":"Energy Potion"},{"floor":4,"key":"Explosive Potion"},{"floor":5,"key":"BlessingOfTheForge"},{"floor":7,"key":"DuplicationPotion"},{"floor":16,"key":"EntropicBrew"},{"floor":24,"key":"SteroidPotion"}],"is_trial":false,"path_per_floor":["M","M","M","M","M","R","E","R","T","R","M","M","M","M","R","B",null,"M","M","?","$","M","R","E","$","T","M","E"],"character_chosen":"THE_SILENT","items_purchased":["Blood Vial","Footwork","Pen Nib"],"campfire_rested":1,"item_purchase_floors":[21,21,25],"current_hp_per_floor":[57,57,50,36,36,36,18,18,18,18,18,10,10,3,24,15,56,44,38,38,38,29,29,11,11,11,11,0,0],"gold":34,"neow_bonus":"BOSS_RELIC","is_daily":false,"chose_seed":false,"campfire_upgraded":4,"win_rate":0.0,"timestamp":1609008285,"path_taken":["M","M","?","M","M","R","E","R","T","R","M","M","?","M","R","BOSS","M","M","?","$","M","R","E","$","T","M","E"],"items_purchased_type":["Relic","Card","Relic"],"build_version":"2020-12-22","purchased_purges":2,"victory":false,"max_hp_per_floor":[70,70,70,70,70,70,70,70,70,70,70,70,70,70,70,70,70,70,70,49,49,49,49,49,49,49,49,49,49],"card_choices":[{"not_picked":["Bane","Dodge and Roll"],"picked":"Dagger Spray","floor":1},{"not_picked":["Infinite Blades","Reflex"],"picked":"Underhanded Strike","floor":2},{"not_picked":["Dagger Spray","Dodge and Roll"],"picked":"Flying Knee","floor":3},{"not_picked":["Quick Slash","Outmaneuver"],"picked":"Die Die Die","floor":4},{"not_picked":["Deadly Poison","Escape Plan"],"picked":"Crippling Poison","floor":5},{"not_picked":["Outmaneuver","Night Terror"],"picked":"Envenom","floor":7},{"not_picked":["Poisoned Stab","Concentrate"],"picked":"Bouncing Flask","floor":11},{"not_picked":["Dash","Sucker Punch"],"picked":"Terror","floor":12},{"not_picked":["Deflect","Backflip"],"picked":"Deadly Poison","floor":13},{"not_picked":["Quick Slash","Blade Dance"],"picked":"Heel Hook","floor":14},{"not_picked":["Malaise","Night Terror"],"picked":"Doppelganger","floor":16},{"not_picked":["Sucker Punch","Finisher+1"],"picked":"Bane","floor":18},{"not_picked":["Prepared","Underhanded Strike"],"picked":"Bouncing Flask","floor":19},{"not_picked":["Cloak And Dagger+1","Expertise"],"picked":"Poisoned Stab+1","floor":22},{"not_picked":["Distraction","Backflip"],"picked":"Backstab","floor":24},{"not_picked":["Calculated Gamble","Setup"],"picked":"Deflect+1","floor":27}],"player_experience":397339,"relics_obtained":[{"floor":7,"key":"Orichalcum"},{"floor":9,"key":"Snake Skull"},{"floor":24,"key":"Bag of Marbles"},{"floor":24,"key":"Smiling Mask"},{"floor":26,"key":"Vajra"}],"event_choices":[{"damage_healed":0,"gold_gain":0,"player_choice":"Became a vampire","damage_taken":0,"max_hp_gain":0,"max_hp_loss":21,"event_name":"Vampires","floor":20,"gold_loss":0,"cards_obtained":["Bite","Bite","Bite","Bite","Bite"]}],"is_beta":false,"boss_relics":[{"not_picked":["Runic Pyramid","Tiny House"],"picked":"Black Star"}],"items_purged_floors":[21,25],"is_endless":false,"potions_floor_spawned":[3,4,5,7,16,24],"killed_by":"Book of Stabbing","ascension_level":8}}