{"host":"981nlwu0905dw1bz","time":1609006061,"event":{"mods":["BaseMod","DeckTracker","Minty Spire (QoL Compilation)","Rare Cards Sparkle","SuperFastMode"],"gold_per_floor":[119,138,138,155,155,184,184,201,201,201,51,63,63,95,95,197,197,210,63,63,73,90,90,103,103],"floor_reached":24,"playtime":1527,"items_purged":[],"score":270,"play_id":"996d0fe5-41ce-4c54-a482-66edd178a041","local_time":"20201227030741","is_ascension_mode":true,"campfire_choices":[{"floor":7.0,"key":"REST"},{"floor":15.0,"key":"REST"},{"floor":23,"key":"REST"}],"circlet_count":0,"master_deck":["Strike_R","Strike_R","Strike_R","Defend_R","Defend_R","Defend_R","Defend_R","Bash","Uppercut","Pommel Strike","Twin Strike","Iron Wave","Disarm","Cleave+1","Heavy Blade","Anger","Spot Weakness","Twin Strike","Iron Wave","Sever Soul","Thunderclap","Offering","Metallicize","Necronomicurse","Clothesline"],"relics":["Burning Blood","Bottled Lightning","Letter Opener","Orrery","Bag of Preparation","Sozu","ClockworkSouvenir","Necronomicon"],"acts_visited":["Exordium","TheCity"],"potions_floor_usage":[18,21],"damage_taken":[{"damage":10.0,"enemies":"Small Slimes","floor":1.0,"turns":3.0},{"damage":10.0,"enemies":"2 Louse","floor":2.0,"turns":3.0},{"damage":1.0,"enemies":"Cultist","floor":4.0,"turns":3.0},{"damage":35.0,"enemies":"Gremlin Nob","floor":6.0,"turns":5.0},{"damage":6.0,"enemies":"3 Louse","floor":8.0,"turns":3.0},{"damage":12.0,"enemies":"Looter","floor":12.0,"turns":3.0},{"damage":24.0,"enemies":"Lagavulin","floor":14.0,"turns":4.0},{"damage":51.0,"enemies":"The Guardian","floor":16.0,"turns":10.0},{"damage":27,"enemies":"3 Byrds","floor":18,"turns":3},{"damage":14,"enemies":"2 Thieves","floor":21,"turns":4},{"damage":18,"enemies":"Snake Plant","floor":22,"turns":2},{"damage":25,"enemies":"Cultist and Chosen","floor":24,"turns":4}],"seed_played":"3988004534257513569","potions_obtained":[{"floor":6.0,"key":"PowerPotion"},{"floor":12.0,"key":"Swift Potion"},{"floor":14.0,"key":"LiquidBronze"}],"is_trial":false,"path_per_floor":["M","M","?","M","?","E","R","M","T","?","$","M","?","E","R","B",null,"M","$","?","M","M","R","M"],"character_chosen":"IRONCLAD","items_purchased":["Orrery","ClockworkSouvenir"],"campfire_rested":3,"item_purchase_floors":[11,19],"current_hp_per_floor":[68,64,64,69,69,40,64,64,64,64,64,58,58,40,64,19,65,44,44,28,20,8,32,13,13],"gold":103,"neow_bonus":"TRANSFORM_CARD","is_daily":false,"chose_seed":false,"campfire_upgraded":0,"win_rate":0.0,"timestamp":1609006061,"path_taken":["M","M","?","M","?","E","R","?","T","?","$","M","?","E","R","BOSS","M","$","?","M","M","R","M"],"items_purchased_type":["Relic","Relic"],"build_version":"2020-12-22","purchased_purges":0,"victory":false,"max_hp_per_floor":[80,80,80,80,80,80,80,80,80,80,80,80,80,80,80,80,80,80,80,80,80,80,80,80,80],"card_choices":[{"not_picked":["Body Slam","Feel No Pain"],"picked":"Pommel Strike","floor":1.0},{"not_picked":["Infernal Blade","Pommel Strike"],"picked":"Twin Strike","floor":2.0},{"not_picked":["Body Slam","Wild Strike"],"picked":"Iron Wave","floor":4.0},{"not_picked":["Perfected Strike","Twin Strike"],"picked":"Cleave","floor":6.0},{"not_picked":["Dark Embrace","Evolve"],"picked":"Heavy Blade","floor":8.0},{"not_picked":["Twin Strike","Clash"],"picked":"Anger","floor":11.0},{"not_picked":["Limit Break","Sword Boomerang"],"picked":"Spot Weakness","floor":11.0},{"not_picked":["True Grit","Warcry"],"picked":"Twin Strike","floor":11.0},{"not_picked":["Sword Boomerang","Headbutt"],"picked":"Iron Wave","floor":11.0},{"not_picked":["Twin Strike","Body Slam"],"picked":"Sever Soul","floor":11.0},{"not_picked":["Shockwave","Bludgeon"],"picked":"Thunderclap","floor":12.0},{"not_picked":["Heavy Blade","Reckless Charge","Thunderclap"],"picked":"SKIP","floor":14.0},{"not_picked":["Immolate","Berserk"],"picked":"Offering","floor":16.0},{"not_picked":["Thunderclap","True Grit"],"picked":"Metallicize","floor":18},{"not_picked":["Thunderclap","Body Slam+1","Clash"],"picked":"SKIP","floor":21},{"not_picked":["True Grit+1","Thunderclap","Pommel Strike+1"],"picked":"SKIP","floor":22},{"not_picked":["Wild Strike+1","Fiend Fire"],"picked":"Clothesline","floor":24}],"player_experience":506818,"relics_obtained":[{"floor":6.0,"key":"Bottled Lightning"},{"floor":9.0,"key":"Letter Opener"},{"floor":14.0,"key":"Bag of Preparation"},{"floor":20,"key":"Necronomicon"}],"event_choices":[{"damage_healed":0.0,"max_hp_gain":0.0,"max_hp_loss":0.0,"gold_gain":0.0,"event_name":"Shining Light","player_choice":"Ignored","floor":3.0,"gold_loss":0.0,"damage_taken":0.0},{"damage_healed":0.0,"max_hp_gain":0.0,"max_hp_loss":0.0,"gold_gain":0.0,"cards_transformed":["Strike_R"],"event_name":"Transmorgrifier","player_choice":"Transformed","floor":5.0,"gold_loss":0.0,"damage_taken":0.0,"cards_obtained":["Disarm"]},{"damage_healed":0.0,"max_hp_gain":0.0,"max_hp_loss":0.0,"gold_gain":0.0,"event_name":"Golden Idol","player_choice":"Ignored","floor":10.0,"gold_loss":0.0,"damage_taken":0.0},{"damage_healed":0.0,"max_hp_gain":0.0,"max_hp_loss":0.0,"gold_gain":0.0,"event_name":"Upgrade Shrine","player_choice":"Upgraded","floor":13.0,"gold_loss":0.0,"damage_taken":0.0,"cards_upgraded":["Cleave"]},{"damage_healed":0,"gold_gain":0,"player_choice":"Obtained Book","damage_taken":16,"max_hp_gain":0,"max_hp_loss":0,"event_name":"Cursed Tome","floor":20,"gold_loss":0}],"is_beta":false,"boss_relics":[{"not_picked":["Tiny House","Velvet Choker"],"picked":"Sozu"}],"items_purged_floors":[],"is_endless":false,"potions_floor_spawned":[6,12,14,21,22],"killed_by":"Cultist and Chosen","ascension_level":6}}