{"host":"enmin8e0t0h2jpek","time":1609018114,"event":{"mods":["AchievementEnabler","BaseMod","Colored Map","Colored Powertips","DeckTracker","Highlight Path","Minty Spire (QoL Compilation)","Quick Restart","Rare Cards Sparkle","Relic Stats","Replay The Spire","Shop Mod","StSLib","SuperFastMode","The Sage","slay the spire mod where everything is the same but ironclad has a cowboy hat"],"gold_per_floor":[114,127,143,318,336,369,369,383,683,701,712,712,712,712,712,735,735,833,833,844,759,786,786,786,803,816,816,284,284,365,381,398,26,37,72,72,72,72],"floor_reached":37,"playtime":2614,"items_purged":["Doubt"],"score":316,"play_id":"e935774f-95f9-45cb-bf5a-2d3edc1c42bb","local_time":"20201226222834","is_ascension_mode":false,"campfire_choices":[{"data":"ReplayTheSpireMod:Muscle Training","floor":7,"key":"SMITH"},{"data":"Cleave","floor":15,"key":"SMITH"},{"floor":17,"key":"REST"},{"data":"Limit Break","floor":27,"key":"SMITH"},{"data":"Life Link","floor":29,"key":"SMITH"},{"floor":36,"key":"REST"}],"circlet_count":0,"master_deck":["Strike_R","Strike_R","Strike_R","Strike_R","Defend_R","Defend_R","Defend_R","Defend_R","Bludgeon","Cleave+1","Heavy Blade","Thunderclap","Run Through","True Grit","ReplayTheSpireMod:Muscle Training+1","Shrug It Off","Clash","Massacre","Life Link+1","Limit Break+1","Metallicize+1","Bloodletting","Warcry+1","Dropkick","Dropkick","Iron Wave","Flex+1","Shockwave","Hemokinesis","Seeing Red"],"relics":["Anchor","Old Coin","Replay:M_SmolderingBlood","Odd Mushroom","Velvet Choker","Another Sword","Boot","Replay:WaspNest","Regal Pillow","Mirror","Replay:Rubber Ducky","Ancient Tea Set","Chameleon Ring"],"acts_visited":["Exordium","TheCity"],"potions_floor_usage":[8,8,37,37],"damage_taken":[{"damage":1,"enemies":"Jaw Worm","floor":1,"turns":2},{"damage":6,"enemies":"2 Louse","floor":2,"turns":2},{"damage":0,"enemies":"Small Slimes","floor":3,"turns":3},{"damage":10,"enemies":"Looter","floor":5,"turns":2},{"damage":28,"enemies":"Gremlin Nob","floor":6,"turns":4},{"damage":12,"enemies":"Exordium Thugs","floor":8,"turns":4},{"damage":12,"enemies":"Lots of Slimes","floor":10,"turns":4},{"damage":0,"enemies":"2 Fungi Beasts","floor":11,"turns":2},{"damage":20,"enemies":"The Mushroom Lair","floor":16,"turns":5},{"damage":52,"enemies":"Fading Forest","floor":18,"turns":11},{"damage":10,"enemies":"Chosen","floor":20,"turns":4},{"damage":12,"enemies":"2 Thieves","floor":25,"turns":3},{"damage":0,"enemies":"Snake Plant","floor":26,"turns":2},{"damage":15,"enemies":"3 Cultists","floor":31,"turns":4},{"damage":10,"enemies":"Shelled Parasite and Fungi","floor":32,"turns":6},{"damage":3,"enemies":"Centurion and Healer","floor":34,"turns":4},{"damage":7,"enemies":"Book of Stabbing","floor":35,"turns":3},{"damage":69,"enemies":"Automaton","floor":37,"turns":6}],"seed_played":"-3985099558124487967","potions_obtained":[{"floor":2,"key":"Adrenaline Potion"},{"floor":6,"key":"BloodPotion"},{"floor":8,"key":"Fruit Juice"},{"floor":10,"key":"LiquidMemories"},{"floor":31,"key":"LiquidBronze"},{"floor":32,"key":"BlessingOfTheForge"}],"is_trial":false,"path_per_floor":["M","M","M","?","M","E","R","M","T","M","M","PTL","PTL","?","R","?","R","B",null,"M","?","T","PTL","PTL","M","M","R","$","R","T","M","M","$","M","E","R","B"],"character_chosen":"IRONCLAD","items_purchased":["Replay:WaspNest","Regal Pillow","Dropkick","Replay:Rubber Ducky","Ancient Tea Set","Shockwave"],"campfire_rested":2,"item_purchase_floors":[28,28,28,33,33,33],"current_hp_per_floor":[72,72,72,72,68,46,46,60,60,54,60,60,60,60,60,40,63,31,77,67,67,67,67,67,55,55,55,55,55,55,40,30,30,27,20,58,0,0],"gold":72,"neow_bonus":"TRANSFORM_TWO_CARDS","is_daily":false,"chose_seed":false,"campfire_upgraded":4,"win_rate":0.0,"timestamp":1609018114,"path_taken":["M","M","M","?","M","E","R","M","T","M","M","PTL","PTL","?","R","?","R","BOSS","M","?","?","PTL","PTL","M","?","R","$","R","T","M","M","$","M","E","R","BOSS"],"items_purchased_type":["Relic","Relic","Card","Relic","Relic","Card"],"build_version":"2020-12-22","purchased_purges":1,"victory":false,"max_hp_per_floor":[72,72,72,72,72,72,72,77,77,77,77,77,77,77,77,77,77,77,77,77,77,77,77,77,77,77,77,77,77,77,77,77,77,77,77,77,77,77],"relic_stats":{"Regal Pillow":15,"counters":[18,71],"Boot":[13],"obtain_stats":[{"Regal Pillow":28,"Velvet Choker":19,"Replay:WaspNest":28,"Odd Mushroom":16,"Boot":22,"Ancient Tea Set":33,"Burning Blood":0,"Old Coin":9,"Replay:Rubber Ducky":33,"Anchor":6,"Chameleon Ring":35,"Replay:M_SmolderingBlood":14,"Another Sword":21,"Mirror":30},{"Regal Pillow":13,"Velvet Choker":10,"Replay:WaspNest":13,"Odd Mushroom":9,"Boot":11,"Ancient Tea Set":15,"Burning Blood":0,"Old Coin":6,"Replay:Rubber Ducky":15,"Anchor":5,"Chameleon Ring":17,"Replay:M_SmolderingBlood":8,"Another Sword":11,"Mirror":13},{"Regal Pillow":48,"Velvet Choker":39,"Replay:WaspNest":48,"Odd Mushroom":28,"Boot":43,"Ancient Tea Set":58,"Burning Blood":0,"Old Coin":17,"Replay:Rubber Ducky":58,"Anchor":13,"Chameleon Ring":65,"Replay:M_SmolderingBlood":23,"Another Sword":43,"Mirror":48}]},"card_choices":[{"not_picked":["True Grit","Power Through"],"picked":"Heavy Blade","floor":1},{"not_picked":["Pommel Strike","Iron Wave"],"picked":"Thunderclap","floor":2},{"not_picked":["Dual Wield","Sword Boomerang"],"picked":"Run Through","floor":3},{"not_picked":["Flame Barrier","Second Wind"],"picked":"True Grit","floor":5},{"not_picked":["Combust","Cleave"],"picked":"ReplayTheSpireMod:Muscle Training","floor":6},{"not_picked":["Dual Wield","Combust"],"picked":"Shrug It Off","floor":8},{"not_picked":["Abandon","Armaments"],"picked":"Clash","floor":10},{"not_picked":["Dark Embrace","Cleave"],"picked":"Massacre","floor":11},{"not_picked":["Thunderclap","Warcry"],"picked":"Life Link","floor":16},{"not_picked":["Juggernaut","Replay:Many Hands"],"picked":"Limit Break","floor":18},{"not_picked":["Warcry+1","Feel No Pain+1"],"picked":"Metallicize+1","floor":20},{"not_picked":["Clash","Flame Barrier+1"],"picked":"Bloodletting","floor":25},{"not_picked":["Shrug It Off","Run Through"],"picked":"Warcry+1","floor":26},{"not_picked":["Warcry","Shrug It Off"],"picked":"Iron Wave","floor":31},{"not_picked":["Dual Wield","Sever Soul"],"picked":"Flex+1","floor":32},{"not_picked":["Dark Embrace","Sword Boomerang"],"picked":"Hemokinesis","floor":34},{"not_picked":["Sever Soul","ReplayTheSpireMod:Strike From Hell"],"picked":"Seeing Red","floor":35}],"player_experience":13486,"relics_obtained":[{"floor":6,"key":"Anchor"},{"floor":9,"key":"Old Coin"},{"floor":16,"key":"Odd Mushroom"},{"floor":22,"key":"Boot"},{"floor":30,"key":"Mirror"},{"floor":35,"key":"Chameleon Ring"}],"event_choices":[{"damage_healed":0,"gold_gain":175,"player_choice":"AGREE","damage_taken":0,"max_hp_gain":0,"max_hp_loss":0,"event_name":"Liars Game","floor":4,"gold_loss":0,"cards_obtained":["Doubt"]},{"damage_healed":0,"gold_gain":0,"player_choice":"Fought Mushrooms","damage_taken":0,"max_hp_gain":0,"max_hp_loss":0,"event_name":"Mushrooms","floor":16,"gold_loss":0},{"damage_healed":0,"gold_gain":0,"player_choice":"Obtained Relic","damage_taken":0,"relics_obtained":["Another Sword"],"max_hp_gain":0,"max_hp_loss":0,"event_name":"Addict","floor":21,"gold_loss":85}],"is_beta":false,"boss_relics":[{"not_picked":["Ectoplasm","ReplayTheSpireMod:DimensionalGlitch"],"picked":"Velvet Choker"}],"items_purged_floors":[28],"is_endless":false,"potions_floor_spawned":[2,6,8,10,31,32],"killed_by":"Automaton","ascension_level":0}}