{"host":"12piqfhmdln9x2la","time":1609001690,"event":{"mods":["2.2 Compatiblity","AchievementEnabler","BaseMod","BetterRewards","Colored Powertips","Minty Spire (QoL Compilation)","Quick Restart","SuperFastMode"],"gold_per_floor":[109,109,126,138,16,43,60,60,60],"floor_reached":8,"playtime":268,"items_purged":["Strike_G"],"score":61,"play_id":"19e4542b-fa0b-4046-a629-7a4a656f05d6","local_time":"20201227015450","is_ascension_mode":true,"campfire_choices":[],"circlet_count":0,"master_deck":["Strike_G","Strike_G","Strike_G","Strike_G","Defend_G","Defend_G","Defend_G","Defend_G","Survivor","Neutralize","Corpse Explosion","Noxious Fumes","Deadly Poison","Flying Knee","Bouncing Flask","Footwork","Deadly Poison","Prepared","Bane"],"relics":["Ring of the Snake","Lantern","Frozen Eye","Pocketwatch","Regal Pillow"],"acts_visited":["Exordium"],"potions_floor_usage":[],"damage_taken":[{"damage":0,"enemies":"Jaw Worm","floor":1,"turns":3},{"damage":0,"enemies":"Cultist","floor":3,"turns":3},{"damage":0,"enemies":"2 Louse","floor":4,"turns":2},{"damage":14,"enemies":"Gremlin Nob","floor":6,"turns":4},{"damage":9,"enemies":"Large Slime","floor":7,"turns":5},{"damage":18,"enemies":"Lagavulin","floor":8,"turns":2}],"seed_played":"6182723411178823693","potions_obtained":[{"floor":4,"key":"Block Potion"},{"floor":7,"key":"LiquidMemories"}],"is_trial":false,"path_per_floor":["M","?","M","M","$","E","M","E"],"character_chosen":"THE_SILENT","items_purchased":["Lantern","Frozen Eye","Corpse Explosion","Noxious Fumes","Regen Potion","Footwork","Deadly Poison"],"campfire_rested":0,"item_purchase_floors":[0,0,0,0,0,5,5],"current_hp_per_floor":[38,38,38,38,38,24,15,0,0],"gold":60,"neow_bonus":"","is_daily":false,"chose_seed":false,"campfire_upgraded":0,"win_rate":0.0,"timestamp":1609001690,"path_taken":["M","?","M","?","$","E","M","E"],"items_purchased_type":["Relic","Relic","Card","Card","Potion","Card","Card"],"build_version":"2020-12-22","purchased_purges":1,"victory":false,"max_hp_per_floor":[70,70,70,70,70,70,70,70,70],"card_choices":[{"not_picked":["Distraction","Dodge and Roll"],"picked":"Deadly Poison","floor":1},{"not_picked":["Blade Dance","Infinite Blades"],"picked":"Flying Knee","floor":3},{"not_picked":["PiercingWail","Flechettes"],"picked":"Bouncing Flask","floor":4},{"not_picked":["Choke","Sucker Punch"],"picked":"Prepared","floor":6},{"not_picked":["Outmaneuver","Accuracy"],"picked":"Bane","floor":7}],"player_experience":125991,"relics_obtained":[{"floor":6,"key":"Regal Pillow"}],"event_choices":[{"cards_removed":["Defend_G"],"damage_healed":0,"gold_gain":0,"player_choice":"Purged","damage_taken":0,"max_hp_gain":0,"max_hp_loss":0,"event_name":"Purifier","floor":2,"gold_loss":0}],"is_beta":false,"boss_relics":[],"items_purged_floors":[0],"is_endless":false,"potions_floor_spawned":[4,7],"killed_by":"Lagavulin","ascension_level":1}}