{"host":"q0yztes6vyjz67b3","time":1609008134,"event":{"mods":["BaseMod","Better Altar","Better Match","Better Note","Better Sensory Stone","Better Skull","Better Third Choice","Energized Spire","Halation","Hermit","Minty Spire (QoL Compilation)","Replay The Spire","StSLib","The Gatherer"],"gold_per_floor":[117,67,17,17,44,44,79,97,124,189,265,296,296,326,326,455,455,512,158,198,237,276,294,294],"floor_reached":23,"playtime":1141,"items_purged":[],"score":216,"play_id":"12b90e38-2b46-4611-9e5a-9844c4c69ce0","local_time":"20201226104214","is_ascension_mode":false,"campfire_choices":[{"data":"hermit:Maintenance","floor":6,"key":"SMITH"},{"floor":15,"key":"REST"}],"circlet_count":0,"master_deck":["hermit:Strike_Hermit","hermit:Strike_Hermit","hermit:Strike_Hermit","hermit:Defend_Hermit","hermit:Defend_Hermit","hermit:Defend_Hermit","hermit:Defend_Hermit","hermit:Snapshot","hermit:Covet","hermit:Maintenance+1","hermit:ItchyTrigger","Pain","hermit:Deadeye","hermit:Ricochet","hermit:TrackingShot","hermit:Virtue","hermit:Vantage","hermit:FinalCanter","hermit:Feint","hermit:ShadowCloak+1","hermit:Magnum"],"relics":["hermit:Momento","NeowsBlessing","Replay:Bandana","Replay:Wax Seal","Centennial Puzzle","halation:IllGainedPizza","energizedSpire:DeadBattery","Anchor","Sling"],"acts_visited":["Exordium","TheCity"],"potions_floor_usage":[16,20,23],"damage_taken":[{"damage":0,"enemies":"2 Louse","floor":1,"turns":1},{"damage":0,"enemies":"Lagavulin","floor":7,"turns":1},{"damage":0,"enemies":"Small Slimes","floor":8,"turns":1},{"damage":24,"enemies":"Gremlin Nob","floor":10,"turns":5},{"damage":1,"enemies":"Jaw Worm","floor":12,"turns":2},{"damage":13,"enemies":"3 Louse","floor":14,"turns":3},{"damage":42,"enemies":"The Guardian","floor":16,"turns":11},{"damage":27,"enemies":"3 Byrds","floor":18,"turns":6},{"damage":0,"enemies":"Chosen","floor":20,"turns":6},{"damage":26,"enemies":"Sentry and Sphere","floor":21,"turns":8},{"damage":28,"enemies":"Chosen and Byrds","floor":22,"turns":10},{"damage":24,"enemies":"Slavers","floor":23,"turns":3}],"seed_played":"-2148706154218022155","potions_obtained":[{"floor":8,"key":"CultistPotion"},{"floor":10,"key":"Death Potion"},{"floor":12,"key":"FairyPotion"},{"floor":18,"key":"AttackPotion"},{"floor":21,"key":"Milkshake"}],"is_trial":false,"path_per_floor":["M","?","$","?","T","R","E","M","T","?","?","M","?","M","R","B",null,"M","$","M","M","M","E"],"character_chosen":"HERMIT","items_purchased":["hermit:ItchyTrigger","Anchor","Sling","hermit:ShadowCloak+1"],"campfire_rested":1,"item_purchase_floors":[3,19,19,19],"current_hp_per_floor":[75,75,75,75,75,75,75,75,75,51,40,39,39,26,48,6,75,48,48,48,22,20,0,0],"gold":294,"neow_bonus":"THREE_ENEMY_KILL","is_daily":false,"chose_seed":false,"campfire_upgraded":1,"win_rate":0.0,"timestamp":1609008134,"path_taken":["M","?","$","?","?","R","E","M","T","?","?","M","?","M","R","BOSS","M","$","M","M","M","E"],"items_purchased_type":["Card","Relic","Relic","Card"],"build_version":"2020-12-22","purchased_purges":0,"victory":false,"max_hp_per_floor":[75,75,75,75,75,75,75,75,75,75,75,75,75,75,75,75,75,75,75,75,75,75,75,75],"card_choices":[{"not_picked":["hermit:HighCaliber","hermit:LuckOfTheDraw"],"picked":"hermit:Maintenance","floor":1},{"not_picked":["hermit:TakeAim","hermit:DeadMansHand"],"picked":"hermit:Deadeye","floor":7},{"not_picked":["hermit:Shortfuse","hermit:BodyArmor"],"picked":"hermit:Ricochet","floor":8},{"not_picked":["hermit:SprayPray","hermit:ShadowCloak"],"picked":"hermit:TrackingShot","floor":10},{"not_picked":["hermit:FullyLoaded","hermit:Roulette"],"picked":"hermit:Virtue","floor":12},{"not_picked":["hermit:Roulette","hermit:Cheat"],"picked":"hermit:Vantage","floor":14},{"not_picked":["hermit:RoundhouseKick","hermit:HighNoon"],"picked":"hermit:FinalCanter","floor":16},{"not_picked":["hermit:HoleUp","hermit:Vantage+1"],"picked":"hermit:Feint","floor":18},{"not_picked":["hermit:Roulette+1","hermit:BodyArmor","hermit:Grudge"],"picked":"SKIP","floor":20},{"not_picked":["hermit:HighCaliber","hermit:Maintenance","hermit:BodyArmor"],"picked":"SKIP","floor":21},{"not_picked":["hermit:Showdown+1","hermit:SprayPray"],"picked":"hermit:Magnum","floor":22}],"player_experience":523459,"relics_obtained":[{"floor":5,"key":"Replay:Bandana"},{"floor":7,"key":"Replay:Wax Seal"},{"floor":9,"key":"Centennial Puzzle"},{"floor":10,"key":"halation:IllGainedPizza"}],"event_choices":[{"cards_removed":["hermit:Strike_Hermit"],"damage_healed":0,"gold_gain":0,"player_choice":"Card Removal","damage_taken":0,"max_hp_gain":0,"max_hp_loss":0,"event_name":"The Cleric","floor":2,"gold_loss":50},{"damage_healed":0,"gold_gain":30,"player_choice":"Searched \u00272\u0027 times","damage_taken":0,"max_hp_gain":0,"max_hp_loss":0,"event_name":"Dead Adventurer","floor":10,"gold_loss":0},{"damage_healed":0,"gold_gain":75,"player_choice":"Gold","damage_taken":11,"max_hp_gain":0,"max_hp_loss":0,"event_name":"betterThird:BetterGoop","floor":11,"gold_loss":0},{"damage_healed":0,"gold_gain":0,"player_choice":"Bought 0 Potions","damage_taken":0,"max_hp_gain":0,"max_hp_loss":0,"event_name":"The Woman in Blue","floor":13,"gold_loss":0}],"is_beta":false,"boss_relics":[{"not_picked":["energizedSpire:StickyHand","Kintsugi"],"picked":"energizedSpire:DeadBattery"}],"items_purged_floors":[],"is_endless":false,"potions_floor_spawned":[8,10,12,14,18,21],"killed_by":"Slavers","ascension_level":0}}