{"host":"19tvufa8xx4wr4o1","time":1609020536,"event":{"mods":["AchievementEnabler","BaseMod","Better Sensory Stone","Better Third Choice","Highlight Path","Minty Spire (QoL Compilation)","Relic Stats","StSLib"],"gold_per_floor":[115,127,127,127,45,45,72,72,122,122,156,156,169,183,183,183,183],"floor_reached":16,"playtime":471,"items_purged":[],"score":189,"play_id":"a5fd6ef9-30bc-4569-82d0-3e03d6d9b9ec","local_time":"20201226160856","is_ascension_mode":true,"campfire_choices":[{"data":"Uppercut","floor":6,"key":"SMITH"},{"floor":8,"key":"REST"},{"floor":10,"key":"REST"},{"data":"Dropkick","floor":12,"key":"SMITH"},{"data":"Bash","floor":15,"key":"SMITH"}],"circlet_count":0,"master_deck":["AscendersBane","Strike_R","Strike_R","Strike_R","Defend_R","Defend_R","Defend_R","Defend_R","Bash+1","Uppercut+1","Pommel Strike","Reaper","Evolve","Dropkick+1","Clothesline"],"relics":["Empty Cage","Art of War","Orichalcum","Ancient Tea Set"],"acts_visited":["Exordium"],"potions_floor_usage":[11],"damage_taken":[{"damage":9,"enemies":"2 Louse","floor":1,"turns":5},{"damage":0,"enemies":"Small Slimes","floor":2,"turns":5},{"damage":30,"enemies":"Lagavulin","floor":7,"turns":6},{"damage":22,"enemies":"3 Sentries","floor":11,"turns":6},{"damage":0,"enemies":"Cultist","floor":13,"turns":2},{"damage":7,"enemies":"Looter","floor":14,"turns":3},{"damage":61,"enemies":"Slime Boss","floor":16,"turns":12}],"seed_played":"557733716243333861","potions_obtained":[{"floor":4,"key":"SkillPotion"},{"floor":4,"key":"Explosive Potion"},{"floor":7,"key":"CultistPotion"},{"floor":11,"key":"Ancient Potion"}],"is_trial":false,"path_per_floor":["M","M","?","?","$","R","E","R","T","R","E","R","M","M","R","B"],"character_chosen":"IRONCLAD","items_purchased":["Reaper"],"campfire_rested":2,"item_purchase_floors":[5],"current_hp_per_floor":[59,59,41,41,41,41,17,39,39,61,51,51,55,52,52,0,0],"gold":183,"neow_bonus":"BOSS_RELIC","is_daily":false,"chose_seed":false,"campfire_upgraded":3,"win_rate":0.0,"timestamp":1609020536,"path_taken":["M","M","?","?","$","R","E","R","T","R","E","R","?","M","R","BOSS"],"items_purchased_type":["Card"],"build_version":"2020-12-22","purchased_purges":0,"victory":false,"max_hp_per_floor":[75,75,75,75,75,75,75,75,75,75,75,75,75,75,75,75,75],"relic_stats":{"counters":[7,39],"Art of War":[2],"Orichalcum":[114],"obtain_stats":[{"Art of War":7,"Orichalcum":9,"Empty Cage":0,"Ancient Tea Set":11,"Burning Blood":0},{"Art of War":3,"Orichalcum":3,"Empty Cage":0,"Ancient Tea Set":4,"Burning Blood":0},{"Art of War":16,"Orichalcum":16,"Empty Cage":0,"Ancient Tea Set":22,"Burning Blood":0}]},"card_choices":[{"not_picked":["Headbutt","Armaments"],"picked":"Uppercut","floor":1},{"not_picked":["Anger","Flex"],"picked":"Pommel Strike","floor":2},{"not_picked":["Twin Strike","Metallicize"],"picked":"Evolve","floor":7},{"not_picked":["Anger","Wild Strike"],"picked":"Dropkick","floor":11},{"not_picked":["Dropkick","Second Wind"],"picked":"Clothesline","floor":13},{"not_picked":["Body Slam","Infernal Blade","Power Through"],"picked":"SKIP","floor":14}],"player_experience":533084,"relics_obtained":[{"floor":7,"key":"Art of War"},{"floor":9,"key":"Orichalcum"},{"floor":11,"key":"Ancient Tea Set"}],"event_choices":[{"damage_healed":0,"gold_gain":0,"player_choice":"LEAVE","damage_taken":18,"max_hp_gain":0,"max_hp_loss":0,"event_name":"betterThird:BetterScrap","floor":3,"gold_loss":0,"cards_obtained":["Masterful Stab"]},{"damage_healed":0,"gold_gain":0,"player_choice":"Got Potions","damage_taken":0,"max_hp_gain":0,"max_hp_loss":0,"event_name":"Lab","floor":4,"gold_loss":0}],"is_beta":false,"boss_relics":[],"items_purged_floors":[],"is_endless":false,"potions_floor_spawned":[7,11,13],"killed_by":"Slime Boss","ascension_level":15}}