{"host":"avjwtc49fhlk6kym","time":1609016479,"event":{"mods":["AchievementEnabler","BaseMod","Better Match","Better Note","Better Third Choice","Colored Map","Colored Powertips","Displayed Cursed Tome","Highlight Path","Minty Spire (QoL Compilation)","Permanent Neow","Quick Restart","StSLib"],"gold_per_floor":[112,112,127,138,158,188,188,222,249,249,249],"floor_reached":10,"playtime":425,"items_purged":[],"score":86,"play_id":"db69f745-dc76-4189-8972-29573723b659","local_time":"20201226160119","is_ascension_mode":true,"campfire_choices":[{"floor":7,"key":"REST"}],"circlet_count":0,"master_deck":["Strike_P","Strike_P","Strike_P","Defend_P","Defend_P","Defend_P","Defend_P","Eruption","Vigilance","PathToVictory","ClearTheMind","Wallop","FlyingSleeves","BowlingBash","Pain"],"relics":["Cursed Key","Girya","Potion Belt"],"acts_visited":["Exordium"],"potions_floor_usage":[5],"damage_taken":[{"damage":0,"enemies":"2 Louse","floor":1,"turns":2},{"damage":0,"enemies":"Small Slimes","floor":3,"turns":2},{"damage":2,"enemies":"Jaw Worm","floor":4,"turns":4},{"damage":0,"enemies":"Exordium Wildlife","floor":5,"turns":3},{"damage":27,"enemies":"Lagavulin","floor":6,"turns":4},{"damage":44,"enemies":"3 Sentries","floor":8,"turns":13},{"damage":22,"enemies":"Lagavulin","floor":10,"turns":4}],"seed_played":"7840733320949167277","potions_obtained":[{"floor":3,"key":"SmokeBomb"},{"floor":4,"key":"AttackPotion"}],"is_trial":false,"path_per_floor":["M","?","M","M","M","E","R","E","T","E"],"character_chosen":"WATCHER","items_purchased":[],"campfire_rested":1,"item_purchase_floors":[],"current_hp_per_floor":[72,65,65,63,63,36,57,13,13,0,0],"gold":249,"neow_bonus":"BOSS_RELIC","is_daily":false,"chose_seed":false,"campfire_upgraded":0,"win_rate":0.0,"timestamp":1609016479,"path_taken":["M","?","M","M","M","E","R","E","T","E"],"items_purchased_type":[],"build_version":"2020-12-22","purchased_purges":0,"victory":false,"max_hp_per_floor":[72,72,72,72,72,72,72,72,72,72,72],"card_choices":[{"not_picked":["Protect","Wireheading"],"picked":"PathToVictory","floor":1},{"not_picked":["JustLucky","Prostrate"],"picked":"ClearTheMind","floor":3},{"not_picked":["WreathOfFlame","Worship","TalkToTheHand"],"picked":"SKIP","floor":4},{"not_picked":["FlyingSleeves","FollowUp"],"picked":"Wallop","floor":5},{"not_picked":["EmptyFist","ThirdEye"],"picked":"FlyingSleeves","floor":6},{"not_picked":["Wireheading","Swivel"],"picked":"BowlingBash","floor":8}],"player_experience":369689,"relics_obtained":[{"floor":6,"key":"Girya"},{"floor":8,"key":"Potion Belt"}],"event_choices":[{"cards_removed":["Strike_P"],"damage_healed":0,"gold_gain":0,"player_choice":"Card Removal","damage_taken":7,"max_hp_gain":0,"max_hp_loss":0,"event_name":"Golden Wing","floor":2,"gold_loss":0}],"is_beta":false,"boss_relics":[],"items_purged_floors":[],"is_endless":false,"potions_floor_spawned":[3,4],"killed_by":"Lagavulin","ascension_level":2}}