{"host":"bq4pt811tk9yrmjl","time":1609015524,"event":{"mods":["AchievementEnabler","BaseMod","Colored Map","Colored Powertips","Defuse TimeMaze Blight","Hermit","Minty Spire (QoL Compilation)","StSLib","SuperFastMode","UnlockEverythingMod"],"gold_per_floor":[113,40,51,326,244,244,282,296,347,371,371,400,426,451,451,552,552,552,552,552,552,552,256,256,256,256,291,291,307,326,340,340,435,435,452,452,301,310,310,310,325,339,339,359,359,359,105,122,122,122,122,122,122,156,156,156],"floor_reached":55,"playtime":1442,"items_purged":[],"score":695,"play_id":"768ef439-f85b-426c-9dcb-d291b3b3dbff","local_time":"20201226184524","is_ascension_mode":false,"campfire_choices":[{"data":"hermit:Snapshot","floor":6.0,"key":"SMITH"},{"data":"hermit:Brawl","floor":11.0,"key":"SMITH"},{"floor":15.0,"key":"REST"},{"data":"hermit:Maintenance","floor":24.0,"key":"SMITH"},{"floor":32.0,"key":"REST"},{"floor":40.0,"key":"RECALL"},{"data":"hermit:HighNoon","floor":45.0,"key":"SMITH"},{"floor":49,"key":"REST"},{"data":"hermit:FullyLoaded","floor":52,"key":"SMITH"}],"circlet_count":0,"master_deck":["hermit:Strike_Hermit+1","hermit:Strike_Hermit+1","hermit:Strike_Hermit+1","hermit:Strike_Hermit+1","hermit:Defend_Hermit+1","hermit:Defend_Hermit+1","hermit:Defend_Hermit+1","hermit:Defend_Hermit+1","hermit:Snapshot+1","hermit:Covet","hermit:BodyArmor","hermit:FullyLoaded+1","Regret","hermit:Determination","hermit:EyeOfTheStorm","hermit:Brawl+1","hermit:Maintenance+1","hermit:HighNoon+1","Writhe"],"relics":["hermit:Momento","NeowsBlessing","CeramicFish","MealTicket","Gremlin Horn","Busted Crown","Enchiridion","Juzu Bracelet","ClockworkSouvenir","Regal Pillow","Sozu","PreservedInsect","Singing Bowl","Toy Ornithopter","StrikeDummy","Centennial Puzzle"],"acts_visited":["Exordium","TheCity","TheBeyond","TheEnding"],"potions_floor_usage":[],"damage_taken":[{"damage":0.0,"enemies":"Cultist","floor":1.0,"turns":1.0},{"damage":0.0,"enemies":"2 Louse","floor":3.0,"turns":2.0},{"damage":0.0,"enemies":"3 Sentries","floor":7.0,"turns":2.0},{"damage":0.0,"enemies":"Jaw Worm","floor":8.0,"turns":4.0},{"damage":17.0,"enemies":"Looter","floor":10.0,"turns":4.0},{"damage":21.0,"enemies":"Gremlin Nob","floor":12.0,"turns":5.0},{"damage":12.0,"enemies":"Large Slime","floor":13.0,"turns":5.0},{"damage":6.0,"enemies":"Blue Slaver","floor":14.0,"turns":5.0},{"damage":36.0,"enemies":"The Guardian","floor":16.0,"turns":11.0},{"damage":0.0,"enemies":"3 Byrds","floor":18.0,"turns":1.0},{"damage":25.0,"enemies":"Slavers","floor":27.0,"turns":5.0},{"damage":10.0,"enemies":"Colosseum Slavers","floor":28.0,"turns":5.0},{"damage":10.0,"enemies":"Spheric Guardian","floor":29.0,"turns":3.0},{"damage":13.0,"enemies":"Snake Plant","floor":30.0,"turns":4.0},{"damage":6.0,"enemies":"Shelled Parasite and Fungi","floor":31.0,"turns":6.0},{"damage":10.0,"enemies":"Champ","floor":33.0,"turns":8.0},{"damage":7.0,"enemies":"Orb Walker","floor":35.0,"turns":3.0},{"damage":3.0,"enemies":"3 Shapes","floor":41.0,"turns":5.0},{"damage":13.0,"enemies":"Spire Growth","floor":42.0,"turns":7.0},{"damage":0.0,"enemies":"4 Shapes","floor":44.0,"turns":4.0},{"damage":30,"enemies":"Jaw Worm Horde","floor":48,"turns":4},{"damage":42,"enemies":"Time Eater","floor":50,"turns":12},{"damage":37,"enemies":"Shield and Spear","floor":54,"turns":5},{"damage":54,"enemies":"The Heart","floor":55,"turns":9}],"seed_played":"-3690077521045212227","potions_obtained":[{"floor":3.0,"key":"hermit:Tonic"},{"floor":7.0,"key":"SmokeBomb"},{"floor":13.0,"key":"ColorlessPotion"},{"floor":16.0,"key":"BlessingOfTheForge"},{"floor":29.0,"key":"Energy Potion"},{"floor":31.0,"key":"CultistPotion"}],"is_trial":false,"path_per_floor":["M","$","M","?","$","R","E","M","T","M","R","E","M","M","R","B",null,"M","?","?","?","?","$","R","$","T","E","?","M","M","M","R","B",null,"M","?","$","?","T","R","M","M","T","M","R","?","$","M","R","B",null,"R","$","E","B"],"character_chosen":"HERMIT","items_purchased":["hermit:FullyLoaded","hermit:Determination","Juzu Bracelet","ClockworkSouvenir","PreservedInsect","StrikeDummy"],"campfire_rested":3,"item_purchase_floors":[2,5,23,23,37,47],"current_hp_per_floor":[75,75,75,75,75,75,75,75,75,58,58,37,25,19,41,5,75,75,59,59,59,45,60,60,75,75,50,40,30,17,11,50,40,80,73,73,80,80,80,80,79,68,68,70,70,70,85,57,88,46,88,88,88,53,0,0],"gold":156,"neow_bonus":"THREE_ENEMY_KILL","is_daily":false,"chose_seed":false,"campfire_upgraded":5,"win_rate":0.0,"timestamp":1609015524,"path_taken":["M","?","M","?","$","R","E","?","T","M","R","E","M","M","R","BOSS","M","?","?","?","?","$","R","?","T","E","?","M","M","M","R","BOSS","M","?","$","?","?","R","M","M","T","M","R","?","?","M","R","BOSS","R","$","E","BOSS"],"items_purchased_type":["Card","Card","Relic","Relic","Relic","Relic"],"build_version":"2020-12-22","purchased_purges":0,"victory":false,"max_hp_per_floor":[75,75,75,75,75,75,75,75,75,75,75,75,75,75,75,75,75,75,75,75,75,80,80,80,80,80,80,80,80,80,80,80,80,80,80,80,80,80,80,80,82,84,84,86,86,86,86,88,88,88,88,88,88,90,90,90],"card_choices":[{"not_picked":["hermit:LowProfile","hermit:Quickdraw"],"picked":"hermit:BodyArmor","floor":1.0},{"not_picked":["hermit:Misfire","hermit:LoneWolf","hermit:Combo"],"picked":"SKIP","floor":3.0},{"not_picked":["hermit:WideOpen","hermit:NoHoldsBarred"],"picked":"hermit:EyeOfTheStorm","floor":7.0},{"not_picked":["hermit:Snipe","hermit:PistolWhip","hermit:CursedWeapon"],"picked":"SKIP","floor":8.0},{"not_picked":["hermit:TrackingShot","hermit:Manifest"],"picked":"hermit:Brawl","floor":10.0},{"not_picked":["hermit:HighCaliber","hermit:Brawl","hermit:Dive"],"picked":"SKIP","floor":12.0},{"not_picked":["hermit:BigShot","hermit:CalledShot"],"picked":"hermit:Maintenance","floor":13.0},{"not_picked":["hermit:Headshot","hermit:Vantage"],"picked":"hermit:HighNoon","floor":14.0},{"not_picked":["hermit:Dive"],"picked":"SKIP","floor":27.0},{"not_picked":["hermit:LuckOfTheDraw"],"picked":"SKIP","floor":29.0},{"not_picked":["hermit:NoHoldsBarred"],"picked":"SKIP","floor":30.0},{"not_picked":["hermit:Desperado"],"picked":"SKIP","floor":31.0},{"not_picked":["hermit:Scavenge"],"picked":"SKIP","floor":35.0},{"not_picked":["hermit:Manifest+1"],"picked":"Singing Bowl","floor":41.0},{"not_picked":["hermit:Feint"],"picked":"Singing Bowl","floor":42.0},{"not_picked":["hermit:WideOpen+1"],"picked":"Singing Bowl","floor":44.0},{"not_picked":["hermit:Roulette+1"],"picked":"Singing Bowl","floor":48},{"not_picked":["hermit:CalledShot"],"picked":"Singing Bowl","floor":54}],"player_experience":119500,"relics_obtained":[{"floor":7.0,"key":"CeramicFish"},{"floor":9.0,"key":"MealTicket"},{"floor":12.0,"key":"Gremlin Horn"},{"floor":19.0,"key":"Enchiridion"},{"floor":27.0,"key":"Regal Pillow"},{"floor":39.0,"key":"Singing Bowl"},{"floor":43.0,"key":"Toy Ornithopter"},{"floor":54,"key":"Centennial Puzzle"}],"event_choices":[{"damage_healed":0.0,"max_hp_gain":0.0,"max_hp_loss":0.0,"gold_gain":275.0,"event_name":"Golden Shrine","player_choice":"Desecrate","floor":4.0,"gold_loss":0.0,"damage_taken":0.0,"cards_obtained":["Regret"]},{"damage_healed":0.0,"max_hp_gain":0.0,"max_hp_loss":0.0,"gold_gain":0.0,"event_name":"Cursed Tome","player_choice":"Obtained Book","floor":19.0,"gold_loss":0.0,"damage_taken":16.0},{"damage_healed":0.0,"max_hp_gain":0.0,"max_hp_loss":0.0,"gold_gain":0.0,"event_name":"Back to Basics","player_choice":"Simplicity","floor":20.0,"gold_loss":0.0,"damage_taken":0.0,"cards_upgraded":["hermit:Strike_Hermit","hermit:Strike_Hermit","hermit:Strike_Hermit","hermit:Strike_Hermit","hermit:Defend_Hermit","hermit:Defend_Hermit","hermit:Defend_Hermit","hermit:Defend_Hermit"]},{"damage_healed":0.0,"max_hp_gain":0.0,"max_hp_loss":0.0,"gold_gain":0.0,"event_name":"Beggar","player_choice":"Ignored","floor":21.0,"gold_loss":0.0,"damage_taken":0.0},{"damage_healed":0.0,"max_hp_gain":5.0,"max_hp_loss":0.0,"gold_gain":0.0,"event_name":"Forgotten Altar","player_choice":"Shed Blood","floor":22.0,"gold_loss":0.0,"damage_taken":19.0},{"damage_healed":0.0,"max_hp_gain":0.0,"max_hp_loss":0.0,"gold_gain":0.0,"event_name":"Colosseum","player_choice":"Fight","floor":28.0,"gold_loss":0.0,"damage_taken":0.0},{"damage_healed":0.0,"max_hp_gain":0.0,"max_hp_loss":0.0,"gold_gain":0.0,"event_name":"Colosseum","player_choice":"Fled From Nobs","floor":28.0,"gold_loss":0.0,"damage_taken":0.0},{"damage_healed":0.0,"max_hp_gain":0.0,"max_hp_loss":0.0,"gold_gain":0.0,"event_name":"Tomb of Lord Red Mask","player_choice":"Ignored","floor":36.0,"gold_loss":0.0,"damage_taken":0.0},{"damage_healed":20.0,"max_hp_gain":0.0,"max_hp_loss":0.0,"gold_gain":0.0,"event_name":"Winding Halls","player_choice":"Writhe","floor":38.0,"gold_loss":0.0,"damage_taken":0.0,"cards_obtained":["Writhe"]},{"damage_healed":0,"gold_gain":0,"player_choice":"Ignored","damage_taken":0,"max_hp_gain":0,"max_hp_loss":0,"event_name":"Mysterious Sphere","floor":46,"gold_loss":0}],"is_beta":false,"boss_relics":[{"not_picked":["Coffee Dripper","Fusion Hammer"],"picked":"Busted Crown"},{"not_picked":["Pandora\u0027s Box","Runic Dome"],"picked":"Sozu"}],"items_purged_floors":[],"is_endless":false,"potions_floor_spawned":[3,7,13,16,29,31,35,48,54],"killed_by":"The Heart","ascension_level":0}}