{"host":"e8rlfedn69rz2s07","time":1609022382,"event":{"mods":["Act Like it!","BaseMod","Conspire","Hubris","Infinite Spire","Minty Spire (QoL Compilation)","Permanent Neow","Relic Stats","Replay The Spire","Shop Mod","StSLib","The Jungle"],"gold_per_floor":[362,379,393,17,34,69,69,101,149,149,33,33,33,33,33,105,205,218,218,164,164,180,213,213,244,244,244,244,244],"floor_reached":28,"playtime":1128,"items_purged":["Strike_B","Strike_B"],"score":524,"play_id":"0a012436-4b39-48fe-824a-51d30154099a","local_time":"20201227003942","is_ascension_mode":true,"campfire_choices":[{"data":"conspire:SharedLibrary","floor":7.0,"key":"SMITH"},{"floor":10.0,"key":"REST"},{"data":"Loop","floor":12.0,"key":"SMITH"},{"data":"infinitespire:Menacing","floor":15.0,"key":"SMITH"},{"floor":27,"key":"REST"}],"circlet_count":0,"master_deck":["AscendersBane","Strike_B","Strike_B","Defend_B","Defend_B","Defend_B","Defend_B","Zap","Dualcast","Vigilance","Zap","Lockon","White Noise","Undo","Doom and Gloom","Cold Snap","conspire:SharedLibrary+1","Leap","Multi-Cast","Loop+1","hubris:PowerSurge+1","infinitespire:Menacing+1","Fission","FIFO Queue","Panic Button","infinitespire:Gouge","Seek","Machine Learning"],"relics":["Cracked Core","BargainBundle","Geode","Counterbalance","infinitespire:Bottled Soul","Dream Catcher","Replay:Wanted Poster","hubris:Towel","Strawberry","FossilizedHelix","hubris:BallOfYels","DataDisk"],"acts_visited":["Exordium","Exordium"],"potions_floor_usage":[25],"damage_taken":[{"damage":11.0,"enemies":"Small Slimes","floor":1.0,"turns":5.0},{"damage":2.0,"enemies":"2 Louse","floor":2.0,"turns":3.0},{"damage":0.0,"enemies":"Cultist","floor":3.0,"turns":3.0},{"damage":0.0,"enemies":"Blue Slaver","floor":5.0,"turns":4.0},{"damage":10.0,"enemies":"Lagavulin","floor":6.0,"turns":4.0},{"damage":30.0,"enemies":"3 Sentries","floor":8.0,"turns":8.0},{"damage":1.0,"enemies":"Hexaghost","floor":16.0,"turns":7.0},{"damage":52.0,"enemies":"theJungle:Flameango_and_Byrd","floor":18.0,"turns":8.0},{"damage":17,"enemies":"Shell Parasite","floor":22,"turns":3},{"damage":46,"enemies":"theJungle:MamaSnecko","floor":23,"turns":5},{"damage":14,"enemies":"theJungle:2_Phrogs","floor":25,"turns":7},{"damage":25,"enemies":"Snake Plant","floor":28,"turns":5}],"seed_played":"868652107041839444","potions_obtained":[{"floor":2.0,"key":"Reflective Coating"},{"floor":3.0,"key":"Energy Potion"},{"floor":8.0,"key":"SneckoOil"},{"floor":25,"key":"PowerPotion"}],"is_trial":false,"path_per_floor":["M","M","M","$","M","E","R","E","T","R","$","R","?","?","R","B",null,"M","?","$","?","M","E","AVR","E","T","R","M"],"character_chosen":"DEFECT","items_purchased":["BargainBundle","Doom and Gloom","Cold Snap","PowerPotion","Geode","conspire:SharedLibrary","Skim","hubris:PowerSurge+1","Adrenaline Potion","FocusPotion"],"campfire_rested":2,"item_purchase_floors":[4,4,4,4,4,4,4,11,11,20],"current_hp_per_floor":[53,51,51,51,51,41,41,11,11,32,32,32,14,10,10,9,56,4,4,4,71,54,15,15,1,1,24,0,0],"gold":244,"neow_bonus":"TWO_FIFTY_GOLD","is_daily":false,"chose_seed":false,"campfire_upgraded":3,"win_rate":0.0,"timestamp":1609022382,"path_taken":["M","M","M","$","M","E","R","E","T","R","$","R","?","?","R","BOSS","M","?","$","?","?","E","AVR","E","T","R","M"],"items_purchased_type":["Relic","Card","Card","Potion","Relic","Card","Card","Card","Potion","Potion"],"build_version":"2020-12-22","purchased_purges":2,"victory":false,"max_hp_per_floor":[71,71,71,71,71,71,71,71,71,71,71,71,71,71,71,71,71,71,71,71,71,71,78,78,78,78,78,78,78],"relic_stats":{"Dream Catcher":2,"counters":[12,62],"obtain_stats":[{"Replay:Wanted Poster":17,"hubris:BallOfYels":25,"BargainBundle":4,"Dream Catcher":9,"DataDisk":26,"infinitespire:Bottled Soul":8,"Counterbalance":6,"Strawberry":23,"Geode":4,"hubris:Towel":19,"Cracked Core":0,"FossilizedHelix":24},{"Replay:Wanted Poster":7,"hubris:BallOfYels":11,"BargainBundle":3,"Dream Catcher":6,"DataDisk":11,"infinitespire:Bottled Soul":6,"Counterbalance":5,"Strawberry":10,"Geode":3,"hubris:Towel":8,"Cracked Core":0,"FossilizedHelix":10},{"Replay:Wanted Poster":34,"hubris:BallOfYels":57,"BargainBundle":11,"Dream Catcher":27,"DataDisk":57,"infinitespire:Bottled Soul":27,"Counterbalance":19,"Strawberry":50,"Geode":11,"hubris:Towel":42,"Cracked Core":0,"FossilizedHelix":50}]},"card_choices":[{"not_picked":["Hologram","Blizzard"],"picked":"Lockon","floor":1.0},{"not_picked":["Barrage","Stack"],"picked":"White Noise","floor":2.0},{"not_picked":["Time Bomb","Streamline"],"picked":"Undo","floor":3.0},{"not_picked":["Gash","Compile Driver","Barrage"],"picked":"SKIP","floor":5.0},{"not_picked":["Compile Driver","Recycle"],"picked":"Leap","floor":6.0},{"not_picked":["Redo","Coolheaded"],"picked":"Multi-Cast","floor":8.0},{"not_picked":["Steam Power","ReplayTheSpireMod:System Scan"],"picked":"Loop","floor":10.0},{"not_picked":["infinitespire:Starlight","hubris:Rewind"],"picked":"infinitespire:Menacing","floor":13.0},{"not_picked":["Thunder Strike","Hyperbeam"],"picked":"Fission","floor":16.0},{"not_picked":["Redo","Fusion+1","Compile Driver"],"picked":"SKIP","floor":18.0},{"not_picked":["Barrage","Panic Button"],"picked":"FIFO Queue","floor":22},{"not_picked":["ReplaySolidLightProjector","Turbo"],"picked":"Panic Button","floor":23},{"not_picked":["Beam Cell","Compile Driver"],"picked":"Seek","floor":25},{"not_picked":["FTL","Gash"],"picked":"Machine Learning","floor":27}],"player_experience":923896,"relics_obtained":[{"floor":6.0,"key":"Counterbalance"},{"floor":8.0,"key":"infinitespire:Bottled Soul"},{"floor":9.0,"key":"Dream Catcher"},{"floor":23,"key":"Strawberry"},{"floor":25,"key":"hubris:BallOfYels"},{"floor":26,"key":"DataDisk"}],"event_choices":[{"damage_healed":0.0,"max_hp_gain":0.0,"max_hp_loss":0.0,"gold_gain":0.0,"event_name":"conspire:Investor","player_choice":"Leave","floor":14.0,"gold_loss":0.0,"damage_taken":0.0},{"cards_removed":["Skim"],"damage_healed":67,"gold_gain":0,"player_choice":"Offered Uncommon","damage_taken":0,"max_hp_gain":0,"max_hp_loss":0,"event_name":"Bonfire Elementals","floor":21,"gold_loss":0}],"is_beta":false,"boss_relics":[{"not_picked":["conspire:SpecialSausage","Kintsugi"],"picked":"Replay:Wanted Poster"}],"items_purged_floors":[4,24],"is_endless":false,"potions_floor_spawned":[2,3,8,25],"killed_by":"Snake Plant","ascension_level":20}}