{"host":"Connor","time":1609023702,"event":{"mods":["BaseMod","Downfall","Marisa????????","Minty Spire (QoL Compilation)","Replay The Spire","StSLib","The Animator","The Cursed","The Jungle","The Servant 0.9.4"],"gold_per_floor":[99,117,128,138,153,153,153,167,167,167,179,190,215,227,245,341,341,341,359,359,25,35,35,103,13,43,58,58,258,271,289,303,399,399,399,449,449,534,554,580,605,615,625,625,642,674,674,674,690,690],"floor_reached":51,"playtime":3386,"items_purged":["Slimebound:Defend_Slimebound","Clumsy"],"score":902,"play_id":"6e6b05fe-173c-41a8-9873-c204a0e37747","local_time":"20201226150142","is_ascension_mode":true,"campfire_choices":[{"data":"Slimebound:Strike_Slimebound","floor":1.0,"key":"PURGE"},{"data":"Slimebound:GrowthPunch","floor":9.0,"key":"SMITH"},{"floor":18.0,"key":"RECALL"},{"data":"Slimebound:OozeBath","floor":23.0,"key":"SMITH"},{"data":"Slimebound:TongueLash","floor":28.0,"key":"SMITH"},{"data":"Slimebound:SlimeSlap","floor":35.0,"key":"SMITH"},{"floor":44,"key":"REST"},{"data":"Slimebound:SlimeSlap","floor":47,"key":"SMITH"}],"circlet_count":0,"master_deck":["Slimebound:Strike_Slimebound","Slimebound:Defend_Slimebound","Slimebound:Defend_Slimebound","Slimebound:Defend_Slimebound","Slimebound:Split","Slimebound:CorrosiveSpit","Slimebound:GrowthPunch+1","Slimebound:SplitLeeching","Slimebound:LeadByExample","Slimebound:RejuvenatingLick","Slimebound:HauntingLick","Slimebound:Recollect","Slimebound:FinishingTackle","Slimebound:SplitMire","Slimebound:HauntingLick","Slimebound:OozeBath+1","Slimebound:TongueLash+1","RitualDagger","Slimebound:Schlurp","Slimebound:Gluttony","Slimebound:Schlurp","Slimebound:AcidTongue+1","Slimebound:LeechingTouch+1","Slimebound:FinishingTackle+1","Slimebound:SplitLeeching+1","Slimebound:SlimeSlap+1","CommonCold","Slimebound:Recollect","Slimebound:SpikyOuterGoop+1","Slimebound:AcidTongue","Slimebound:SlimeSlap+1","Slimebound:Schlurp"],"relics":["m_BurningSludge","Replay:Towering Pillar of Hats","Ring of Peace","ReplayTheSpireMod:Ring of Addiction","Toy Ornithopter","Potion Belt","Slimebound:SlimedSkullRelic","Replay:Drink Me","Bottled Tornado","Letter Opener","Art of War","Replay:Ancient Bell","Strawberry","Replay:WaspNest","Dead Branch","Ginger","Cauldron","MealTicket","Slimebound:AggressiveSlimeRelic","ReplayTheSpireMod:Shallot"],"acts_visited":["Exordium","TheCity","TheBeyond"],"potions_floor_usage":[40,40,40,46],"damage_taken":[{"damage":11.0,"enemies":"Cultist","floor":2.0,"turns":4.0},{"damage":8.0,"enemies":"2 Louse","floor":3.0,"turns":2.0},{"damage":8.0,"enemies":"Small Slimes","floor":4.0,"turns":3.0},{"damage":21.0,"enemies":"Exordium Wildlife","floor":5.0,"turns":5.0},{"damage":23.0,"enemies":"Gremlin Gang","floor":8.0,"turns":6.0},{"damage":17.0,"enemies":"3 Louse","floor":11.0,"turns":4.0},{"damage":12.0,"enemies":"Exordium Thugs","floor":12.0,"turns":4.0},{"damage":45.0,"enemies":"Gremlin Nob","floor":13.0,"turns":5.0},{"damage":7.0,"enemies":"Large Slime","floor":14.0,"turns":5.0},{"damage":20.0,"enemies":"3 Louse","floor":15.0,"turns":4.0},{"damage":46.0,"enemies":"downfall:Ironclad","floor":16.0,"turns":7.0},{"damage":13.0,"enemies":"Shell Parasite","floor":19.0,"turns":4.0},{"damage":8.0,"enemies":"downfall:FleeingMerchant","floor":21.0,"turns":4.0},{"damage":11.0,"enemies":"Centurion and Healer","floor":22.0,"turns":4.0},{"damage":12.0,"enemies":"downfall:FleeingMerchant","floor":25.0,"turns":4.0},{"damage":26.0,"enemies":"Replay:Snechameleon","floor":26.0,"turns":5.0},{"damage":0.0,"enemies":"Snake Plant","floor":27.0,"turns":3.0},{"damage":2.0,"enemies":"Snecko","floor":30.0,"turns":5.0},{"damage":26.0,"enemies":"Shelled Parasite and Fungi","floor":31.0,"turns":6.0},{"damage":4.0,"enemies":"Centurion and Healer","floor":32.0,"turns":3.0},{"damage":19.0,"enemies":"downfall:Silent","floor":33.0,"turns":7.0},{"damage":6.0,"enemies":"Mind Bloom Boss Battle","floor":36.0,"turns":4.0},{"damage":12.0,"enemies":"downfall:FleeingMerchant","floor":38.0,"turns":4.0},{"damage":16,"enemies":"3 Darklings","floor":39,"turns":4},{"damage":33,"enemies":"Reptomancer","floor":40,"turns":7},{"damage":5,"enemies":"Orb Walker","floor":42,"turns":4},{"damage":13,"enemies":"Spire Growth","floor":43,"turns":5},{"damage":14,"enemies":"Writhing Mass","floor":45,"turns":4},{"damage":15,"enemies":"R_Hoarder","floor":46,"turns":6},{"damage":20,"enemies":"3 Darklings","floor":49,"turns":5},{"damage":30,"enemies":"downfall:Watcher","floor":50,"turns":7}],"seed_played":"1356207319898638620","potions_obtained":[{"floor":4.0,"key":"AttackPotion"},{"floor":8.0,"key":"Fire Potion"},{"floor":10.0,"key":"ColorlessPotion"},{"floor":10.0,"key":"Regen Potion"},{"floor":10.0,"key":"SpeedPotion"},{"floor":11.0,"key":"Energy Potion"},{"floor":12.0,"key":"AttackPotion"},{"floor":15.0,"key":"Strength Potion"},{"floor":16.0,"key":"SteroidPotion"},{"floor":26.0,"key":"champ:CounterPotion"},{"floor":27.0,"key":"SkillPotion"},{"floor":30.0,"key":"LiquidBronze"},{"floor":32.0,"key":"Reflective Coating"},{"floor":33.0,"key":"SpeedPotion"},{"floor":36.0,"key":"Weak Potion"},{"floor":38,"key":"Strength Potion"},{"floor":38,"key":"ColorlessPotion"},{"floor":38,"key":"Block Potion"},{"floor":45,"key":"FearPotion"},{"floor":46,"key":"BlessingOfTheForge"}],"is_trial":false,"path_per_floor":["R","M","M","M","M","?","T","M","R","?","M","M","E","M","M","B",null,"R","M","?","$","M","R","T","$","E","M","R","?","M","M","M","B",null,"R","?","?","$","M","E","T","M","M","R","M","E","R","T","M","B",null],"character_chosen":"SLIMEBOUND","items_purchased":["Slimebound:Gluttony","Bottled Tornado","Cauldron"],"campfire_rested":1,"item_purchase_floors":[21,21,38],"current_hp_per_floor":[66,63,66,66,66,66,66,55,55,55,52,66,48,55,55,38,50,50,45,39,48,47,46,46,46,43,46,46,46,44,40,44,44,51,51,51,51,41,33,23,23,26,21,35,29,35,35,35,39,23],"gold":690,"neow_bonus":"TEN_PERCENT_HP_BONUS","is_daily":false,"chose_seed":false,"campfire_upgraded":5,"win_rate":0.0,"timestamp":1609023702,"path_taken":["R","M","M","M","M","?","T","M","R","?","M","M","E","M","M","BOSS","R","M","?","$","M","R","T","$","E","M","R","?","M","?","M","BOSS","R","?","?","$","M","E","T","?","M","R","M","E","R","?","M","BOSS"],"items_purchased_type":["Card","Relic","Relic"],"build_version":"2020-12-18","purchased_purges":2,"victory":true,"max_hp_per_floor":[66,66,66,66,66,66,66,66,66,66,66,66,66,66,66,66,50,50,50,48,48,48,46,46,46,46,46,46,46,44,44,44,44,51,51,51,51,51,51,51,51,51,51,49,49,49,49,49,49,47],"card_choices":[{"not_picked":["Slimebound:GoopSpray","Slimebound:SplitBruiser"],"picked":"Slimebound:GrowthPunch","floor":2.0},{"not_picked":["Slimebound:Recollect","Slimebound:Schlurp"],"picked":"Slimebound:SplitLeeching","floor":3.0},{"not_picked":["Slimebound:HungryTackle","Slimebound:LeechingTouch"],"picked":"Slimebound:LeadByExample","floor":4.0},{"not_picked":["Slimebound:GoopTackle","Slimebound:GoopSpray"],"picked":"Slimebound:RejuvenatingLick","floor":5.0},{"not_picked":["Slimebound:SlimeSpikes","Slimebound:SelfFormingGoo"],"picked":"Slimebound:HauntingLick","floor":8.0},{"not_picked":["Slimebound:SlimeSpikes","Slimebound:SplitBruiser"],"picked":"Slimebound:Recollect","floor":11.0},{"not_picked":["Slimebound:RollThrough","Slimebound:ComboTackle","Slimebound:Grow"],"picked":"SKIP","floor":12.0},{"not_picked":["Slimebound:FormOfPuddle","Slimebound:ItLooksTasty"],"picked":"Slimebound:FinishingTackle","floor":13.0},{"not_picked":["Slimebound:Grow","Slimebound:RollThrough"],"picked":"Slimebound:SplitMire","floor":14.0},{"not_picked":["Slimebound:ForwardTackle","Slimebound:Chomp"],"picked":"Slimebound:HauntingLick","floor":15.0},{"not_picked":["Slimebound:MassFeed","Slimebound:SlimeSlap"],"picked":"Slimebound:OozeBath","floor":16.0},{"not_picked":["Slimebound:LeechingTouch","Slimebound:Chomp"],"picked":"Slimebound:TongueLash","floor":19.0},{"not_picked":["Slimebound:LeadByExample","Slimebound:SpikyOuterGoop"],"picked":"Slimebound:Schlurp","floor":21.0},{"not_picked":["Slimebound:GoopSpray","Slimebound:SplitAcid"],"picked":"Slimebound:Schlurp","floor":22.0},{"not_picked":["Slimebound:Chomp","Slimebound:Grow"],"picked":"Slimebound:AcidTongue+1","floor":25.0},{"not_picked":["Slimebound:SplitAcid","Slimebound:SplitLeeching"],"picked":"Slimebound:LeechingTouch+1","floor":26.0},{"not_picked":["Slimebound:RollThrough","Slimebound:SplitAcid"],"picked":"Slimebound:FinishingTackle+1","floor":27.0},{"not_picked":["Slimebound:FormOfPuddle","Slimebound:FirmFortitude"],"picked":"Slimebound:SplitLeeching+1","floor":30.0},{"not_picked":["Slimebound:GoopSpray","Slimebound:ForwardTackle+1","Slimebound:MassRepurpose"],"picked":"SKIP","floor":31.0},{"not_picked":["Slimebound:ComboTackle","Slimebound:SlimeSpikes","Slimebound:FinishingTackle"],"picked":"SKIP","floor":32.0},{"not_picked":["Slimebound:SelfFormingGoo","Slimebound:CheckThePlaybook"],"picked":"Slimebound:SlimeSlap","floor":33.0},{"not_picked":["Guardian:Aged","Regret"],"picked":"animator:Curse_Greed","floor":34.0},{"not_picked":["Pain","Doubt"],"picked":"Clumsy","floor":34.0},{"not_picked":["Voices","ReplayTheSpireMod:Faulty Equipment"],"picked":"CommonCold","floor":34.0},{"not_picked":["Slimebound:AcidTongue","Sword Boomerang+1","Slimebound:ViciousTackle+1"],"picked":"SKIP","floor":39},{"not_picked":["Slimebound:Replication","Slimebound:Teamwork"],"picked":"Slimebound:Recollect","floor":40},{"not_picked":["Slimebound:Gluttony+1","Slimebound:AcidTongue"],"picked":"Slimebound:SpikyOuterGoop+1","floor":42},{"not_picked":["Sword Boomerang","Slimebound:RollThrough+1"],"picked":"Slimebound:AcidTongue","floor":43},{"not_picked":["Rupture","Slimebound:LevelUp","Slimebound:GoopSpray"],"picked":"SKIP","floor":45},{"not_picked":["Slimebound:SplitBruiser+1","Slimebound:SplitAcid"],"picked":"Slimebound:SlimeSlap","floor":46},{"not_picked":["Slimebound:FinishingTackle","Slimebound:PressTheAttack+1"],"picked":"Slimebound:Schlurp","floor":49}],"player_experience":531389,"relics_obtained":[{"floor":7.0,"key":"Replay:Towering Pillar of Hats"},{"floor":10.0,"key":"Ring of Peace"},{"floor":10.0,"key":"ReplayTheSpireMod:Ring of Addiction"},{"floor":10.0,"key":"Toy Ornithopter"},{"floor":10.0,"key":"Potion Belt"},{"floor":13.0,"key":"Slimebound:SlimedSkullRelic"},{"floor":24.0,"key":"Letter Opener"},{"floor":26.0,"key":"Art of War"},{"floor":36.0,"key":"Ginger"},{"floor":40,"key":"MealTicket"},{"floor":46,"key":"Slimebound:AggressiveSlimeRelic"},{"floor":48,"key":"ReplayTheSpireMod:Shallot"}],"event_choices":[{"cards_removed":["animator:Curse_Greed"],"damage_healed":0.0,"max_hp_gain":0.0,"max_hp_loss":0.0,"gold_gain":0.0,"event_name":"Purifier","player_choice":"Purged","floor":37.0,"gold_loss":0.0,"damage_taken":0.0}],"is_beta":true,"boss_relics":[{"not_picked":["ChewingGum","ReplayTheSpireMod:DimensionalGlitch"],"picked":"Replay:Drink Me"},{"not_picked":["Astrolabe","Empty Cage"],"picked":"Replay:Ancient Bell"},{"not_picked":["MawBank","Bronze Scales"],"picked":"Strawberry"},{"not_picked":["Mercury Hourglass","Mirror"],"picked":"Replay:WaspNest"},{"not_picked":["Turnip","Incense Burner"],"picked":"Dead Branch"}],"items_purged_floors":[25,38],"is_endless":false,"potions_floor_spawned":[4,8,11,12,15,16,26,27,30,32,33,36,45,46],"ascension_level":4}}