{"host":"1yib4t3blvbtzkw7","time":1609010604,"event":{"mods":["2.2 Compatiblity","AchievementEnabler","BaseMod","Colored Map","DeckTracker","Highlight Path","Minty Spire (QoL Compilation)","Random Character Button","Rare Cards Sparkle"],"gold_per_floor":[115,38,52,71,246,246,275,275,299,314,347,347,34,48,48,144,144,157,157,177,177,191,191,206,222,222,222,236,51,51,66,66,168,168,186,186,201,216,216,246,275,275,307,335,335,348,374,374,374,374,374,374,42,74,74,74],"floor_reached":55,"playtime":2332,"items_purged":["Doubt"],"score":715,"play_id":"03f480bf-5978-4bbf-8b56-08f88e3dac41","local_time":"20201226202324","is_ascension_mode":false,"campfire_choices":[{"data":"Combust","floor":6,"key":"SMITH"},{"data":"Inflame","floor":8,"key":"SMITH"},{"data":"Metallicize","floor":15,"key":"SMITH"},{"data":"Twin Strike","floor":23,"key":"SMITH"},{"data":"Inflame","floor":30,"key":"SMITH"},{"floor":32,"key":"RECALL"},{"data":"Demon Form","floor":42,"key":"SMITH"},{"data":"Iron Wave","floor":45,"key":"SMITH"},{"data":"Iron Wave","floor":49,"key":"SMITH"},{"data":"Sword Boomerang","floor":52,"key":"SMITH"}],"circlet_count":0,"master_deck":["Strike_R+1","Strike_R+1","Strike_R+1","Strike_R+1","Strike_R+1","Defend_R+1","Defend_R+1","Defend_R+1","Defend_R+1","Bash","Inflame+1","Combust+1","Iron Wave+1","Twin Strike+1","Iron Wave+1","Metallicize+1","Intimidate+1","Reaper","Rage+1","Sword Boomerang+1","Battle Trance+1","Burning Pact+1","Inflame+1","Armaments+1","Demon Form+1","Iron Wave+1","Iron Wave+1","Sword Boomerang","Metallicize+1","Clumsy","Shrug It Off+1","Flash of Steel"],"relics":["Burning Blood","TungstenRod","Oddly Smooth Stone","Orichalcum","Toxic Egg 2","Thread and Needle","Shuriken","Cursed Key","Lantern","Coffee Dripper","CeramicFish","Boot","Self Forming Clay","Spirit Poop","Bottled Tornado","Happy Flower"],"acts_visited":["Exordium","TheCity","TheBeyond","TheEnding"],"potions_floor_usage":[4,16,55,55],"damage_taken":[{"damage":5,"enemies":"Cultist","floor":1,"turns":3},{"damage":10,"enemies":"Jaw Worm","floor":3,"turns":4},{"damage":0,"enemies":"2 Louse","floor":4,"turns":1},{"damage":21,"enemies":"Gremlin Nob","floor":7,"turns":5},{"damage":10,"enemies":"Exordium Thugs","floor":10,"turns":4},{"damage":12,"enemies":"3 Sentries","floor":11,"turns":6},{"damage":0,"enemies":"Blue Slaver","floor":14,"turns":4},{"damage":11,"enemies":"The Guardian","floor":16,"turns":12},{"damage":3,"enemies":"2 Thieves","floor":18,"turns":4},{"damage":0,"enemies":"Chosen","floor":20,"turns":4},{"damage":0,"enemies":"Shelled Parasite and Fungi","floor":22,"turns":6},{"damage":0,"enemies":"3 Cultists","floor":24,"turns":5},{"damage":0,"enemies":"Snake Plant","floor":25,"turns":4},{"damage":2,"enemies":"Chosen and Byrds","floor":28,"turns":5},{"damage":2,"enemies":"3 Cultists","floor":31,"turns":3},{"damage":51,"enemies":"Champ","floor":33,"turns":9},{"damage":14,"enemies":"3 Darklings","floor":35,"turns":4},{"damage":0,"enemies":"Orb Walker","floor":37,"turns":3},{"damage":12,"enemies":"3 Darklings","floor":38,"turns":5},{"damage":6,"enemies":"Nemesis","floor":40,"turns":7},{"damage":0,"enemies":"Transient","floor":41,"turns":5},{"damage":25,"enemies":"Giant Head","floor":44,"turns":9},{"damage":1,"enemies":"Jaw Worm Horde","floor":46,"turns":5},{"damage":1,"enemies":"4 Shapes","floor":47,"turns":4},{"damage":68,"enemies":"Awakened One","floor":50,"turns":11},{"damage":28,"enemies":"Shield and Spear","floor":54,"turns":6},{"damage":84,"enemies":"The Heart","floor":55,"turns":8}],"seed_played":"778912165256057366","potions_obtained":[{"floor":3,"key":"Explosive Potion"},{"floor":7,"key":"SteroidPotion"},{"floor":11,"key":"Dexterity Potion"},{"floor":16,"key":"EssenceOfSteel"},{"floor":18,"key":"GamblersBrew"},{"floor":20,"key":"BlessingOfTheForge"},{"floor":31,"key":"Energy Potion"},{"floor":37,"key":"BloodPotion"}],"is_trial":false,"path_per_floor":["M","$","M","M","?","R","E","R","T","M","E","?","$","M","R","B",null,"M","?","M","?","M","R","M","M","T","?","M","$","R","M","R","B",null,"M","?","M","M","?","E","M","R","T","E","R","M","M","?","R","B",null,"R","$","E","B"],"character_chosen":"IRONCLAD","items_purchased":["Combust","Shuriken","Inflame","Lantern","Bottled Tornado","Flash of Steel"],"campfire_rested":0,"item_purchase_floors":[2,13,29,29,53,53],"current_hp_per_floor":[72,72,68,72,72,72,57,57,57,53,47,42,42,48,48,43,72,72,72,72,72,72,72,72,72,72,60,76,76,76,77,77,46,77,77,71,77,71,71,72,77,77,77,77,77,77,77,77,77,37,77,77,77,55,0,0],"gold":74,"neow_bonus":"ONE_RARE_RELIC","is_daily":false,"chose_seed":false,"campfire_upgraded":9,"win_rate":0.0,"timestamp":1609010604,"path_taken":["M","$","?","M","?","R","E","R","T","M","E","?","$","M","R","BOSS","M","?","M","?","M","R","?","M","T","?","M","?","R","?","R","BOSS","M","?","M","?","?","E","M","R","T","E","R","M","M","?","R","BOSS","R","$","E","BOSS"],"items_purchased_type":["Card","Relic","Card","Relic","Relic","Card"],"build_version":"2020-12-22","purchased_purges":1,"victory":false,"max_hp_per_floor":[72,72,72,72,72,72,72,72,72,72,72,72,72,72,72,72,72,72,72,72,72,72,72,72,72,72,77,77,77,77,77,77,77,77,77,77,77,77,77,77,77,77,77,77,77,77,77,77,77,77,77,77,77,77,77,77],"card_choices":[{"not_picked":["Warcry","Fire Breathing"],"picked":"Inflame","floor":1},{"not_picked":["Armaments","Wild Strike"],"picked":"Iron Wave","floor":3},{"not_picked":["Spot Weakness","Fire Breathing"],"picked":"Twin Strike","floor":4},{"not_picked":["Headbutt","Rampage"],"picked":"Iron Wave","floor":7},{"not_picked":["Combust","Dark Embrace","Intimidate"],"picked":"SKIP","floor":10},{"not_picked":["Flame Barrier+1","Whirlwind"],"picked":"Metallicize","floor":11},{"not_picked":["Rupture","Corruption"],"picked":"Intimidate+1","floor":14},{"not_picked":["Impervious+1","Exhume+1"],"picked":"Reaper","floor":16},{"not_picked":["Clash+1","Combust","Feel No Pain+1"],"picked":"SKIP","floor":18},{"not_picked":["Searing Blow+1","Sentinel+1","Heavy Blade"],"picked":"SKIP","floor":20},{"not_picked":["Clash+1","Perfected Strike"],"picked":"Rage+1","floor":22},{"not_picked":["Wild Strike","Carnage"],"picked":"Sword Boomerang","floor":24},{"not_picked":["Feed","Sever Soul"],"picked":"Battle Trance+1","floor":25},{"not_picked":["Sever Soul+1","Battle Trance+1"],"picked":"Burning Pact+1","floor":28},{"not_picked":["Anger+1","Havoc+1"],"picked":"Armaments+1","floor":31},{"not_picked":["Bludgeon","Limit Break+1"],"picked":"Demon Form","floor":33},{"not_picked":["Perfected Strike+1","Feel No Pain+1"],"picked":"Iron Wave+1","floor":35},{"not_picked":["Thunderclap","Hemokinesis+1"],"picked":"Iron Wave+1","floor":37},{"not_picked":["Twin Strike+1","Power Through+1"],"picked":"Sword Boomerang","floor":38},{"not_picked":["Second Wind+1","Headbutt","Cleave"],"picked":"SKIP","floor":40},{"not_picked":["Anger","Twin Strike+1"],"picked":"Metallicize+1","floor":41},{"not_picked":["Dark Embrace","Feel No Pain","Cleave+1"],"picked":"SKIP","floor":44},{"not_picked":["Twin Strike","Heavy Blade","Iron Wave"],"picked":"SKIP","floor":46},{"not_picked":["Warcry+1","Iron Wave"],"picked":"Shrug It Off+1","floor":47},{"not_picked":["Reckless Charge","Perfected Strike","Dual Wield+1"],"picked":"SKIP","floor":54}],"player_experience":756418,"relics_obtained":[{"floor":7,"key":"Oddly Smooth Stone"},{"floor":9,"key":"Orichalcum"},{"floor":11,"key":"Toxic Egg 2"},{"floor":40,"key":"CeramicFish"},{"floor":43,"key":"Boot"},{"floor":44,"key":"Self Forming Clay"},{"floor":54,"key":"Happy Flower"}],"event_choices":[{"damage_healed":0,"gold_gain":175,"player_choice":"AGREE","damage_taken":0,"max_hp_gain":0,"max_hp_loss":0,"event_name":"Liars Game","floor":5,"gold_loss":0,"cards_obtained":["Doubt"]},{"damage_healed":0,"gold_gain":0,"player_choice":"Success","damage_taken":7,"relics_obtained":["Thread and Needle"],"max_hp_gain":0,"max_hp_loss":0,"event_name":"Scrap Ooze","floor":12,"gold_loss":0},{"damage_healed":0,"gold_gain":0,"player_choice":"Simplicity","damage_taken":0,"max_hp_gain":0,"max_hp_loss":0,"event_name":"Back to Basics","floor":19,"gold_loss":0,"cards_upgraded":["Strike_R","Strike_R","Strike_R","Strike_R","Strike_R","Defend_R","Defend_R","Defend_R","Defend_R"]},{"damage_healed":0,"gold_gain":0,"player_choice":"Bought 0 Potions","damage_taken":0,"max_hp_gain":0,"max_hp_loss":0,"event_name":"The Woman in Blue","floor":21,"gold_loss":0},{"damage_healed":0,"gold_gain":0,"player_choice":"Shed Blood","damage_taken":18,"max_hp_gain":5,"max_hp_loss":0,"event_name":"Forgotten Altar","floor":27,"gold_loss":0},{"damage_healed":0,"gold_gain":0,"player_choice":"Damaged","damage_taken":7,"max_hp_gain":0,"max_hp_loss":0,"event_name":"Wheel of Change","floor":36,"gold_loss":0},{"damage_healed":0,"gold_gain":0,"player_choice":"Memory 1","damage_taken":0,"max_hp_gain":0,"max_hp_loss":0,"event_name":"SensoryStone","floor":39,"gold_loss":0},{"cards_removed":["Regret"],"damage_healed":0,"gold_gain":0,"player_choice":"Offered Curse","damage_taken":0,"relics_obtained":["Spirit Poop"],"max_hp_gain":0,"max_hp_loss":0,"event_name":"Bonfire Elementals","floor":48,"gold_loss":0}],"is_beta":false,"boss_relics":[{"not_picked":["Velvet Choker","Snecko Eye"],"picked":"Cursed Key"},{"not_picked":["Pandora\u0027s Box","SlaversCollar"],"picked":"Coffee Dripper"}],"items_purged_floors":[13],"is_endless":false,"potions_floor_spawned":[3,7,11,16,18,20,31,37,40,44,47,54],"killed_by":"The Heart","ascension_level":0}}