{"host":"4qkvkh7pd9qr2mca","time":1609022648,"event":{"mods":["AchievementEnabler","BaseMod","Colored Map","Colored Powertips","Highlight Path","Minty Spire (QoL Compilation)","Permanent Neow","Quick Restart","StSLib","SuperFastMode"],"gold_per_floor":[14,14,14,27,45,79,79,115,115,128,128,128,142,163,163,256,256,279,279,279,293,127,127,167,167,167,167,167,167,167,201,201,201,201],"floor_reached":33,"playtime":1239,"items_purged":["Strike_G"],"score":632,"play_id":"c62e5679-36b7-48ef-a8f0-c9547e9aa44a","local_time":"20201226234408","is_ascension_mode":true,"campfire_choices":[{"data":"Neutralize","floor":7,"key":"SMITH"},{"data":"Neutralize","floor":12,"key":"SMITH"},{"floor":15,"key":"REST"},{"data":"Venomology","floor":23,"key":"SMITH"},{"data":"Footwork","floor":25,"key":"SMITH"},{"data":"Deadly Poison","floor":27,"key":"SMITH"},{"floor":30,"key":"REST"},{"data":"Wraith Form v2","floor":32,"key":"SMITH"}],"circlet_count":0,"master_deck":["AscendersBane","Strike_G","Strike_G","Strike_G","Strike_G","Defend_G","Defend_G","Defend_G","Defend_G","Defend_G","Survivor","Neutralize+1","Venomology+1","Backflip","Poisoned Stab","Deadly Poison+1","Cloak And Dagger","Deadly Poison+1","Neutralize+1","Crippling Poison+1","Deadly Poison+1","Corpse Explosion+1","Footwork+1","Dodge and Roll+1","Good Instincts+1","Bane","RitualDagger+1","Wraith Form v2+1","Leg Sweep+1"],"relics":["Ring of the Snake","Golden Idol","Paper Crane","Akabeko","Toxic Egg 2","SacredBark","Dream Catcher","Molten Egg 2","Girya"],"acts_visited":["Exordium","TheCity"],"potions_floor_usage":[4,5,6,6,8,8,14,16,18,21,24,24,31,31,31,33,33],"damage_taken":[{"damage":0,"enemies":"Cultist","floor":1,"turns":4},{"damage":3,"enemies":"Small Slimes","floor":4,"turns":5},{"damage":0,"enemies":"Jaw Worm","floor":5,"turns":4},{"damage":21,"enemies":"Gremlin Nob","floor":6,"turns":4},{"damage":18,"enemies":"Lagavulin","floor":8,"turns":7},{"damage":0,"enemies":"Red Slaver","floor":10,"turns":3},{"damage":0,"enemies":"Blue Slaver","floor":13,"turns":4},{"damage":4,"enemies":"Large Slime","floor":14,"turns":8},{"damage":5,"enemies":"Hexaghost","floor":16,"turns":8},{"damage":0,"enemies":"2 Thieves","floor":18,"turns":2},{"damage":1,"enemies":"3 Byrds","floor":21,"turns":3},{"damage":0,"enemies":"Book of Stabbing","floor":24,"turns":5},{"damage":19,"enemies":"Gremlin Leader","floor":31,"turns":7},{"damage":68,"enemies":"Champ","floor":33,"turns":12}],"seed_played":"-7327173631791248415","potions_obtained":[{"floor":4,"key":"CunningPotion"},{"floor":6,"key":"Fire Potion"},{"floor":10,"key":"Dexterity Potion"},{"floor":14,"key":"DistilledChaos"},{"floor":18,"key":"Dexterity Potion"},{"floor":24,"key":"Strength Potion"},{"floor":31,"key":"Strength Potion"}],"is_trial":false,"path_per_floor":["M","?","?","M","M","E","R","E","T","M","?","R","M","M","R","B",null,"M","?","?","M","$","R","E","R","T","R","?","?","R","E","R","B"],"character_chosen":"THE_SILENT","items_purchased":["Good Instincts+1"],"campfire_rested":2,"item_purchase_floors":[22],"current_hp_per_floor":[59,59,64,61,61,40,40,22,22,22,22,22,22,18,37,32,57,57,57,53,52,52,52,52,52,52,52,46,46,65,46,46,0,0],"gold":201,"neow_bonus":"THREE_RARE_CARDS","is_daily":false,"chose_seed":false,"campfire_upgraded":6,"win_rate":0.0,"timestamp":1609022648,"path_taken":["M","?","?","M","M","E","R","E","T","M","?","R","M","M","R","BOSS","M","?","?","?","$","R","E","R","T","R","?","?","R","E","R","BOSS"],"items_purchased_type":["Card"],"build_version":"2020-12-22","purchased_purges":1,"victory":false,"max_hp_per_floor":[66,60,65,65,65,65,65,65,65,65,65,65,65,65,65,65,65,65,65,65,65,65,65,65,65,65,65,65,65,65,65,65,65,65],"card_choices":[{"not_picked":["Envenom","Grand Finale"],"picked":"Venomology","floor":0},{"not_picked":["Slice","Bane"],"picked":"Backflip","floor":1},{"not_picked":["Distraction","Underhanded Strike"],"picked":"Poisoned Stab","floor":4},{"not_picked":["Deflect","PiercingWail"],"picked":"Deadly Poison","floor":5},{"not_picked":["Dodge and Roll","Deflect","Infinite Blades"],"picked":"SKIP","floor":6},{"not_picked":["Deflect","Heel Hook"],"picked":"Cloak And Dagger","floor":8},{"not_picked":["Dagger Spray","Predator"],"picked":"Deadly Poison+1","floor":10},{"not_picked":["Poisoned Stab","Dodge and Roll+1"],"picked":"Crippling Poison+1","floor":13},{"not_picked":["Flying Knee","Predator"],"picked":"Deadly Poison+1","floor":14},{"not_picked":["Malaise+1","Storm of Steel+1"],"picked":"Corpse Explosion+1","floor":16},{"not_picked":["Dagger Throw","Accuracy+1","Terror+1"],"picked":"SKIP","floor":18},{"not_picked":["Cloak And Dagger+1","Poisoned Stab+1"],"picked":"Dodge and Roll+1","floor":21},{"not_picked":["Masterful Stab","Dagger Spray"],"picked":"Bane","floor":24},{"not_picked":["Sucker Punch+1","Acrobatics+1"],"picked":"Wraith Form v2","floor":30},{"not_picked":["Skewer+1","Reflex+1"],"picked":"Leg Sweep+1","floor":31}],"player_experience":490025,"relics_obtained":[{"floor":6,"key":"Paper Crane"},{"floor":8,"key":"Akabeko"},{"floor":9,"key":"Toxic Egg 2"},{"floor":24,"key":"Dream Catcher"},{"floor":26,"key":"Molten Egg 2"},{"floor":31,"key":"Girya"}],"event_choices":[{"damage_healed":0,"gold_gain":0,"player_choice":"Lose Max HP","damage_taken":0,"relics_obtained":["Golden Idol"],"max_hp_gain":0,"max_hp_loss":6,"event_name":"Golden Idol","floor":2,"gold_loss":0},{"damage_healed":0,"gold_gain":0,"player_choice":"Donut","damage_taken":0,"max_hp_gain":5,"max_hp_loss":0,"event_name":"Big Fish","floor":3,"gold_loss":0},{"damage_healed":0,"gold_gain":0,"player_choice":"1 cards matched","damage_taken":0,"max_hp_gain":0,"max_hp_loss":0,"event_name":"Match and Keep!","floor":11,"gold_loss":0,"cards_obtained":["Neutralize"]},{"damage_healed":0,"gold_gain":0,"player_choice":"Read","damage_taken":0,"max_hp_gain":0,"max_hp_loss":0,"event_name":"The Library","floor":19,"gold_loss":0,"cards_obtained":["Footwork"]},{"damage_healed":0,"gold_gain":0,"player_choice":"Bought 0 Potions","damage_taken":0,"max_hp_gain":0,"max_hp_loss":0,"event_name":"The Woman in Blue","floor":20,"gold_loss":0},{"damage_healed":0,"gold_gain":0,"player_choice":"Joined the Cult","damage_taken":6,"max_hp_gain":0,"max_hp_loss":0,"event_name":"Nest","floor":28,"gold_loss":0,"cards_obtained":["RitualDagger"]},{"damage_healed":0,"gold_gain":0,"player_choice":"Ignored","damage_taken":0,"max_hp_gain":0,"max_hp_loss":0,"event_name":"Ghosts","floor":29,"gold_loss":0}],"is_beta":false,"boss_relics":[{"not_picked":["Coffee Dripper","Busted Crown"],"picked":"SacredBark"}],"items_purged_floors":[22],"is_endless":false,"potions_floor_spawned":[4,6,10,14,18,24,31],"killed_by":"Champ","ascension_level":20}}