{"host":"Jinnai","time":1609019923,"event":{"mods":["BaseMod","Bestiary","Block Reminder","Colored Map","Colored Powertips","Highlight Path","Keyboard Shortcuts","Minty Spire (QoL Compilation)","Quick Restart","Relic Stats"],"gold_per_floor":[111,124,142,160,160,160,186,186,186,186,45,60,95,108,108,108,108],"floor_reached":16,"playtime":561,"items_purged":[],"score":207,"play_id":"1c76abb8-9a8d-4ebb-ba72-cb419b6bf39f","local_time":"20201226165843","is_ascension_mode":true,"campfire_choices":[{"data":"Neutralize","floor":6,"key":"SMITH"},{"floor":8,"key":"REST"},{"floor":10,"key":"REST"},{"data":"Bane","floor":15,"key":"SMITH"}],"circlet_count":0,"master_deck":["AscendersBane","Strike_G","Strike_G","Strike_G","Strike_G","Strike_G","Defend_G","Defend_G","Defend_G","Defend_G","Defend_G","Survivor","Neutralize+1","Poisoned Stab","Poisoned Stab+1","Infinite Blades","Corpse Explosion+1","Dash","Noxious Fumes","Calculated Gamble","Bane+1","Deadly Poison"],"relics":["Ring of the Snake","Singing Bowl","Blue Candle","Eternal Feather"],"acts_visited":["Exordium"],"potions_floor_usage":[7,13,16,16],"damage_taken":[{"damage":1,"enemies":"2 Louse","floor":1,"turns":4},{"damage":4,"enemies":"Small Slimes","floor":2,"turns":4},{"damage":1,"enemies":"Cultist","floor":3,"turns":3},{"damage":6,"enemies":"3 Louse","floor":4,"turns":5},{"damage":30,"enemies":"Lagavulin","floor":7,"turns":6},{"damage":0,"enemies":"2 Fungi Beasts","floor":12,"turns":2},{"damage":10,"enemies":"3 Sentries","floor":13,"turns":2},{"damage":3,"enemies":"Red Slaver","floor":14,"turns":3},{"damage":55,"enemies":"Slime Boss","floor":16,"turns":7}],"seed_played":"-3892323577220495371","potions_obtained":[{"floor":2,"key":"Strength Potion"},{"floor":3,"key":"Energy Potion"},{"floor":14,"key":"Fruit Juice"}],"is_trial":false,"path_per_floor":["M","M","M","M","?","R","E","R","T","R","$","M","E","M","R","B"],"character_chosen":"THE_SILENT","items_purchased":["Noxious Fumes","Fire Potion"],"campfire_rested":2,"item_purchase_floors":[11,11],"current_hp_per_floor":[64,60,59,53,31,31,1,22,22,43,43,43,33,30,42,0,0],"gold":108,"neow_bonus":"TEN_PERCENT_HP_BONUS","is_daily":false,"chose_seed":false,"campfire_upgraded":2,"win_rate":0.0,"timestamp":1609019923,"path_taken":["M","M","M","M","?","R","E","R","T","R","$","M","E","M","R","BOSS"],"items_purchased_type":["Card","Potion"],"build_version":"2020-12-18","purchased_purges":0,"victory":false,"max_hp_per_floor":[72,72,72,72,72,72,72,72,72,72,72,72,72,72,72,77,77],"relic_stats":{"Singing Bowl":0,"counters":[9,36],"Blue Candle":[0],"Eternal Feather":12,"obtain_stats":[{"Singing Bowl":7,"Blue Candle":9,"Eternal Feather":13,"Ring of the Snake":0},{"Singing Bowl":5,"Blue Candle":5,"Eternal Feather":7,"Ring of the Snake":0},{"Singing Bowl":22,"Blue Candle":22,"Eternal Feather":26,"Ring of the Snake":0}],"Ring of the Snake":[18]},"card_choices":[{"not_picked":["Setup","Bane"],"picked":"Poisoned Stab","floor":1},{"not_picked":["Deflect","Outmaneuver"],"picked":"Poisoned Stab","floor":2},{"not_picked":["Concentrate","Blur"],"picked":"Infinite Blades","floor":3},{"not_picked":["Flying Knee","Prepared"],"picked":"Corpse Explosion","floor":4},{"not_picked":["Prepared","Dodge and Roll"],"picked":"Dash","floor":7},{"not_picked":["Poisoned Stab","Riddle With Holes"],"picked":"Calculated Gamble","floor":12},{"not_picked":["Slice","Masterful Stab"],"picked":"Bane","floor":13},{"not_picked":["Flying Knee","Deflect"],"picked":"Deadly Poison","floor":14}],"player_experience":1492014,"relics_obtained":[{"floor":7,"key":"Singing Bowl"},{"floor":9,"key":"Blue Candle"},{"floor":13,"key":"Eternal Feather"}],"event_choices":[{"damage_healed":0,"gold_gain":0,"player_choice":"Entered Light","damage_taken":22,"max_hp_gain":0,"max_hp_loss":0,"event_name":"Shining Light","floor":5,"gold_loss":0,"cards_upgraded":["Poisoned Stab","Corpse Explosion"]}],"is_beta":true,"boss_relics":[],"items_purged_floors":[],"is_endless":false,"potions_floor_spawned":[2,3,12,14],"killed_by":"Slime Boss","ascension_level":17}}