{"host":"7pal6f3elqhvlig9","time":1609004188,"event":{"mods":["2.2 Compatiblity","AchievementEnabler","Arknights The Spire","BaseMod","Colored Map","Minty Spire (QoL Compilation)","StSLib","everything is the same but u backflip on backflip"],"gold_per_floor":[119,50,0,0,0,0,30,42,67,79,79,79,109,120,120,120,120],"floor_reached":16,"playtime":488,"items_purged":[],"score":158,"play_id":"aba2bc55-d1c7-4a85-9ca7-e052d91a7d01","local_time":"20201227023628","is_ascension_mode":false,"campfire_choices":[{"data":"ats:Emotion Absorption","floor":6,"key":"SMITH"},{"data":"ats:Closed Bolt Burst Fire","floor":11,"key":"SMITH"},{"data":"ats:Wolf Pack","floor":15,"key":"SMITH"}],"circlet_count":0,"master_deck":["ats:Strike C","ats:Strike G+1","ats:Strike S","ats:Strike V","ats:Armor Crushing Shot","ats:Defend","ats:Defend+1","ats:Defend+1","ats:Emotion Absorption+1","ats:Consecutive Shot Auto+1","ats:Chain Hook","ats:Cat Scratch","ats:Encircling Forest","ats:Closed Bolt Burst Fire+1","ats:Wolf Pack+1"],"relics":["ats:Sanity","NeowsBlessing","Kunai","ats:Originium","War Paint","ats:MaxSp1","ats:Originium","Matryoshka"],"acts_visited":["Exordium"],"potions_floor_usage":[13,13,14,14],"damage_taken":[{"damage":0,"enemies":"Cultist","floor":1,"turns":1},{"damage":0,"enemies":"Lagavulin","floor":7,"turns":1},{"damage":0,"enemies":"Small Slimes","floor":8,"turns":1},{"damage":0,"enemies":"2 Louse","floor":10,"turns":2},{"damage":0,"enemies":"Gremlin Nob","floor":13,"turns":2},{"damage":5,"enemies":"Exordium Thugs","floor":14,"turns":4},{"damage":12,"enemies":"The Guardian","floor":16,"turns":4}],"seed_played":"3839207841278102791","potions_obtained":[{"floor":7,"key":"DuplicationPotion"},{"floor":8,"key":"EntropicBrew"},{"floor":10,"key":"Fire Potion"}],"is_trial":false,"path_per_floor":["M","$","?","?","?","R","E","M","T","M","R","$","E","M","R","B"],"character_chosen":"DOCTOR_CLASS","items_purchased":["ats:Chain Hook"],"campfire_rested":0,"item_purchase_floors":[2],"current_hp_per_floor":[72,72,72,69,55,55,55,55,55,55,55,55,55,50,50,38,38],"gold":120,"neow_bonus":"THREE_ENEMY_KILL","is_daily":false,"chose_seed":false,"campfire_upgraded":3,"win_rate":0.0,"timestamp":1609004188,"path_taken":["M","$","?","?","?","R","E","M","T","M","R","$","E","M","R","BOSS"],"items_purchased_type":["Card"],"build_version":"2020-12-22","purchased_purges":0,"victory":false,"max_hp_per_floor":[72,72,72,72,72,72,72,72,72,72,72,72,72,72,72,72,72],"card_choices":[{"not_picked":["ats:Part Time Job","ats:Healing Drone"],"picked":"ats:Consecutive Shot Auto","floor":1},{"not_picked":["ats:Leaping Hammer","ats:Red Shift"],"picked":"ats:Cat Scratch","floor":7},{"not_picked":["ats:Shell Defense","ats:Beaten Up"],"picked":"ats:Encircling Forest","floor":8},{"not_picked":["ats:Ignite","ats:Powerful Strike"],"picked":"ats:Closed Bolt Burst Fire","floor":10},{"not_picked":["ats:Poison Spread","ats:Assault Order"],"picked":"ats:Wolf Pack","floor":13},{"not_picked":["ats:Powerful Strike","ats:Explosion Area Strengthen","ats:Flexible Camouflage"],"picked":"SKIP","floor":14}],"player_experience":200501,"relics_obtained":[{"floor":7,"key":"ats:Originium"},{"floor":7,"key":"War Paint"},{"floor":9,"key":"ats:MaxSp1"},{"floor":13,"key":"ats:Originium"},{"floor":13,"key":"Matryoshka"}],"event_choices":[{"cards_removed":["ats:Defend"],"damage_healed":0,"gold_gain":0,"player_choice":"Card Removal","damage_taken":0,"max_hp_gain":0,"max_hp_loss":0,"event_name":"The Cleric","floor":3,"gold_loss":50},{"damage_healed":0,"gold_gain":0,"player_choice":"Success","damage_taken":3,"relics_obtained":["Kunai"],"max_hp_gain":0,"max_hp_loss":0,"event_name":"Scrap Ooze","floor":4,"gold_loss":0},{"damage_healed":0,"gold_gain":0,"player_choice":"Entered Light","damage_taken":14,"max_hp_gain":0,"max_hp_loss":0,"event_name":"Shining Light","floor":5,"gold_loss":0,"cards_upgraded":["ats:Consecutive Shot Auto","ats:Strike G"]}],"is_beta":false,"boss_relics":[],"items_purged_floors":[],"is_endless":false,"potions_floor_spawned":[7,8,10],"killed_by":"The Guardian","ascension_level":0}}