{"host":"3yynf0dn84873kbr","time":1609007185,"event":{"mods":["Act Like it!","BaseMod","CapriCore","Minty Spire (QoL Compilation)","Pale of the Ancients","StSLib","The Alterego","The Gatherer","Yakumo Yukari mod","[IsaacMod]以撒尖塔"],"gold_per_floor":[111,111,88,102,117,138,138,138,138,89,114,114,114,128,128,251,251,271,271,370,148,148,148,30,30,30,46,65,65,65,90,90,209,209,232,259,277,277,200,200,200,200],"floor_reached":40,"playtime":1462,"items_purged":["Gatherer:Nutrients"],"score":399,"play_id":"ce6816d4-f695-45bb-90cc-242abdbd42be","local_time":"20201227022625","is_ascension_mode":false,"metric_token":661,"campfire_choices":[{"data":"Gatherer:LuckyClover","floor":8,"key":"SMITH"},{"data":"Gatherer:Centralize","floor":13,"key":"SMITH"},{"data":"Gatherer:QuickSynthesis","floor":15,"key":"SMITH"},{"data":"Gatherer:ColorfulGarden","floor":23,"key":"SMITH"},{"data":"Gatherer:RecipeChange","floor":30,"key":"SMITH"},{"data":"Gatherer:FruitForce","floor":32,"key":"SMITH"}],"circlet_count":0,"master_deck":["Gatherer:Strike_Gatherer","Gatherer:Strike_Gatherer","Gatherer:Strike_Gatherer","Gatherer:Strike_Gatherer","Gatherer:Strike_Gatherer","Gatherer:Defend_Gatherer","Gatherer:Defend_Gatherer","Gatherer:Defend_Gatherer","Gatherer:Defend_Gatherer","Gatherer:Defend_Gatherer","Gatherer:Centralize+1","Gatherer:FlowerWhip+1","DoctorFetus+1","Gatherer:LuckyClover+1","Gatherer:QuickSynthesis+1","Gatherer:FlowerShield+1","Gatherer:FruitForce+1","Gatherer:FlowerBeam+1","Gatherer:FlowerFalling+1","Gatherer:FlowerFalling+1","Gatherer:ColorfulGarden+1","Gatherer:WitheringStrike","Gatherer:BalancedGrowth","Gatherer:RecipeChange+1","Gatherer:AlchemyTrial+1","Gatherer:BomberForm","Gatherer:Liquidism","Gatherer:FlowerShield"],"relics":["Gatherer:AlchemyBag","HushsDoor","Golden Idol","DeathBook","Anchor","Coffee Dripper","alterego_mod:FleetingLove","SteamSale","Vajra","Tiny Chest","NlothsMask","MutagenicStrength","Busted Crown","Nunchaku","Membership Card","Regal Pillow","Sundial"],"acts_visited":["Exordium","TheCity","TheBeyond"],"potions_floor_usage":[14,33],"damage_taken":[{"damage":2,"enemies":"Jaw Worm","floor":1,"turns":6},{"damage":2,"enemies":"2 Louse","floor":4,"turns":3},{"damage":0,"enemies":"Cultist","floor":5,"turns":3},{"damage":0,"enemies":"Lots of Slimes","floor":6,"turns":2},{"damage":0,"enemies":"Red Slaver","floor":11,"turns":3},{"damage":0,"enemies":"Looter","floor":14,"turns":2},{"damage":9,"enemies":"Hexaghost","floor":16,"turns":11},{"damage":3,"enemies":"Shell Parasite","floor":18,"turns":5},{"damage":7,"enemies":"2 Thieves","floor":27,"turns":5},{"damage":14,"enemies":"Snake Plant","floor":28,"turns":4},{"damage":10,"enemies":"Snecko","floor":31,"turns":6},{"damage":26,"enemies":"Champ","floor":33,"turns":13},{"damage":0,"enemies":"3 Shapes","floor":35,"turns":1},{"damage":20,"enemies":"3 Darklings","floor":37,"turns":7},{"damage":57,"enemies":"Nemesis","floor":40,"turns":8}],"seed_played":"-5836581750149216999","potions_obtained":[{"floor":5,"key":"Regen Potion"},{"floor":11,"key":"DistilledChaos"},{"floor":16,"key":"SkillPotion"},{"floor":18,"key":"Strength Potion"},{"floor":27,"key":"Strength Potion"},{"floor":33,"key":"Dexterity Potion"}],"is_trial":false,"path_per_floor":["M","?","$","M","M","M","$","R","T","$","M","?","R","M","R","B",null,"M","?","?","$","?","R","$","?","T","M","M","?","R","M","R","B",null,"M","T","M","?","$","E"],"character_chosen":"THE_GATHERER","items_purchased":["Gatherer:FlowerShield","Gatherer:FlowerFalling","SteamSale","Vajra","Tiny Chest","Gatherer:BalancedGrowth","Membership Card","Gatherer:Liquidism","Gatherer:FlowerShield","Regal Pillow","Sundial"],"campfire_rested":0,"item_purchase_floors":[3,10,21,21,24,24,39,39,39,39,39],"current_hp_per_floor":[70,52,52,54,54,54,54,54,54,54,54,54,54,59,59,50,76,73,73,73,73,73,73,73,73,73,66,52,52,52,42,42,16,76,76,76,56,56,56,0,0,0],"gold":200,"neow_bonus":"ONE_RANDOM_RARE_CARD","is_daily":false,"chose_seed":false,"campfire_upgraded":6,"win_rate":0.0,"timestamp":1609007185,"path_taken":["M","?","?","?","M","M","$","R","T","?","?","?","R","M","R","BOSS","M","?","?","$","?","R","$","?","T","M","M","?","R","?","R","BOSS","M","?","M","?","?","E"],"items_purchased_type":["Card","Card","Relic","Relic","Relic","Card","Relic","Card","Card","Relic","Relic"],"build_version":"2020-12-22","purchased_purges":1,"victory":false,"max_hp_per_floor":[72,72,72,76,76,76,76,76,76,76,76,76,76,76,76,76,76,76,76,76,76,76,76,76,76,76,76,76,76,76,76,76,76,76,76,76,76,76,76,76,76,76],"card_choices":[{"not_picked":[],"picked":"DoctorFetus","floor":0},{"not_picked":["Gatherer:CollectorsShot","Gatherer:DrugPower"],"picked":"Gatherer:QuickSynthesis","floor":1},{"not_picked":["Gatherer:Frenzy","Gatherer:SaveValuables"],"picked":"Gatherer:FruitForce","floor":4},{"not_picked":["Gatherer:UpgradeBag","Gatherer:Examine"],"picked":"Gatherer:FlowerBeam","floor":5},{"not_picked":["Gatherer:Frenzy","Gatherer:Duality"],"picked":"Gatherer:FlowerFalling","floor":6},{"not_picked":["Gatherer:SmartManeuver","Gatherer:FeelingFine","Gatherer:EnergyBasket"],"picked":"SKIP","floor":11},{"not_picked":["Gatherer:DrugPower","Gatherer:UpgradeBag"],"picked":"Gatherer:Nutrients","floor":14},{"not_picked":["Gatherer:CursedBlade","Gatherer:FlamingBottle"],"picked":"Gatherer:ColorfulGarden","floor":16},{"not_picked":["Gatherer:Duality","Gatherer:Polymorphism+1","Gatherer:AcidicSpray+1"],"picked":"SKIP","floor":18},{"not_picked":["Gatherer:DrugPower","Gatherer:RottenStipe+1"],"picked":"Gatherer:RecipeChange","floor":27},{"not_picked":["Gatherer:EchoOfNature","Gatherer:GatherMaterial","Gatherer:TreeGrowth"],"picked":"SKIP","floor":28},{"not_picked":["Gatherer:CarefulStrike","Gatherer:FruitForce"],"picked":"Gatherer:AlchemyTrial+1","floor":31},{"not_picked":["Gatherer:LuckyClover","Gatherer:PoisonMastery"],"picked":"Gatherer:BomberForm","floor":33},{"not_picked":["Gatherer:BambuSword+1"],"picked":"SKIP","floor":35},{"not_picked":["Gatherer:CollectorsShot"],"picked":"SKIP","floor":37}],"player_experience":120508,"relics_obtained":[{"floor":9,"key":"Anchor"},{"floor":36,"key":"Nunchaku"}],"event_choices":[{"damage_healed":0,"gold_gain":0,"player_choice":"Take Damage","damage_taken":18,"relics_obtained":["Golden Idol"],"max_hp_gain":0,"max_hp_loss":0,"event_name":"Golden Idol","floor":2,"gold_loss":0},{"damage_healed":0,"gold_gain":0,"player_choice":"Grow","damage_taken":0,"max_hp_gain":0,"max_hp_loss":0,"event_name":"Living Wall","floor":12,"gold_loss":0,"cards_upgraded":["DoctorFetus"]},{"damage_healed":0,"gold_gain":0,"player_choice":"Choice 1","damage_taken":0,"relics_obtained":["alterego_mod:FleetingLove"],"max_hp_gain":0,"max_hp_loss":0,"event_name":"爱的神圣花园","floor":19,"gold_loss":0},{"damage_healed":0,"gold_gain":99,"player_choice":"Stole From Cult","damage_taken":0,"max_hp_gain":0,"max_hp_loss":0,"event_name":"Nest","floor":20,"gold_loss":0},{"damage_healed":0,"gold_gain":0,"player_choice":"Read","damage_taken":0,"max_hp_gain":0,"max_hp_loss":0,"event_name":"The Library","floor":22,"gold_loss":0,"cards_obtained":["Gatherer:WitheringStrike"]},{"damage_healed":0,"gold_gain":0,"player_choice":"Trade","damage_taken":0,"relics_obtained":["NlothsMask"],"max_hp_gain":0,"max_hp_loss":0,"event_name":"FaceTrader","floor":25,"gold_loss":0},{"damage_healed":0,"gold_gain":0,"player_choice":"Inject Mutagens","damage_taken":0,"relics_obtained":["MutagenicStrength"],"max_hp_gain":0,"max_hp_loss":0,"event_name":"Drug Dealer","floor":29,"gold_loss":0},{"damage_healed":0,"gold_gain":0,"player_choice":"Ignored","damage_taken":0,"max_hp_gain":0,"max_hp_loss":0,"event_name":"Tomb of Lord Red Mask","floor":38,"gold_loss":0}],"is_beta":false,"boss_relics":[{"not_picked":["Fusion Hammer","Runic Pyramid"],"picked":"Coffee Dripper"},{"not_picked":[]},{"not_picked":["Sozu","Pandora\u0027s Box"],"picked":"Busted Crown"},{"not_picked":[]}],"items_purged_floors":[39],"is_endless":false,"potions_floor_spawned":[5,11,16,18,27,31,33,35],"killed_by":"Nemesis","ascension_level":0}}