{"host":"Brown Brick","time":1609021956,"event":{"mods":["BaseMod","Melee Mod","Minty Spire (QoL Compilation)","Rare Cards Sparkle","Relic Stats","Robot Space Explorer","StSLib","The Marked","Unceasing Turn Reminder","everything is the same but u backflip on backflip"],"gold_per_floor":[119,130,130,140,159,159,186,32,32,60,60,87,64,76,88,195,207,233,245,271,302,33,62,62,74,98,98,128,138,138,148,148,148,148],"floor_reached":33,"playtime":1871,"items_purged":[],"score":330,"play_id":"99d48a04-fd06-4ad8-a217-5f86a9fbd000","local_time":"20201226233236","is_ascension_mode":false,"campfire_choices":[{"data":"theMarked:PowerFlow","floor":6,"key":"SMITH"},{"data":"theMarked:SoldierOfQuellstein","floor":15,"key":"SMITH"},{"data":"theMarked:EternalStudent","floor":24,"key":"SMITH"},{"floor":30,"key":"DIG"},{"floor":32,"key":"DIG"}],"circlet_count":0,"master_deck":["theMarked:Strike+1","theMarked:Strike","theMarked:Strike","theMarked:Strike","theMarked:Strike","theMarked:Defend","theMarked:Defend","theMarked:Defend+1","theMarked:Defend","theMarked:SoldierOfQuellstein+1","theMarked:PowerFlow+1","theMarked:Static","theMarked:EternalStudent+1","theMarked:PowerFlow+1","theMarked:SuspiciousRaven+1","theMarked:HeightenedSenses+1","theMarked:SwordAndMagic","theMarked:ParalyzingBlade+1","Apotheosis+1","theMarked:ParalyzingBlade+1","theMarked:SuspiciousRaven+1","theMarked:Panic+1","theMarked:Panic+1","theMarked:PowerFlow+1"],"relics":["theMarked:ArtifactOfAir","Letter Opener","theMarked:Winder","Toxic Egg 2","The Courier","MawBank","Sozu","Lee\u0027s Waffle","Lantern","Strawberry","Shovel","Kunai","Centennial Puzzle"],"acts_visited":["Exordium","TheCity"],"potions_floor_usage":[12,18],"damage_taken":[{"damage":0,"enemies":"Small Slimes","floor":1,"turns":3},{"damage":6,"enemies":"Jaw Worm","floor":2,"turns":3},{"damage":0,"enemies":"2 Louse","floor":4,"turns":2},{"damage":2,"enemies":"Blue Slaver","floor":5,"turns":3},{"damage":23,"enemies":"3 Sentries","floor":7,"turns":8},{"damage":13,"enemies":"Lagavulin","floor":10,"turns":4},{"damage":16,"enemies":"Gremlin Nob","floor":12,"turns":3},{"damage":16,"enemies":"Slime Boss","floor":16,"turns":8},{"damage":15,"enemies":"2 Thieves","floor":18,"turns":3},{"damage":7,"enemies":"Shell Parasite","floor":20,"turns":3},{"damage":24,"enemies":"Snake Plant","floor":21,"turns":3},{"damage":20,"enemies":"Book of Stabbing","floor":23,"turns":4},{"damage":0,"enemies":"Snecko","floor":25,"turns":3},{"damage":23,"enemies":"Slavers","floor":28,"turns":5},{"damage":0,"enemies":"Cultist and Chosen","floor":29,"turns":4},{"damage":8,"enemies":"Snake Plant","floor":31,"turns":3},{"damage":47,"enemies":"Automaton","floor":33,"turns":6}],"seed_played":"5204890268157504191","potions_obtained":[{"floor":4,"key":"BlessingOfTheForge"},{"floor":10,"key":"Swift Potion"}],"is_trial":false,"path_per_floor":["M","M","?","M","M","R","E","$","T","E","?","E","?","$","R","B",null,"M","?","M","M","$","E","R","M","T","?","E","M","R","M","R","B"],"character_chosen":"THE_DEFAULT","items_purchased":["theMarked:Winder","Apotheosis+1","Lee\u0027s Waffle"],"campfire_rested":0,"item_purchase_floors":[8,22,22],"current_hp_per_floor":[77,71,56,56,54,54,31,31,31,18,23,7,27,27,27,11,82,67,72,65,41,89,69,69,69,76,76,53,53,53,45,45,0,0],"gold":148,"neow_bonus":"TEN_PERCENT_HP_BONUS","is_daily":false,"chose_seed":false,"campfire_upgraded":3,"win_rate":0.0,"timestamp":1609021956,"path_taken":["M","M","?","M","M","R","E","$","T","E","?","E","?","?","R","BOSS","M","?","?","M","$","E","R","M","T","?","E","M","R","M","R","BOSS"],"items_purchased_type":["Relic","Card","Relic"],"build_version":"2020-12-18","purchased_purges":0,"victory":false,"max_hp_per_floor":[77,77,77,77,77,77,77,77,77,77,82,82,82,82,82,82,82,82,82,82,82,89,89,89,89,96,96,96,96,96,96,96,96,96],"relic_stats":{"Sozu":3,"Lee\u0027s Waffle":48,"Centennial Puzzle":[3],"Shovel":2,"counters":[17,68],"Letter Opener":[152],"Kunai":[4],"MawBank":120,"obtain_stats":[{"Lee\u0027s Waffle":22,"Lantern":23,"The Courier":10,"Letter Opener":7,"MawBank":12,"Sozu":17,"theMarked:ArtifactOfAir":0,"Centennial Puzzle":32,"Shovel":28,"Strawberry":26,"Kunai":30,"theMarked:Winder":8,"Toxic Egg 2":9},{"Lee\u0027s Waffle":11,"Lantern":12,"The Courier":6,"Letter Opener":5,"MawBank":7,"Sozu":8,"theMarked:ArtifactOfAir":0,"Centennial Puzzle":16,"Shovel":14,"Strawberry":13,"Kunai":15,"theMarked:Winder":5,"Toxic Egg 2":5},{"Lee\u0027s Waffle":43,"Lantern":47,"The Courier":23,"Letter Opener":19,"MawBank":26,"Sozu":34,"theMarked:ArtifactOfAir":0,"Centennial Puzzle":62,"Shovel":55,"Strawberry":50,"Kunai":59,"theMarked:Winder":19,"Toxic Egg 2":19}]},"card_choices":[{"not_picked":["theMarked:Static","theMarked:TwofoldDefense"],"picked":"theMarked:PowerFlow","floor":1},{"not_picked":["theMarked:RepellingDischarge","theMarked:Electrify","theMarked:Parkour"],"picked":"SKIP","floor":2},{"not_picked":["theMarked:WardOff","theMarked:ResourceFulStrike"],"picked":"theMarked:HeightenedSenses","floor":4},{"not_picked":["theMarked:HeightenedSenses","theMarked:Frustration"],"picked":"theMarked:Static","floor":5},{"not_picked":["theMarked:WastefulAttack","theMarked:PowerFlow"],"picked":"theMarked:EternalStudent","floor":7},{"not_picked":["theMarked:Opportunist","theMarked:WastefulDefense+1","theMarked:Frustration"],"picked":"SKIP","floor":10},{"not_picked":["theMarked:Parkour","theMarked:Electrocute"],"picked":"theMarked:PowerFlow+1","floor":12},{"not_picked":["theMarked:Defy","theMarked:TakeOffHeels+1"],"picked":"theMarked:SuspiciousRaven+1","floor":16},{"not_picked":["theMarked:WastefulDefense+1","theMarked:LightningStrikesTwice+1"],"picked":"theMarked:HeightenedSenses+1","floor":18},{"not_picked":["theMarked:ResourceFulStrike","theMarked:StartUp"],"picked":"theMarked:SwordAndMagic","floor":20},{"not_picked":["theMarked:SwordAndMagic+1","theMarked:ElectricStrings"],"picked":"theMarked:ParalyzingBlade+1","floor":21},{"not_picked":["theMarked:Parkour","theMarked:KeepCalmAndFightOn"],"picked":"theMarked:ParalyzingBlade+1","floor":23},{"not_picked":["theMarked:BanishingWave","theMarked:ResourceFulStrike"],"picked":"theMarked:SuspiciousRaven+1","floor":25},{"not_picked":["theMarked:TwofoldDefense+1","theMarked:Frustration"],"picked":"theMarked:Panic+1","floor":28},{"not_picked":["theMarked:BanishingStrike","theMarked:Seal+1"],"picked":"theMarked:Panic+1","floor":29},{"not_picked":["theMarked:BanishingWave","theMarked:Improvise+1"],"picked":"theMarked:PowerFlow+1","floor":31}],"player_experience":646533,"relics_obtained":[{"floor":7,"key":"Letter Opener"},{"floor":9,"key":"Toxic Egg 2"},{"floor":10,"key":"The Courier"},{"floor":12,"key":"MawBank"},{"floor":23,"key":"Lantern"},{"floor":26,"key":"Strawberry"},{"floor":28,"key":"Shovel"},{"floor":30,"key":"Kunai"},{"floor":32,"key":"Centennial Puzzle"}],"event_choices":[{"damage_healed":0,"gold_gain":0,"player_choice":"Entered Light","damage_taken":15,"max_hp_gain":0,"max_hp_loss":0,"event_name":"Shining Light","floor":3,"gold_loss":0,"cards_upgraded":["theMarked:Defend","theMarked:Strike"]},{"damage_healed":0,"gold_gain":0,"player_choice":"Donut","damage_taken":0,"max_hp_gain":5,"max_hp_loss":0,"event_name":"Big Fish","floor":11,"gold_loss":0},{"damage_healed":20,"gold_gain":0,"player_choice":"Healed","damage_taken":0,"max_hp_gain":0,"max_hp_loss":0,"event_name":"The Cleric","floor":13,"gold_loss":35},{"cards_removed":["theMarked:HeightenedSenses"],"damage_healed":5,"gold_gain":0,"player_choice":"Offered Common","damage_taken":0,"max_hp_gain":0,"max_hp_loss":0,"event_name":"Bonfire Elementals","floor":19,"gold_loss":0},{"cards_removed":["theMarked:HeightenedSenses"],"damage_healed":5,"gold_gain":0,"player_choice":"Offered Special","damage_taken":0,"max_hp_gain":0,"max_hp_loss":0,"event_name":"Bonfire Elementals","floor":19,"gold_loss":0},{"damage_healed":0,"gold_gain":0,"player_choice":"Ignored","damage_taken":0,"max_hp_gain":0,"max_hp_loss":0,"event_name":"Beggar","floor":27,"gold_loss":0}],"is_beta":true,"boss_relics":[{"not_picked":["Runic Pyramid","Runic Dome"],"picked":"Sozu"}],"items_purged_floors":[],"is_endless":false,"potions_floor_spawned":[4,10,18,25,29],"killed_by":"Automaton","ascension_level":0}}