{"host":"c5slkkw8hp42e20v","time":1609009935,"event":{"mods":["AchievementEnabler","BaseMod","BetterRewards","Duelist Mod","GifTheSpireLib","Hermit","Highlight Path","Minty Spire (QoL Compilation)","StSLib","The Animator","The Hierophant","The Poker Player"],"gold_per_floor":[116,134,150,75,85,116,128,153,165,177,207,236,265,277,289,301,301],"floor_reached":16,"playtime":1254,"items_purged":["Strike_R"],"score":156,"play_id":"5cd2b086-38e2-4cb1-b133-63f0b7d271df","local_time":"20201226131215","is_ascension_mode":false,"campfire_choices":[{"data":"Armaments","floor":7,"key":"SMITH"},{"floor":15,"key":"RECALL"}],"circlet_count":0,"master_deck":["Strike_R","Strike_R","Strike_R","Strike_R","Defend_R","Defend_R","Defend_R","Defend_R","Bash","Inflame","Sword Boomerang","Shrug It Off","Dual Wield","Carnage","Thunderclap","Armaments+1","Heavy Blade","Headbutt","Cleave","Iron Wave","Perfected Strike","Thunderclap","Iron Wave"],"relics":["Burning Blood","Nunchaku","MawBank","Kunai"],"acts_visited":["Exordium"],"potions_floor_usage":[],"damage_taken":[{"damage":7,"enemies":"Cultist","floor":1,"turns":5},{"damage":7,"enemies":"Small Slimes","floor":2,"turns":4},{"damage":5,"enemies":"2 Louse","floor":3,"turns":3},{"damage":11,"enemies":"Blue Slaver","floor":5,"turns":4},{"damage":56,"enemies":"Gremlin Nob","floor":6,"turns":5},{"damage":6,"enemies":"Exordium Wildlife","floor":8,"turns":2},{"damage":1,"enemies":"Red Slaver","floor":11,"turns":3},{"damage":1,"enemies":"2 Fungi Beasts","floor":12,"turns":3},{"damage":21,"enemies":"Large Slime","floor":13,"turns":4},{"damage":19,"enemies":"Slime Boss","floor":16,"turns":3}],"seed_played":"-3321843827327445709","potions_obtained":[{"floor":2,"key":"LiquidBronze"},{"floor":6,"key":"ColorlessPotion"},{"floor":11,"key":"AttackPotion"}],"is_trial":false,"path_per_floor":["M","M","M","$","M","E","R","M","T","?","M","M","M","?","R","B"],"character_chosen":"IRONCLAD","items_purchased":["Nunchaku","Inflame","Mayhem","Sword Boomerang","Thunderclap","Armaments"],"campfire_rested":0,"item_purchase_floors":[0,0,0,0,4,4],"current_hp_per_floor":[79,78,79,79,74,24,24,24,24,24,29,34,19,19,19,0,0],"gold":301,"neow_bonus":"","is_daily":false,"chose_seed":false,"campfire_upgraded":1,"win_rate":0.0,"timestamp":1609009935,"path_taken":["M","?","M","$","M","E","R","M","T","?","?","M","M","?","R","BOSS"],"items_purchased_type":["Relic","Card","Card","Card","Card","Card"],"build_version":"2020-12-22","purchased_purges":1,"victory":false,"max_hp_per_floor":[80,80,80,80,80,80,80,80,80,80,80,80,80,80,80,80,80],"card_choices":[{"not_picked":["Rage","Anger"],"picked":"Shrug It Off","floor":1},{"not_picked":["Anger","Shrug It Off"],"picked":"Dual Wield","floor":2},{"not_picked":["True Grit","Fire Breathing"],"picked":"Carnage","floor":3},{"not_picked":["True Grit","Warcry"],"picked":"Heavy Blade","floor":5},{"not_picked":["Clash","Iron Wave"],"picked":"Headbutt","floor":6},{"not_picked":["Body Slam","Warcry"],"picked":"Cleave","floor":8},{"not_picked":["Seeing Red","Bludgeon"],"picked":"Perfected Strike","floor":11},{"not_picked":["Cleave","Perfected Strike"],"picked":"Thunderclap","floor":12},{"not_picked":["Clash","Shrug It Off"],"picked":"Iron Wave","floor":13}],"player_experience":9886,"relics_obtained":[{"floor":6,"key":"MawBank"}],"event_choices":[{"cards_removed":["Mayhem"],"damage_healed":0,"gold_gain":0,"player_choice":"Took Card","damage_taken":0,"max_hp_gain":0,"max_hp_loss":0,"event_name":"NoteForYourself","floor":10,"gold_loss":0,"cards_obtained":["Iron Wave"]},{"damage_healed":0,"gold_gain":0,"player_choice":"Gave Potion","damage_taken":0,"relics_obtained":["Kunai"],"max_hp_gain":0,"max_hp_loss":0,"event_name":"WeMeetAgain","floor":14,"gold_loss":0}],"is_beta":false,"boss_relics":[],"items_purged_floors":[0],"is_endless":false,"potions_floor_spawned":[2,6,11],"killed_by":"Slime Boss","ascension_level":0}}