{"host":"0hb9w7uizu7y13wj","time":1609019152,"event":{"mods":["Act Like it!","Aspiration","BaseMod","BetterRewards","Colored Map","Conspire","Downfall","Energized Spire","FTL Soundtrack","Friendly Minions","Halation","Hubris","Infinite Spire","Minty Spire (QoL Compilation)","Quick Restart","Replay The Spire","StSLib","Synergy Search","The Factory","The Hierophant","The Jungle","The Poker Player","Trackpad","everything is the same but u backflip on backflip","vexMod"],"gold_per_floor":[111,122,122,102,114,143,143,143,167,167,181,216,216,216,216,313,313,325,339,339,339,352,381,381,419,419,419,452,390,416,459,459,563,563,589,589,607,625,625,654,654,686,686,705,732,755,755,148,148,150,150,150,72,102,106],"floor_reached":56,"playtime":1815,"items_purged":["Strike_B"],"score":2266,"play_id":"274b5b32-6775-4fa1-ad7b-6f6e14fa35d0","local_time":"20201226214552","is_ascension_mode":true,"campfire_choices":[{"data":"Defragment","floor":7.0,"key":"SMITH"},{"floor":10.0,"key":"REST"},{"data":"Defragment","floor":15.0,"key":"SMITH"},{"data":"Zap","floor":24.0,"key":"SMITH"},{"data":"Storm","floor":27.0,"key":"SMITH"},{"data":"Echo Form","floor":32.0,"key":"SMITH"},{"data":"Echo Form","floor":41.0,"key":"SMITH"},{"floor":47,"key":"REST"},{"floor":47,"key":"RECALL"},{"data":"ReplayUltimateDefense","floor":49,"key":"SMITH"},{"data":"Buffer","floor":52,"key":"SMITH"}],"circlet_count":0,"master_deck":["Strike_B+1","Strike_B","Defend_B","Defend_B","Defend_B","Defend_B","Zap+1","Dualcast","Defragment+1","Reinforced Body+1","Crystallizer","Amplify","Defragment+1","hubris:PowerSurge","hubris:PowerSurge","Leap","Cold Snap","Loop+1","Buffer+1","Biased Cognition","Core Surge","Chill+1","Hologram","Sunder","Storm+1","Capacitor","Coolheaded+1","Echo Form+1","Echo Form+1","Redo+1","All For One","Static Discharge+1","Electrodynamics","ReplayUltimateDefense+1","Defragment","BootSequence+1"],"relics":["Cracked Core","Incense Burner","trackpad:FieryHotPepper","halation:Trompette","DollysMirror","Replay:Antivirus Software","hubris:BallOfYels","ReplayTheSpireMod:TigerMarble","Pen Nib","energizedSpire:UnstableMolecules","halation:EternalFortune","Replay:Bandana","hubris:ToyBattleship","hubris:SlimyHat","aspiration:TomeofQuesting","Matryoshka","ReplayFunnel","trackpad:NeutrinoGenerator","Black Star","Toy Ornithopter","ReplayTheSpireMod:Ninjato","trackpad:Compendium","Cables","infinitespire:Magic Flask","Replay:Bottled Steam","aspiration:Lifesprig","Replay:Bottled Flurry","trackpad:BottledShadow","infinitespire:PuzzleCube","Solar Panel"],"acts_visited":["Exordium","TheCity","TheBeyond","TheEnding"],"potions_floor_usage":[55,55,55],"damage_taken":[{"damage":0.0,"enemies":"2 Louse","floor":1.0,"turns":1.0},{"damage":1.0,"enemies":"Small Slimes","floor":2.0,"turns":3.0},{"damage":0.0,"enemies":"Cultist","floor":5.0,"turns":3.0},{"damage":14.0,"enemies":"Replay:BlueRogue","floor":6.0,"turns":6.0},{"damage":0.0,"enemies":"Looter","floor":11.0,"turns":2.0},{"damage":4.0,"enemies":"Lagavulin","floor":12.0,"turns":4.0},{"damage":6.0,"enemies":"Fading Forest","floor":16.0,"turns":11.0},{"damage":6.0,"enemies":"Chosen","floor":18.0,"turns":3.0},{"damage":11.0,"enemies":"2 Thieves","floor":19.0,"turns":3.0},{"damage":0.0,"enemies":"Snecko","floor":22.0,"turns":4.0},{"damage":7.0,"enemies":"Slavers","floor":23.0,"turns":5.0},{"damage":10.0,"enemies":"Gremlin Leader","floor":25.0,"turns":5.0},{"damage":0.0,"enemies":"conspire:MimicChest","floor":28.0,"turns":3.0},{"damage":0.0,"enemies":"3 Cultists","floor":30.0,"turns":3.0},{"damage":2.0,"enemies":"Nightmare","floor":31.0,"turns":5.0},{"damage":5.0,"enemies":"hubris:MusketHawk","floor":33.0,"turns":4.0},{"damage":1.0,"enemies":"3 Shapes","floor":35.0,"turns":4.0},{"damage":0.0,"enemies":"Orb Walker","floor":37.0,"turns":3.0},{"damage":8.0,"enemies":"Writhing Mass","floor":38.0,"turns":3.0},{"damage":1.0,"enemies":"R_Hoarder","floor":40.0,"turns":5.0},{"damage":0.0,"enemies":"Nemesis","floor":42.0,"turns":3.0},{"damage":7.0,"enemies":"4 Shapes","floor":44.0,"turns":3.0},{"damage":3,"enemies":"R_Hoarder","floor":45,"turns":4},{"damage":0,"enemies":"Maw","floor":46,"turns":3},{"damage":10,"enemies":"hubris:GrandSnecko","floor":50,"turns":6},{"damage":21,"enemies":"Shield and Spear","floor":54,"turns":4},{"damage":55,"enemies":"The Heart","floor":55,"turns":8}],"seed_played":"8460052768680270636","potions_obtained":[{"floor":1.0,"key":"Milkshake"},{"floor":4.0,"key":"Cursed Concoction"},{"floor":5.0,"key":"Guardian:BlockOnCardUsePotion"},{"floor":22.0,"key":"Block Potion"},{"floor":23.0,"key":"Explosive Potion"},{"floor":31.0,"key":"ColorlessPotion"},{"floor":33.0,"key":"FocusPotion"},{"floor":44.0,"key":"BlessingOfTheForge"},{"floor":46,"key":"PotionOfCapacity"}],"is_trial":false,"path_per_floor":["M","M","?","?","M","E","R","?","T","R","M","E","?","?","R","B",null,"M","M","?","?","M","E","R","E","T","R","?","?","M","NM","R","B",null,"M","AVR","M","M","?","E","R","E","T","M","E","M","R","$","R","B",null,"R","$","E","B",null],"character_chosen":"DEFECT","items_purchased":["Defragment","Incense Burner","Reinforced Body+1","Crystallizer","Amplify","DollysMirror","hubris:PowerSurge","Replay:Antivirus Software","Fire Potion","Electrodynamics","trackpad:BottledShadow","ReplayUltimateDefense","Defragment"],"campfire_rested":2,"item_purchase_floors":[0,0,0,0,0,0,0,0,0,48,48,48,53],"current_hp_per_floor":[21,20,42,42,42,28,28,28,28,50,50,46,31,31,31,33,65,59,48,51,51,51,44,44,34,34,34,34,34,34,32,32,27,65,64,64,71,68,68,68,68,68,68,61,58,58,82,82,82,72,80,80,80,59,39],"gold":106,"neow_bonus":"","is_daily":false,"chose_seed":false,"campfire_upgraded":8,"win_rate":0.0,"timestamp":1609019152,"path_taken":["M","M","?","?","?","E","R","?","T","R","M","E","?","?","R","BOSS","M","M","?","?","M","E","R","E","T","R","?","?","?","NM","R","BOSS","M","AVR","?","?","?","E","R","E","T","M","E","M","R","$","R","BOSS","R","$","E","BOSS"],"items_purchased_type":["Card","Relic","Card","Card","Card","Relic","Card","Relic","Potion","Card","Relic","Card","Card"],"build_version":"2020-12-22","purchased_purges":1,"victory":true,"max_hp_per_floor":[75,75,75,75,75,75,75,75,75,75,75,75,75,75,75,75,75,75,75,78,78,78,78,78,78,78,78,78,78,78,78,78,78,78,78,78,81,81,81,82,82,82,82,82,82,82,82,82,82,82,82,82,82,82,82],"card_choices":[{"not_picked":["BasicCrystalCard","Rip and Tear"],"picked":"Leap","floor":1.0},{"not_picked":["Gash","Skim"],"picked":"Cold Snap","floor":2.0},{"not_picked":["Stack","Auto Shields"],"picked":"Loop","floor":5.0},{"not_picked":["Fusion","Stack"],"picked":"Buffer","floor":6.0},{"not_picked":["Beam Cell","Sweeping Beam","Barrage"],"picked":"SKIP","floor":11.0},{"not_picked":["Undo","Compile Driver"],"picked":"Biased Cognition","floor":12.0},{"not_picked":["hubris:SpecializedCircuitry","hubris:Prefetch"],"picked":"Core Surge","floor":16.0},{"not_picked":["Sweeping Beam","Rip and Tear","Skim"],"picked":"SKIP","floor":18.0},{"not_picked":["Rebound","Genetic Algorithm+1"],"picked":"Chill+1","floor":19.0},{"not_picked":["Steam","Gash+1"],"picked":"Hologram","floor":22.0},{"not_picked":["Barrage","Redo"],"picked":"Sunder","floor":23.0},{"not_picked":["Coolheaded","Cold Snap"],"picked":"Storm","floor":25.0},{"not_picked":["Streamline","Sweeping Beam"],"picked":"Capacitor","floor":28.0},{"not_picked":["Barrage","Steam"],"picked":"Coolheaded+1","floor":30.0},{"not_picked":["ReplayGash","Steam+1"],"picked":"Echo Form","floor":31.0},{"not_picked":["Seek","ReplayTheSpireMod:Fabricate Wheel"],"picked":"Echo Form","floor":33.0},{"not_picked":["Steam","Stack+1","Beam Cell"],"picked":"SKIP","floor":35.0},{"not_picked":["Beam Cell+1","Barrage","BasicCrystalCard+1"],"picked":"SKIP","floor":37.0},{"not_picked":["Hologram","Melter+1","Cold Snap+1"],"picked":"SKIP","floor":38.0},{"not_picked":["Scrape","Skim"],"picked":"Redo+1","floor":40.0},{"not_picked":["Sweeping Beam","Fusion+1"],"picked":"All For One","floor":42.0},{"not_picked":["Beam Cell+1","Hologram","Panic Button"],"picked":"SKIP","floor":44.0},{"not_picked":["ReplayTheSpireMod:System Scan+1","Doom and Gloom"],"picked":"Static Discharge+1","floor":45},{"not_picked":["hubris:SpecializedCircuitry","BasicCrystalCard+1","Stack"],"picked":"SKIP","floor":46},{"not_picked":["Sweeping Beam","Auto Shields"],"picked":"BootSequence+1","floor":54}],"player_experience":904672,"relics_obtained":[{"floor":6.0,"key":"hubris:BallOfYels"},{"floor":9.0,"key":"ReplayTheSpireMod:TigerMarble"},{"floor":12.0,"key":"Pen Nib"},{"floor":23.0,"key":"Replay:Bandana"},{"floor":25.0,"key":"hubris:ToyBattleship"},{"floor":26.0,"key":"hubris:SlimyHat"},{"floor":28.0,"key":"aspiration:TomeofQuesting"},{"floor":31.0,"key":"ReplayFunnel"},{"floor":37.0,"key":"halation:EternalFortune"},{"floor":40.0,"key":"ReplayTheSpireMod:Ninjato"},{"floor":40.0,"key":"trackpad:Compendium"},{"floor":42.0,"key":"Cables"},{"floor":42.0,"key":"infinitespire:Magic Flask"},{"floor":43.0,"key":"Replay:Bottled Steam"},{"floor":45,"key":"aspiration:Lifesprig"},{"floor":45,"key":"Replay:Bottled Flurry"},{"floor":54,"key":"infinitespire:PuzzleCube"},{"floor":54,"key":"Solar Panel"}],"event_choices":[{"damage_healed":0.0,"max_hp_gain":0.0,"max_hp_loss":0.0,"gold_gain":0.0,"event_name":"The Woman in Blue","player_choice":"Bought 1 Potion","floor":4.0,"gold_loss":0.0,"damage_taken":0.0},{"damage_healed":0.0,"max_hp_gain":0.0,"max_hp_loss":0.0,"gold_gain":0.0,"event_name":"conspire:LoneGhost","player_choice":"Disagree","floor":8.0,"gold_loss":0.0,"damage_taken":0.0},{"damage_healed":0.0,"max_hp_gain":0.0,"max_hp_loss":0.0,"gold_gain":0.0,"event_name":"Shining Light","player_choice":"Entered Light","floor":13.0,"gold_loss":0.0,"damage_taken":15.0,"cards_upgraded":["Loop","Strike_B"]},{"damage_healed":0.0,"max_hp_gain":0.0,"max_hp_loss":0.0,"gold_gain":0.0,"event_name":"Scrap Ooze","player_choice":"Fled","floor":14.0,"gold_loss":0.0,"damage_taken":0.0},{"damage_healed":0.0,"max_hp_gain":0.0,"max_hp_loss":0.0,"gold_gain":0.0,"event_name":"WeMeetAgain","player_choice":"Paid Gold","floor":29.0,"gold_loss":62.0,"damage_taken":0.0,"relics_obtained":["Matryoshka"]},{"cards_removed":["Strike_B"],"damage_healed":0.0,"max_hp_gain":0.0,"max_hp_loss":0.0,"gold_gain":0.0,"event_name":"Bonfire Elementals","player_choice":"Offered Basic","floor":39.0,"gold_loss":0.0,"damage_taken":0.0}],"is_beta":false,"boss_relics":[{"not_picked":["Replay:Drink Me","ReplayTheSpireMod:SealedPack"],"picked":"energizedSpire:UnstableMolecules"},{"not_picked":["ReplayTheSpireMod:DimensionalGlitch","hubris:RunicObelisk"],"picked":"trackpad:NeutrinoGenerator"}],"items_purged_floors":[36],"is_endless":false,"potions_floor_spawned":[1,5,12,22,23,31,33,37,44,45,46],"ascension_level":8}}