{"host":"cyiefo55v5hz1ih5","time":1609007639,"event":{"mods":["2.2 Compatiblity","AchievementEnabler","Arknights The Spire","BaseMod","GifTheSpireLib","Hubris","Minty Spire (QoL Compilation)","Replay The Spire","Spicy Shops","StSLib"],"gold_per_floor":[114,114,114,39,39,39,59,78,78,78,92,107,107,139,139,244,244,260,335,351,365,365,394,405,424,424,424,424],"floor_reached":27,"playtime":2872,"items_purged":["Normality"],"score":235,"play_id":"27284cc2-7f50-4547-ad21-0dc055041852","local_time":"20201226133359","is_ascension_mode":false,"campfire_choices":[{"floor":6,"key":"RECALL"},{"data":"ats:Emotion Absorption","floor":15,"key":"SMITH"}],"circlet_count":0,"master_deck":["ats:Strike G","ats:Armor Crushing Shot","ats:Defend","ats:Defend","ats:Defend","ats:Defend","ats:Emotion Absorption+1","ats:Shell Defense","ats:Defend Order","ats:Closed Bolt Burst Fire","ats:Shadow Assault","ats:Wolf Pack","ats:Song Of Battle","ats:Overload+1","ats:Healing Drone"],"relics":["ats:Sanity","Ring of Peace","Ring of Panic","hubris:Icosahedron","HornCleat","ats:Originium","hubris:MedicalManual","ats:Originium","hubris:SlimyHat"],"acts_visited":["Exordium","TheCity"],"potions_floor_usage":[14,16,23,25],"damage_taken":[{"damage":1,"enemies":"Cultist","floor":1,"turns":4},{"damage":0,"enemies":"Small Slimes","floor":7,"turns":5},{"damage":0,"enemies":"Jaw Worm","floor":8,"turns":5},{"damage":0,"enemies":"2 Fungi Beasts","floor":11,"turns":5},{"damage":0,"enemies":"Red Slaver","floor":12,"turns":5},{"damage":10,"enemies":"3 Sentries","floor":14,"turns":15},{"damage":21,"enemies":"Fading Forest","floor":16,"turns":11},{"damage":4,"enemies":"Shell Parasite","floor":18,"turns":9},{"damage":0,"enemies":"2 Thieves","floor":20,"turns":5},{"damage":38,"enemies":"Centurion and Healer","floor":21,"turns":10},{"damage":21,"enemies":"Book of Stabbing","floor":23,"turns":6},{"damage":32,"enemies":"Sentry and Sphere","floor":24,"turns":8},{"damage":28,"enemies":"Snake Plant","floor":25,"turns":9},{"damage":48,"enemies":"Gremlin Leader","floor":27,"turns":9}],"seed_played":"1973650067850356005","potions_obtained":[{"floor":7,"key":"PowerPotion"},{"floor":11,"key":"Adrenaline Potion"},{"floor":20,"key":"FairyPotion"},{"floor":21,"key":"Death Potion"},{"floor":24,"key":"Energy Potion"}],"is_trial":false,"path_per_floor":["M","?","?","$","$","R","M","M","T","?","M","M","?","E","R","B",null,"M","?","M","M","?","E","M","M","T","E"],"character_chosen":"DOCTOR_CLASS","items_purchased":[],"campfire_rested":0,"item_purchase_floors":[],"current_hp_per_floor":[78,78,78,78,78,78,79,79,79,79,79,79,79,76,76,63,79,77,70,72,40,40,24,23,22,22,0,0],"gold":424,"neow_bonus":"TEN_PERCENT_HP_BONUS","is_daily":false,"chose_seed":false,"campfire_upgraded":1,"win_rate":0.0,"timestamp":1609007639,"path_taken":["M","?","?","?","$","R","M","?","T","?","?","?","?","E","R","BOSS","M","?","M","?","?","E","M","?","T","E"],"items_purchased_type":[],"build_version":"2020-12-22","purchased_purges":1,"victory":false,"max_hp_per_floor":[79,79,79,79,79,79,79,79,79,79,79,79,79,79,79,79,79,79,79,79,79,79,79,79,79,79,79,79],"card_choices":[{"not_picked":["ats:Assault Order","ats:Consecutive Shot Auto"],"picked":"ats:Shell Defense","floor":1},{"not_picked":["ats:Explosion Area Strengthen","ats:Beaten Up","ats:Assault Order"],"picked":"SKIP","floor":7},{"not_picked":["ats:Consecutive Shot Auto","ats:Hammer On"],"picked":"ats:Defend Order","floor":8},{"not_picked":["ats:Defend Order","ats:Flame Of Heaven"],"picked":"ats:Closed Bolt Burst Fire","floor":11},{"not_picked":["ats:Healing Strengthening","ats:Beaten Up","ats:Ignite"],"picked":"SKIP","floor":12},{"not_picked":["ats:Revitalization","ats:Song Of Battle"],"picked":"ats:Shadow Assault","floor":14},{"not_picked":["ats:Echo Reverb","ats:Fractured Body"],"picked":"ats:Wolf Pack","floor":16},{"not_picked":["ats:Explosion Area Strengthen","ats:Ignite","ats:Assault Order"],"picked":"SKIP","floor":18},{"not_picked":["ats:Steam Pump","ats:Beaten Up","ats:Song Of Battle"],"picked":"SKIP","floor":20},{"not_picked":["ats:Steam Pump","ats:Beaten Up"],"picked":"ats:Song Of Battle","floor":20},{"not_picked":["ats:Poison Spread","ats:Shell Defense"],"picked":"ats:Overload+1","floor":21},{"not_picked":["ats:Counter Healing Mode","ats:Childhood Dance","ats:Hammer On"],"picked":"SKIP","floor":23},{"not_picked":["ats:Shell Defense","ats:Counter Healing Mode"],"picked":"ats:Healing Drone","floor":24},{"not_picked":["ats:Burning Ground","ats:Hammer On","ats:Explosion Area Strengthen"],"picked":"SKIP","floor":25}],"player_experience":583381,"relics_obtained":[{"floor":2,"key":"Ring of Peace"},{"floor":2,"key":"Ring of Panic"},{"floor":9,"key":"HornCleat"},{"floor":14,"key":"ats:Originium"},{"floor":14,"key":"hubris:MedicalManual"},{"floor":23,"key":"ats:Originium"},{"floor":23,"key":"hubris:SlimyHat"}],"event_choices":[{"cards_removed":["ats:Strike S"],"damage_healed":0,"gold_gain":0,"player_choice":"Offered Basic","damage_taken":0,"max_hp_gain":0,"max_hp_loss":0,"event_name":"Bonfire Elementals","floor":10,"gold_loss":0},{"cards_removed":["ats:Strike V"],"damage_healed":0,"gold_gain":0,"player_choice":"Forget","damage_taken":0,"max_hp_gain":0,"max_hp_loss":0,"event_name":"Living Wall","floor":13,"gold_loss":0},{"damage_healed":0,"gold_gain":75,"player_choice":"Touch","damage_taken":7,"max_hp_gain":0,"max_hp_loss":0,"event_name":"FaceTrader","floor":19,"gold_loss":0},{"cards_removed":["ats:Strike C"],"damage_healed":0,"gold_gain":0,"player_choice":"Card Removal","damage_taken":0,"max_hp_gain":0,"max_hp_loss":0,"event_name":"Wheel of Change","floor":22,"gold_loss":0}],"is_beta":false,"boss_relics":[{"not_picked":["Ectoplasm","Busted Crown","ReplayTheSpireMod:DimensionalGlitch"]}],"items_purged_floors":[4],"is_endless":false,"potions_floor_spawned":[7,11,20,21,24],"killed_by":"Gremlin Leader","ascension_level":0}}