{"host":"opg65mucj6ra7dr1","time":1609006660,"event":{"mods":["BaseMod","DeckTracker","Keyboard Shortcuts","Minty Spire (QoL Compilation)","Permanent Neow","Quick Restart","everything is the same but u backflip on backflip"],"gold_per_floor":[112,112,129,129,141,16,16,49,72,85,105,105,125,149,149,252,252,262,288,298,298,1,28,44,44,44,44,44],"floor_reached":27,"playtime":731,"items_purged":[],"score":256,"play_id":"c577f3d4-978f-4029-989a-fe89ea90e4df","local_time":"20201227031740","is_ascension_mode":true,"campfire_choices":[{"data":"Consume","floor":7.0,"key":"SMITH"},{"floor":15.0,"key":"REST"},{"floor":25,"key":"REST"}],"circlet_count":0,"master_deck":["Zap+1","Dualcast","Chill","Rebound","Genetic Algorithm","Go for the Eyes","Consume+1","BootSequence","Leap","Ball Lightning","Steam Power","Melter","Rainbow","Biased Cognition","Tempest+1","Beam Cell","Chaos","Conserve Battery+1","Self Repair","Lockon","Hologram","Recycle+1"],"relics":["Cracked Core","Nunchaku","Vajra","Bag of Marbles","Tiny Chest","Pandora\u0027s Box","Red Mask","Ice Cream","Centennial Puzzle","Ancient Tea Set"],"acts_visited":["Exordium","TheCity"],"potions_floor_usage":[],"damage_taken":[{"damage":0.0,"enemies":"Small Slimes","floor":1.0,"turns":3.0},{"damage":0.0,"enemies":"2 Louse","floor":3.0,"turns":3.0},{"damage":0.0,"enemies":"Jaw Worm","floor":5.0,"turns":3.0},{"damage":26.0,"enemies":"3 Sentries","floor":8.0,"turns":9.0},{"damage":4.0,"enemies":"Red Slaver","floor":10.0,"turns":3.0},{"damage":10.0,"enemies":"Exordium Thugs","floor":11.0,"turns":4.0},{"damage":0.0,"enemies":"Looter","floor":13.0,"turns":3.0},{"damage":15.0,"enemies":"The Guardian","floor":16.0,"turns":9.0},{"damage":6.0,"enemies":"Spheric Guardian","floor":18.0,"turns":4.0},{"damage":7.0,"enemies":"Masked Bandits","floor":19.0,"turns":5.0},{"damage":12.0,"enemies":"3 Byrds","floor":20.0,"turns":3.0},{"damage":35,"enemies":"Slavers","floor":23,"turns":5},{"damage":21,"enemies":"3 Cultists","floor":24,"turns":4},{"damage":38,"enemies":"Gremlin Leader","floor":27,"turns":5}],"seed_played":"-6377435585169010183","potions_obtained":[{"floor":3.0,"key":"FocusPotion"},{"floor":5.0,"key":"Weak Potion"},{"floor":8.0,"key":"Ancient Potion"},{"floor":10.0,"key":"Fruit Juice"},{"floor":23,"key":"Weak Potion"},{"floor":24,"key":"Ancient Potion"}],"is_trial":false,"path_per_floor":["M","?","M","?","M","$","R","E","T","M","M","?","M","T","R","B",null,"M","?","M","?","$","E","M","R","T","E"],"character_chosen":"DEFECT","items_purchased":["Consume","BlessingOfTheForge","Ice Cream"],"campfire_rested":2,"item_purchase_floors":[6,6,22],"current_hp_per_floor":[75,50,50,50,50,50,50,24,24,25,15,15,15,15,39,24,80,74,67,62,62,62,34,13,37,37,0,0],"gold":44,"neow_bonus":"UPGRADE_CARD","is_daily":false,"chose_seed":false,"campfire_upgraded":1,"win_rate":0.0,"timestamp":1609006660,"path_taken":["M","?","M","?","M","$","R","E","T","M","M","?","M","?","R","BOSS","M","?","M","?","$","E","M","R","T","E"],"items_purchased_type":["Card","Potion","Relic"],"build_version":"2020-12-22","purchased_purges":0,"victory":false,"max_hp_per_floor":[75,75,75,75,75,75,75,75,75,80,80,80,80,80,80,80,80,80,80,80,80,80,80,80,80,80,80,80],"card_choices":[{"not_picked":["Steam","Go for the Eyes"],"picked":"Chill","floor":1.0},{"not_picked":["Gash","FTL"],"picked":"Rebound","floor":3.0},{"not_picked":["Beam Cell","Darkness"],"picked":"Go for the Eyes","floor":5.0},{"not_picked":["Reprogram","Go for the Eyes"],"picked":"BootSequence","floor":8.0},{"not_picked":["Beam Cell","Turbo"],"picked":"Leap","floor":10.0},{"not_picked":["Streamline","Genetic Algorithm","Scrape"],"picked":"SKIP","floor":11.0},{"not_picked":["Beam Cell","Thunder Strike"],"picked":"Ball Lightning","floor":13.0},{"not_picked":["Darkness","Gash"],"picked":"Conserve Battery+1","floor":18.0},{"not_picked":["Reprogram","Steam"],"picked":"Self Repair","floor":19.0},{"not_picked":["Doom and Gloom","Self Repair","Lockon"],"picked":"SKIP","floor":20.0},{"not_picked":["Doom and Gloom","Self Repair"],"picked":"Lockon","floor":20.0},{"not_picked":["Streamline","Fusion"],"picked":"Hologram","floor":23},{"not_picked":["Sweeping Beam","Streamline"],"picked":"Recycle+1","floor":24}],"player_experience":79067,"relics_obtained":[{"floor":8.0,"key":"Vajra"},{"floor":9.0,"key":"Bag of Marbles"},{"floor":14.0,"key":"Tiny Chest"},{"floor":19.0,"key":"Red Mask"},{"floor":23,"key":"Centennial Puzzle"},{"floor":26,"key":"Ancient Tea Set"}],"event_choices":[{"damage_healed":0.0,"max_hp_gain":0.0,"max_hp_loss":0.0,"gold_gain":0.0,"event_name":"Scrap Ooze","player_choice":"Success","floor":2.0,"gold_loss":0.0,"damage_taken":25.0,"relics_obtained":["Nunchaku"]},{"damage_healed":0.0,"max_hp_gain":0.0,"max_hp_loss":0.0,"gold_gain":0.0,"cards_transformed":["Strike_B"],"event_name":"Living Wall","player_choice":"Change","floor":4.0,"gold_loss":0.0,"damage_taken":0.0,"cards_obtained":["Genetic Algorithm"]},{"damage_healed":0.0,"max_hp_gain":0.0,"max_hp_loss":0.0,"gold_gain":0.0,"event_name":"Liars Game","player_choice":"Ignored","floor":12.0,"gold_loss":0.0,"damage_taken":0.0},{"damage_healed":0.0,"max_hp_gain":0.0,"max_hp_loss":0.0,"gold_gain":0.0,"event_name":"Masked Bandits","player_choice":"Fought Bandits","floor":19.0,"gold_loss":0.0,"damage_taken":0.0},{"damage_healed":0.0,"max_hp_gain":0.0,"max_hp_loss":0.0,"gold_gain":0.0,"event_name":"Accursed Blacksmith","player_choice":"Forge","floor":21.0,"gold_loss":0.0,"damage_taken":0.0,"cards_upgraded":["Tempest"]}],"is_beta":false,"boss_relics":[{"not_picked":["Busted Crown","Snecko Eye"],"picked":"Pandora\u0027s Box"}],"items_purged_floors":[],"is_endless":false,"potions_floor_spawned":[3,5,8,10,23,24],"killed_by":"Gremlin Leader","ascension_level":2}}