{"host":"9tzam4717zt8ei1o","time":1609001031,"event":{"mods":["BaseMod","Colored Map","Keyboard Shortcuts","Minty Spire (QoL Compilation)","Quick Restart","StSLib","SuperFastMode"],"gold_per_floor":[119,139,154,165,182,182,214,53,53,53,5,5,5,5,5,80,80,51,51,51],"floor_reached":19,"playtime":353,"items_purged":[],"score":334,"play_id":"bd6bc4c4-5e8c-4946-82e0-d011790d2f53","local_time":"20201227014351","is_ascension_mode":true,"campfire_choices":[{"data":"Underhanded Strike","floor":6.0,"key":"SMITH"},{"data":"A Thousand Cuts","floor":10.0,"key":"SMITH"},{"floor":15.0,"key":"REST"}],"circlet_count":0,"master_deck":["AscendersBane","Strike_G","Strike_G","Strike_G","Strike_G","Strike_G","Defend_G","Defend_G","Defend_G","Defend_G","Defend_G","Survivor","Neutralize","Underhanded Strike+1","Backstab","Dagger Throw","Escape Plan","Prepared","Flechettes","A Thousand Cuts+1","After Image"],"relics":["Ring of the Snake","Happy Flower","Tiny Chest","Dream Catcher","White Beast Statue","SlaversCollar"],"acts_visited":["Exordium","TheCity"],"potions_floor_usage":[18,19],"damage_taken":[{"damage":2.0,"enemies":"Small Slimes","floor":1.0,"turns":3.0},{"damage":0.0,"enemies":"Jaw Worm","floor":2.0,"turns":4.0},{"damage":1.0,"enemies":"Cultist","floor":3.0,"turns":3.0},{"damage":14.0,"enemies":"Exordium Wildlife","floor":4.0,"turns":4.0},{"damage":13.0,"enemies":"Lots of Slimes","floor":5.0,"turns":4.0},{"damage":24.0,"enemies":"Lagavulin","floor":7.0,"turns":6.0},{"damage":23.0,"enemies":"The Guardian","floor":16.0,"turns":13.0},{"damage":15,"enemies":"2 Thieves","floor":18,"turns":5},{"damage":39,"enemies":"Chosen","floor":19,"turns":5}],"seed_played":"3143979415305116413","potions_obtained":[{"floor":2.0,"key":"Fire Potion"},{"floor":3.0,"key":"Swift Potion"},{"floor":16.0,"key":"Weak Potion"},{"floor":18,"key":"Block Potion"}],"is_trial":false,"path_per_floor":["M","M","M","M","M","R","E","$","T","R","?","T","$","T","R","B",null,"M","M"],"character_chosen":"THE_SILENT","items_purchased":["A Thousand Cuts"],"campfire_rested":1,"item_purchase_floors":[8],"current_hp_per_floor":[57,57,56,42,29,29,5,5,5,5,5,5,5,5,24,1,50,35,0,0],"gold":51,"neow_bonus":"THREE_CARDS","is_daily":false,"chose_seed":false,"campfire_upgraded":2,"win_rate":0.0,"timestamp":1609001031,"path_taken":["M","M","M","M","M","R","E","$","T","R","?","?","?","?","R","BOSS","M","M"],"items_purchased_type":["Card"],"build_version":"2020-12-22","purchased_purges":0,"victory":false,"max_hp_per_floor":[66,66,66,66,66,66,66,66,66,66,66,66,66,66,66,66,66,66,66,66],"card_choices":[{"not_picked":["Endless Agony","Choke"],"picked":"Underhanded Strike","floor":0.0},{"not_picked":["Sucker Punch","Backstab","Blade Dance"],"picked":"SKIP","floor":1.0},{"not_picked":["Sucker Punch","Blade Dance"],"picked":"Backstab","floor":1.0},{"not_picked":["Cloak And Dagger","Backflip"],"picked":"Dagger Throw","floor":2.0},{"not_picked":["Backstab","Finisher","All Out Attack"],"picked":"SKIP","floor":3.0},{"not_picked":["Dagger Throw","Blade Dance"],"picked":"Escape Plan","floor":4.0},{"not_picked":["Caltrops","Concentrate"],"picked":"Prepared","floor":5.0},{"not_picked":["Deflect","Prepared"],"picked":"Flechettes","floor":7.0},{"not_picked":["Tools of the Trade","Storm of Steel"],"picked":"After Image","floor":16.0},{"not_picked":["Slice","Flying Knee","Cloak And Dagger"],"picked":"SKIP","floor":18}],"player_experience":119461,"relics_obtained":[{"floor":7.0,"key":"Happy Flower"},{"floor":9.0,"key":"Tiny Chest"},{"floor":12.0,"key":"Dream Catcher"},{"floor":14.0,"key":"White Beast Statue"}],"event_choices":[{"damage_healed":0.0,"max_hp_gain":0.0,"max_hp_loss":0.0,"gold_gain":0.0,"event_name":"World of Goop","player_choice":"Left Gold","floor":11.0,"gold_loss":48.0,"damage_taken":0.0}],"is_beta":false,"boss_relics":[{"not_picked":["Calling Bell","Ectoplasm"],"picked":"SlaversCollar"}],"items_purged_floors":[],"is_endless":false,"potions_floor_spawned":[2,3,16,18],"killed_by":"Chosen","ascension_level":20}}