{"host":"vfg9szunmpjwj08o","time":1609000383,"event":{"mods":["Act Like it!","BaseMod","Challenge The Spire","Colored Map","Colored Powertips","Minty Spire (QoL Compilation)","StSLib","Waifu the Spire"],"gold_per_floor":[116,116,116,13,13,49,49,49,49,84,84,100,125,150,150,150,150],"floor_reached":16,"playtime":328,"items_purged":["Strike_B"],"score":308,"play_id":"36168587-0097-4f3a-9229-7a409c3e1de6","local_time":"20201226173303","is_ascension_mode":true,"campfire_choices":[{"data":"Zap","floor":8,"key":"SMITH"},{"data":"Dualcast","floor":11,"key":"SMITH"},{"data":"Hologram","floor":15,"key":"SMITH"}],"circlet_count":0,"master_deck":["AscendersBane","Strike_B","Defend_B","Defend_B","Defend_B+1","Defend_B+1","Zap+1","Dualcast+1","Compile Driver","Hologram+1","Compile Driver","Go for the Eyes"],"relics":["Cracked Core","NeowsBlessing","Golden Idol","StrikeDummy","Bird Faced Urn"],"acts_visited":["Exordium"],"potions_floor_usage":[16],"damage_taken":[{"damage":0,"enemies":"2 Louse","floor":1,"turns":1},{"damage":0,"enemies":"3 Sentries","floor":6,"turns":1},{"damage":0,"enemies":"Gremlin Nob","floor":10,"turns":1},{"damage":3,"enemies":"Small Slimes","floor":12,"turns":3},{"damage":0,"enemies":"Cultist","floor":13,"turns":2},{"damage":13,"enemies":"Exordium Wildlife","floor":14,"turns":4},{"damage":26,"enemies":"Hexaghost","floor":16,"turns":9}],"seed_played":"7528593322720876581","potions_obtained":[{"floor":1,"key":"PowerPotion"},{"floor":12,"key":"AttackPotion"}],"is_trial":false,"path_per_floor":["M","?","?","$","?","E","?","R","T","E","R","M","M","M","R","B"],"character_chosen":"DEFECT","items_purchased":["Compile Driver"],"campfire_rested":0,"item_purchase_floors":[4],"current_hp_per_floor":[64,57,57,57,38,38,38,38,38,38,38,35,35,22,22,0,0],"gold":150,"neow_bonus":"THREE_ENEMY_KILL","is_daily":false,"chose_seed":false,"campfire_upgraded":3,"win_rate":0.0,"timestamp":1609000383,"path_taken":["M","?","?","$","?","E","?","R","T","E","R","M","M","M","R","BOSS"],"items_purchased_type":["Card"],"build_version":"2020-12-22","purchased_purges":1,"victory":false,"max_hp_per_floor":[71,71,64,64,64,64,64,64,64,64,64,64,64,64,64,64,64],"card_choices":[{"not_picked":["Aggregate","Beam Cell","Steam Power"],"picked":"SKIP","floor":1},{"not_picked":["Beam Cell","Sweeping Beam"],"picked":"Hologram","floor":6},{"not_picked":["Rebound","Beam Cell","Auto Shields"],"picked":"SKIP","floor":10},{"not_picked":["Leap","Redo"],"picked":"Compile Driver","floor":12},{"not_picked":["Heatsinks","Conserve Battery"],"picked":"Go for the Eyes","floor":13},{"not_picked":["Stack","Streamline","Amplify"],"picked":"SKIP","floor":14}],"player_experience":1014038,"relics_obtained":[{"floor":6,"key":"StrikeDummy"},{"floor":10,"key":"Bird Faced Urn"}],"event_choices":[{"cards_removed":["Strike_B"],"damage_healed":0,"gold_gain":0,"player_choice":"Card Removal","damage_taken":7,"max_hp_gain":0,"max_hp_loss":0,"event_name":"Golden Wing","floor":2,"gold_loss":0},{"damage_healed":0,"gold_gain":0,"player_choice":"Lose Max HP","damage_taken":0,"relics_obtained":["Golden Idol"],"max_hp_gain":0,"max_hp_loss":7,"event_name":"Golden Idol","floor":3,"gold_loss":0},{"damage_healed":0,"gold_gain":0,"player_choice":"Entered Light","damage_taken":19,"max_hp_gain":0,"max_hp_loss":0,"event_name":"Shining Light","floor":5,"gold_loss":0,"cards_upgraded":["Defend_B","Defend_B"]},{"cards_removed":["Strike_B"],"damage_healed":0,"gold_gain":0,"player_choice":"Purged","damage_taken":0,"max_hp_gain":0,"max_hp_loss":0,"event_name":"Purifier","floor":7,"gold_loss":0}],"is_beta":false,"boss_relics":[],"items_purged_floors":[4],"is_endless":false,"potions_floor_spawned":[1,12],"killed_by":"Hexaghost","ascension_level":19}}