{"host":"r5cycnjhcbwgkpkf","time":1609004739,"event":{"mods":["2.2 Compatiblity","AchievementEnabler","BaseMod","Bestiary","Better Match","Better Note","Better Skull","Better Third Choice","BetterRewards","Colored Map","Colored Powertips","Downfall","Googly Eyes","Infinite Spire","Minty Spire (QoL Compilation)","Replay The Spire","Spicy Shops","StSLib"],"gold_per_floor":[99,99,99,99,99,133,133,62,62,87,131,212,212,212,239,263,263,263],"floor_reached":16,"playtime":883,"items_purged":[],"score":106,"play_id":"513d4856-5655-40f5-a221-79db8ac7bb00","local_time":"20201226094539","is_ascension_mode":true,"campfire_choices":[{"data":"champ:Taunt","floor":1.0,"key":"SMITH"},{"floor":13,"key":"REST"}],"circlet_count":0,"master_deck":["champ:Strike","champ:Strike","champ:Strike","champ:Strike","champ:Defend","champ:Defend","champ:Defend","champ:Defend","champ:Execute","champ:Taunt+1","champ:Haymaker","champ:RageSigil","champ:ShieldSigil","champ:ViciousMockery","champ:BerserkerStyle+1","champ:Aggression","champ:FanOfKnives","Languid","champ:FaceSlap"],"relics":["champ:ChampionCrown","downfall:HeartsMalice","Potion Belt","infinitespire:Midas Blood","Chameleon Ring","Replay:Bottled Flurry","ReplayTheSpireMod:Ring of Addiction","White Beast Statue","Toy Ornithopter","Ring of Hypnosis"],"acts_visited":["Exordium"],"potions_floor_usage":[16],"damage_taken":[{"damage":0.0,"enemies":"Jaw Worm","floor":2.0,"turns":1.0},{"damage":0.0,"enemies":"2 Louse","floor":3.0,"turns":1.0},{"damage":0.0,"enemies":"downfall:FleeingMerchant","floor":4.0,"turns":1.0},{"damage":58,"enemies":"3 Sentries","floor":6,"turns":13},{"damage":10,"enemies":"downfall:FleeingMerchant","floor":8,"turns":4},{"damage":14,"enemies":"Cultist","floor":10,"turns":4},{"damage":35,"enemies":"Exordium Thugs","floor":11,"turns":4},{"damage":22,"enemies":"Large Slime","floor":15,"turns":4},{"damage":54,"enemies":"downfall:Ironclad","floor":16,"turns":3}],"seed_played":"-2339829170430934148","potions_obtained":[{"floor":11,"key":"SkillPotion"},{"floor":14,"key":"Languid Potion"},{"floor":14,"key":"Explosive Potion"},{"floor":14,"key":"BlessingOfTheForge"},{"floor":15,"key":"LiquidMemories"}],"is_trial":false,"path_per_floor":["R","M","M","$","?","E","T","$","?","M","M","T","R","?","M","B"],"character_chosen":"THE_CHAMP","items_purchased":["champ:BerserkerStyle"],"campfire_rested":1,"item_purchase_floors":[8],"current_hp_per_floor":[90,90,90,90,90,42,42,37,37,36,22,22,49,49,49,0,0,0],"gold":263,"neow_bonus":"THREE_ENEMY_KILL","is_daily":false,"chose_seed":false,"campfire_upgraded":1,"win_rate":0.0,"timestamp":1609004739,"path_taken":["R","M","M","$","?","E","T","?","?","?","M","?","R","?","M","BOSS"],"items_purchased_type":["Card"],"build_version":"2020-12-22","purchased_purges":0,"victory":false,"max_hp_per_floor":[90,90,90,90,90,90,90,90,90,90,90,90,90,90,90,90,90,90],"card_choices":[{"not_picked":["champ:PerfectedStrike","champ:Backstep"],"picked":"champ:Haymaker","floor":2.0},{"not_picked":["champ:TornadoPunch","champ:GladiatorsShout"],"picked":"champ:RageSigil","floor":3.0},{"not_picked":["champ:FlashCut","champ:BerserkersShout","champ:GladiatorsShout"],"picked":"SKIP","floor":4.0},{"not_picked":["champ:BringItOn","champ:DefensiveStyle"],"picked":"champ:ShieldSigil","floor":6},{"not_picked":["champ:CrookedStrike","champ:ShieldSlam"],"picked":"champ:ViciousMockery","floor":8},{"not_picked":["champ:BladeFlurry","champ:RageSigil"],"picked":"champ:Aggression","floor":10},{"not_picked":["champ:StanceDance","champ:Backstep"],"picked":"champ:FanOfKnives","floor":11},{"not_picked":["champ:FocusedDefense","champ:BerserkersShout"],"picked":"champ:FaceSlap","floor":15}],"player_experience":385603,"relics_obtained":[{"floor":5.0,"key":"Potion Belt"},{"floor":6,"key":"infinitespire:Midas Blood"},{"floor":7,"key":"Chameleon Ring"},{"floor":12,"key":"Replay:Bottled Flurry"},{"floor":14,"key":"ReplayTheSpireMod:Ring of Addiction"},{"floor":14,"key":"White Beast Statue"},{"floor":14,"key":"Toy Ornithopter"},{"floor":14,"key":"Ring of Hypnosis"}],"event_choices":[{"damage_healed":0,"gold_gain":0,"player_choice":"Upgraded","damage_taken":0,"max_hp_gain":0,"max_hp_loss":0,"event_name":"Upgrade Shrine","floor":9,"gold_loss":0,"cards_upgraded":["champ:BerserkerStyle"]}],"is_beta":false,"boss_relics":[],"items_purged_floors":[],"is_endless":false,"potions_floor_spawned":[11,15],"killed_by":"downfall:Ironclad","ascension_level":2}}