{"host":"naykp6d9ulahlwib","time":1609010577,"event":{"mods":["BaseMod","Highlight Path","Minty Spire (QoL Compilation)","Shop Mod","StSLib"],"gold_per_floor":[111,123,137,137,157,157,191,191,191,201,216,230,230,200,200,273,273,283,265,114,130,130,130],"floor_reached":22,"playtime":1933,"items_purged":["Strike_G"],"score":314,"play_id":"cb6128f1-754d-4362-9c53-abaeffd83fd9","local_time":"20201226132257","is_ascension_mode":true,"campfire_choices":[{"floor":6.0,"key":"REST"},{"floor":8.0,"key":"REST"},{"floor":13.0,"key":"REST"},{"data":"Neutralize","floor":15.0,"key":"SMITH"}],"circlet_count":0,"master_deck":["AscendersBane","Strike_G","Strike_G","Strike_G","Defend_G","Defend_G","Defend_G","Defend_G","Survivor","Neutralize+1","Heel Hook","Accuracy","PiercingWail","Infinite Blades","Phantasmal Killer","Noxious Fumes","Adrenaline","Infinite Blades+1","Accuracy"],"relics":["Ring of the Snake","Omamori","Unceasing Top","Black Star"],"acts_visited":["Exordium","TheCity"],"potions_floor_usage":[],"damage_taken":[{"damage":6.0,"enemies":"Jaw Worm","floor":1.0,"turns":6.0},{"damage":5.0,"enemies":"Small Slimes","floor":2.0,"turns":5.0},{"damage":2.0,"enemies":"Cultist","floor":3.0,"turns":5.0},{"damage":19.0,"enemies":"Exordium Wildlife","floor":5.0,"turns":7.0},{"damage":17.0,"enemies":"3 Sentries","floor":7.0,"turns":10.0},{"damage":20.0,"enemies":"Looter","floor":10.0,"turns":4.0},{"damage":0.0,"enemies":"Lots of Slimes","floor":11.0,"turns":5.0},{"damage":2.0,"enemies":"3 Louse","floor":12.0,"turns":4.0},{"damage":7.0,"enemies":"Hexaghost","floor":16.0,"turns":9.0},{"damage":8.0,"enemies":"Chosen","floor":18.0,"turns":5.0},{"damage":14.0,"enemies":"2 Thieves","floor":19.0,"turns":4.0},{"damage":31,"enemies":"Chosen and Byrds","floor":21,"turns":6},{"damage":13,"enemies":"Snecko","floor":22,"turns":2}],"seed_played":"3830225655416600531","potions_obtained":[{"floor":1.0,"key":"Dexterity Potion"},{"floor":2.0,"key":"GamblersBrew"},{"floor":10.0,"key":"Poison Potion"},{"floor":11.0,"key":"Regen Potion"},{"floor":14.0,"key":"PowerPotion"},{"floor":18.0,"key":"DistilledChaos"},{"floor":21,"key":"SpeedPotion"}],"is_trial":false,"path_per_floor":["M","M","M","?","M","R","E","R","T","M","M","M","R","?","R","B",null,"M","M","$","M","M"],"character_chosen":"THE_SILENT","items_purchased":["Accuracy"],"campfire_rested":3,"item_purchase_floors":[20],"current_hp_per_floor":[57,52,50,32,13,31,14,32,32,12,12,10,28,28,28,36,56,48,34,34,3,0,0],"gold":130,"neow_bonus":"TRANSFORM_TWO_CARDS","is_daily":false,"chose_seed":false,"campfire_upgraded":1,"win_rate":0.0,"timestamp":1609010577,"path_taken":["M","M","M","?","M","R","E","R","T","M","M","M","R","?","R","BOSS","M","M","$","?","M"],"items_purchased_type":["Card"],"build_version":"2020-12-22","purchased_purges":1,"victory":false,"max_hp_per_floor":[63,63,63,63,63,63,63,63,63,63,63,63,63,63,63,63,63,63,63,63,63,63,63],"card_choices":[{"not_picked":["Bouncing Flask","Outmaneuver"],"picked":"PiercingWail","floor":1.0},{"not_picked":["Bouncing Flask","Quick Slash","Dagger Throw"],"picked":"SKIP","floor":2.0},{"not_picked":["Eviscerate","Underhanded Strike"],"picked":"Infinite Blades","floor":3.0},{"not_picked":["PiercingWail","Sucker Punch","Flying Knee"],"picked":"SKIP","floor":5.0},{"not_picked":["Dagger Spray","Heel Hook"],"picked":"Phantasmal Killer","floor":7.0},{"not_picked":["Masterful Stab","PiercingWail","Catalyst"],"picked":"SKIP","floor":10.0},{"not_picked":["Riddle With Holes","Skewer"],"picked":"Noxious Fumes","floor":11.0},{"not_picked":["Masterful Stab","Sucker Punch","Dodge and Roll"],"picked":"SKIP","floor":12.0},{"not_picked":["Grand Finale","Venomology"],"picked":"Adrenaline","floor":16.0},{"not_picked":["Endless Agony","Choke","Predator"],"picked":"SKIP","floor":18.0},{"not_picked":["Outmaneuver","Bane+1"],"picked":"Infinite Blades+1","floor":19.0},{"not_picked":["Dagger Spray","Dodge and Roll","Underhanded Strike"],"picked":"SKIP","floor":21}],"player_experience":902514,"relics_obtained":[{"floor":7.0,"key":"Unceasing Top"}],"event_choices":[{"damage_healed":0.0,"max_hp_gain":0.0,"max_hp_loss":0.0,"gold_gain":0.0,"event_name":"Scrap Ooze","player_choice":"Success","floor":4.0,"gold_loss":0.0,"damage_taken":18.0,"relics_obtained":["Omamori"]},{"damage_healed":0.0,"max_hp_gain":0.0,"max_hp_loss":0.0,"gold_gain":0.0,"event_name":"The Woman in Blue","player_choice":"Bought 2 Potions","floor":14.0,"gold_loss":0.0,"damage_taken":0.0}],"is_beta":false,"boss_relics":[{"not_picked":["Coffee Dripper","Snecko Eye"],"picked":"Black Star"}],"items_purged_floors":[20],"is_endless":false,"potions_floor_spawned":[1,2,10,11,18,21],"killed_by":"Snecko","ascension_level":13}}