{"host":"ormi09wwzv7sq47a","time":1609009388,"event":{"mods":["2.2 Compatiblity","AchievementEnabler","Act Like it!","BaseMod","Bestiary","Better Altar","Better Note","Better Sensory Stone","Better Skull","Better Third Choice","Better Vampires","BetterRewards","Block Reminder","Colored Map","Colored Powertips","Curses Come First","DeckTracker","Downfall","Highlight Path","Minty Spire (QoL Compilation)","Permanent Neow","Quick Restart","Rare Cards Sparkle","Relic Stats","Shop Mod","StSLib","The Jungle","The Servant 0.9.4"],"gold_per_floor":[117,137,137,150,168,168,188,188,188],"floor_reached":8,"playtime":328,"items_purged":["Strike_B"],"score":90,"play_id":"515b48e7-c69d-4d3e-ae89-e50c75367444","local_time":"20201226160308","is_ascension_mode":true,"campfire_choices":[{"data":"Zap","floor":6,"key":"SMITH"}],"circlet_count":0,"master_deck":["AscendersBane","Strike_B","Strike_B","Strike_B","Defend_B","Defend_B","Defend_B","Defend_B","Zap+1","Dualcast","Steam","Defragment","Conserve Battery","Gash","Doom and Gloom","Good Instincts","Go for the Eyes","Steam","Beam Cell"],"relics":["Cracked Core","Ice Cream","Girya"],"acts_visited":["Exordium"],"potions_floor_usage":[5,7,8],"damage_taken":[{"damage":4,"enemies":"2 Louse","floor":1,"turns":3},{"damage":2,"enemies":"Small Slimes","floor":2,"turns":3},{"damage":1,"enemies":"Cultist","floor":4,"turns":4},{"damage":8,"enemies":"Exordium Wildlife","floor":5,"turns":3},{"damage":0,"enemies":"3 Louse","floor":7,"turns":2},{"damage":24,"enemies":"3 Sentries","floor":8,"turns":6}],"seed_played":"3638857590343368690","potions_obtained":[{"floor":2,"key":"Fire Potion"},{"floor":5,"key":"Strength Potion"},{"floor":7,"key":"SkillPotion"}],"is_trial":false,"path_per_floor":["M","M","?","M","M","R","M","E"],"character_chosen":"DEFECT","items_purchased":["Steam","Defragment","Conserve Battery","Girya"],"campfire_rested":0,"item_purchase_floors":[0,0,0,0],"current_hp_per_floor":[53,51,51,50,42,42,42,18,18],"gold":188,"neow_bonus":"","is_daily":false,"chose_seed":false,"campfire_upgraded":1,"win_rate":0.0,"timestamp":1609009388,"path_taken":["M","M","?","M","M","R","M","E"],"items_purchased_type":["Card","Card","Card","Relic"],"build_version":"2020-12-22","purchased_purges":1,"victory":false,"max_hp_per_floor":[71,71,71,71,71,71,71,71,71],"relic_stats":{"counters":[79,317],"obtain_stats":[{"Ice Cream":31,"Calipers":37,"Enchiridion":19,"Vajra":27,"Empty Cage":17,"Old Coin":7,"Mummified Hand":41,"Gambling Chip":54,"Philosopher\u0027s Stone":34,"Red Mask":31,"Cracked Core":0,"Girya":0,"Pear":9,"Blue Candle":23,"Dead Branch":7,"Thread and Needle":39,"Omamori":43,"Guardian:PocketSentry":22,"Odd Mushroom":14,"War Paint":48,"Question Card":9,"Medical Kit":36,"Mercury Hourglass":13,"Nuclear Battery":17,"WarpedTongs":29,"Du-Vu Doll":14,"Anchor":30,"CaptainsWheel":0,"Busted Crown":34,"Shuriken":26,"Ornamental Fan":43,"MutagenicStrength":27,"Bronze Scales":0,"Pandora\u0027s Box":17,"Molten Egg 2":0,"Nloth\u0027s Gift":21,"Bag of Marbles":39,"Bottled Lightning":44,"Membership Card":13,"hexamod:BolsterEngine":31,"Unceasing Top":9,"FossilizedHelix":44},{"Ice Cream":36,"Calipers":40,"Enchiridion":33,"Vajra":60,"Empty Cage":32,"Old Coin":28,"Mummified Hand":42,"Gambling Chip":46,"Philosopher\u0027s Stone":16,"Red Mask":15,"Cracked Core":0,"Girya":73,"Pear":28,"Blue Candle":13,"Dead Branch":51,"Thread and Needle":41,"Omamori":20,"Guardian:PocketSentry":33,"Odd Mushroom":31,"War Paint":70,"Question Card":5,"Medical Kit":17,"Mercury Hourglass":30,"Nuclear Battery":56,"WarpedTongs":60,"Du-Vu Doll":55,"Anchor":36,"CaptainsWheel":47,"Busted Crown":37,"Shuriken":34,"Ornamental Fan":42,"MutagenicStrength":13,"Bronze Scales":47,"Pandora\u0027s Box":9,"Molten Egg 2":24,"Nloth\u0027s Gift":33,"Bag of Marbles":66,"Bottled Lightning":21,"Membership Card":30,"hexamod:BolsterEngine":61,"Unceasing Top":51,"FossilizedHelix":67},{"Ice Cream":151,"Calipers":166,"Enchiridion":141,"Vajra":239,"Empty Cage":138,"Old Coin":121,"Mummified Hand":174,"Gambling Chip":189,"Philosopher\u0027s Stone":70,"Red Mask":62,"Cracked Core":0,"Girya":296,"Pear":121,"Blue Candle":55,"Dead Branch":202,"Thread and Needle":169,"Omamori":85,"Guardian:PocketSentry":141,"Odd Mushroom":128,"War Paint":283,"Question Card":18,"Medical Kit":73,"Mercury Hourglass":126,"Nuclear Battery":222,"WarpedTongs":239,"Du-Vu Doll":215,"Anchor":151,"CaptainsWheel":192,"Busted Crown":158,"Shuriken":144,"Ornamental Fan":174,"MutagenicStrength":55,"Bronze Scales":192,"Pandora\u0027s Box":35,"Molten Egg 2":111,"Nloth\u0027s Gift":141,"Bag of Marbles":262,"Bottled Lightning":96,"Membership Card":126,"hexamod:BolsterEngine":243,"Unceasing Top":202,"FossilizedHelix":267}]},"card_choices":[{"not_picked":["Conserve Battery","Blizzard"],"picked":"Gash","floor":1},{"not_picked":["Undo","Sweeping Beam"],"picked":"Doom and Gloom","floor":2},{"not_picked":["Secret Weapon","expansioncontent:GoopSpray"],"picked":"Good Instincts","floor":3},{"not_picked":["Hologram","Beam Cell"],"picked":"Go for the Eyes","floor":4},{"not_picked":["Blizzard","Go for the Eyes"],"picked":"Steam","floor":5},{"not_picked":["Rebound","Hologram"],"picked":"Beam Cell","floor":7}],"player_experience":787816,"relics_obtained":[],"event_choices":[{"damage_healed":0,"gold_gain":1,"player_choice":"1","damage_taken":0,"max_hp_gain":0,"max_hp_loss":0,"event_name":"betterStone:BetterStone","floor":3,"gold_loss":0}],"is_beta":false,"boss_relics":[],"items_purged_floors":[0],"is_endless":false,"potions_floor_spawned":[2,5,7],"killed_by":"3 Sentries","ascension_level":16}}