{"host":"djjpvtbajazjoxm7","time":1609002503,"event":{"mods":["Act Like it!","Arknights The Spire","Ascension Reborn","BaseMod","CapriCore","GungeonMod","Hermit","KOR Keyword Fix","Lobotomy","Minty Spire (QoL Compilation)","Replay The Spire","StSLib","The Gatherer","The Hierophant","The Immortal","Waifu the Spire"],"gold_per_floor":[115,290,302,302,302,319,335,335,335],"floor_reached":8,"playtime":266,"items_purged":[],"score":48,"play_id":"29071911-a1ba-475e-a8b4-d2887ac888e8","local_time":"20201227020823","is_ascension_mode":true,"campfire_choices":[],"circlet_count":0,"master_deck":["ats:Strike C","ats:Strike G","ats:Strike S","ats:Strike V","ats:Armor Crushing Shot","ats:Defend","ats:Defend","ats:Defend","ats:Defend","ats:Emotion Absorption","ats:Childhood Dance","Doubt","ats:Apocalypse","ats:Poison Spread","ats:Demon Strength"],"relics":["ats:Sanity","Smiling Mask","Chameleon Ring"],"acts_visited":["Exordium"],"potions_floor_usage":[8],"damage_taken":[{"damage":7,"enemies":"Small Slimes","floor":1,"turns":4},{"damage":18,"enemies":"Jaw Worm","floor":3,"turns":7},{"damage":7,"enemies":"2 Louse","floor":6,"turns":4},{"damage":12,"enemies":"Exordium Wildlife","floor":7,"turns":7},{"damage":23,"enemies":"3 Sentries","floor":8,"turns":3}],"seed_played":"-7456079848934528500","potions_obtained":[{"floor":3,"key":"Milkshake"}],"is_trial":false,"path_per_floor":["M","?","M","?","T","M","M","E"],"character_chosen":"DOCTOR_CLASS","items_purchased":[],"campfire_rested":0,"item_purchase_floors":[],"current_hp_per_floor":[65,65,47,44,44,39,31,8,8],"gold":335,"neow_bonus":"RANDOM_COMMON_RELIC","is_daily":false,"chose_seed":false,"campfire_upgraded":0,"win_rate":0.0,"timestamp":1609002503,"path_taken":["M","?","M","?","?","M","M","E"],"items_purchased_type":[],"build_version":"2020-12-22","purchased_purges":0,"victory":false,"max_hp_per_floor":[72,72,72,72,72,72,72,72,72],"card_choices":[{"not_picked":["ats:Flexible Camouflage","ats:Leaping Hammer"],"picked":"ats:Childhood Dance","floor":1},{"not_picked":["ats:Overload","ats:Childhood Dance"],"picked":"ats:Apocalypse","floor":3},{"not_picked":["ats:Blood Oath","ats:Powerful Strike"],"picked":"ats:Poison Spread","floor":6},{"not_picked":["ats:Healing Drone","ats:Hammer On"],"picked":"ats:Demon Strength","floor":7}],"player_experience":189161,"relics_obtained":[],"event_choices":[{"damage_healed":0,"gold_gain":175,"player_choice":"AGREE","damage_taken":0,"max_hp_gain":0,"max_hp_loss":0,"event_name":"Liars Game","floor":2,"gold_loss":0,"cards_obtained":["Doubt"]},{"damage_healed":0,"gold_gain":0,"player_choice":"Success","damage_taken":3,"relics_obtained":["Chameleon Ring"],"max_hp_gain":0,"max_hp_loss":0,"event_name":"Scrap Ooze","floor":4,"gold_loss":0}],"is_beta":false,"boss_relics":[],"items_purged_floors":[],"is_endless":false,"potions_floor_spawned":[3],"killed_by":"3 Sentries","ascension_level":0}}