{"host":"Jackie","time":1609021752,"event":{"mods":["BaseMod","Highlight Path","Minty Spire (QoL Compilation)","Relic Stats","Slay the Relics Exporter","StSLib","Twitch Decklist"],"gold_per_floor":[119,138,138,7,7,7,7,42,68,68,81,108,108,122,122,197,197,212,212,224,53,65,99,99,130,155,183,44,75,91,108,108,182,182,201,201,213,127,140,174,174,203,228,239,66,94,94,94,94,94,94,94,94,13,38,38],"floor_reached":57,"playtime":4040,"items_purged":["Strike_R","Strike_R+1"],"score":3152,"play_id":"a03ebbd7-f861-48b9-acee-1b4e358065f9","local_time":"20201226142912","is_ascension_mode":true,"campfire_choices":[{"floor":7.0,"key":"REST"},{"data":"Bludgeon","floor":10.0,"key":"SMITH"},{"data":"Uppercut","floor":13.0,"key":"SMITH"},{"data":"True Grit","floor":15.0,"key":"SMITH"},{"floor":24.0,"key":"REST"},{"data":"Whirlwind","floor":32.0,"key":"SMITH"},{"floor":47.0,"key":"RECALL"},{"floor":49.0,"key":"REST"},{"floor":53.0,"key":"REST"}],"circlet_count":0,"master_deck":["AscendersBane","Defend_R","Defend_R","Defend_R","Defend_R","Bash","Headbutt","Uppercut+1","Bludgeon+1","True Grit+1","Demon Form+1","Second Wind","Evolve+1","Metallicize+1","Sentinel","Power Through+1","Battle Trance","Feel No Pain+1","Entrench","Whirlwind+1","Flame Barrier","Sword Boomerang+1","Juggernaut+1","Dark Embrace+1","Bludgeon","Corruption+1","True Grit+1"],"relics":["Snecko Eye","PreservedInsect","Happy Flower","Frozen Egg 2","Black Star","MealTicket","Matryoshka","Regal Pillow","Incense Burner","Self Forming Clay","Bag of Preparation","Calipers","Pen Nib","Boot","Fusion Hammer","Blood Vial","Ice Cream","Smiling Mask","Toxic Egg 2","Shuriken","Chemical X","Centennial Puzzle","Art of War","Oddly Smooth Stone","Letter Opener"],"acts_visited":["Exordium","TheCity","TheBeyond","TheEnding"],"potions_floor_usage":[56],"damage_taken":[{"damage":7.0,"enemies":"2 Louse","floor":1.0,"turns":3.0},{"damage":14.0,"enemies":"Jaw Worm","floor":2.0,"turns":4.0},{"damage":10.0,"enemies":"Lagavulin","floor":8.0,"turns":5.0},{"damage":0.0,"enemies":"Small Slimes","floor":11.0,"turns":2.0},{"damage":10.0,"enemies":"3 Sentries","floor":12.0,"turns":6.0},{"damage":0.0,"enemies":"2 Fungi Beasts","floor":14.0,"turns":3.0},{"damage":0.0,"enemies":"The Guardian","floor":16.0,"turns":6.0},{"damage":18.0,"enemies":"3 Byrds","floor":18.0,"turns":6.0},{"damage":0.0,"enemies":"Chosen","floor":20.0,"turns":4.0},{"damage":0.0,"enemies":"Centurion and Healer","floor":22.0,"turns":5.0},{"damage":0.0,"enemies":"Slavers","floor":23.0,"turns":5.0},{"damage":19.0,"enemies":"Book of Stabbing","floor":25.0,"turns":5.0},{"damage":10.0,"enemies":"Slavers","floor":27.0,"turns":5.0},{"damage":0.0,"enemies":"Book of Stabbing","floor":29.0,"turns":3.0},{"damage":9.0,"enemies":"Snecko","floor":30.0,"turns":5.0},{"damage":2.0,"enemies":"Chosen and Byrds","floor":31.0,"turns":9.0},{"damage":29.0,"enemies":"Automaton","floor":33.0,"turns":9.0},{"damage":0.0,"enemies":"Orb Walker","floor":35.0,"turns":1.0},{"damage":0.0,"enemies":"3 Shapes","floor":37.0,"turns":2.0},{"damage":0.0,"enemies":"Transient","floor":39.0,"turns":6.0},{"damage":0.0,"enemies":"Nemesis","floor":40.0,"turns":3.0},{"damage":0.0,"enemies":"Reptomancer","floor":42.0,"turns":2.0},{"damage":0.0,"enemies":"4 Shapes","floor":44.0,"turns":4.0},{"damage":2.0,"enemies":"Nemesis","floor":46.0,"turns":3.0},{"damage":24.0,"enemies":"Awakened One","floor":50.0,"turns":11.0},{"damage":17.0,"enemies":"Time Eater","floor":51.0,"turns":4.0},{"damage":7.0,"enemies":"Shield and Spear","floor":55.0,"turns":3.0},{"damage":6,"enemies":"The Heart","floor":56,"turns":8}],"seed_played":"9144018443312339718","potions_obtained":[{"floor":2.0,"key":"PowerPotion"},{"floor":11.0,"key":"BlessingOfTheForge"},{"floor":12.0,"key":"PowerPotion"},{"floor":18.0,"key":"FearPotion"},{"floor":20.0,"key":"EssenceOfSteel"},{"floor":29.0,"key":"SneckoOil"},{"floor":31.0,"key":"Strength Potion"},{"floor":35.0,"key":"SkillPotion"},{"floor":37.0,"key":"Energy Potion"},{"floor":42.0,"key":"AttackPotion"}],"is_trial":false,"path_per_floor":["M","M","?","$","?","?","R","E","T","R","M","E","R","M","R","B",null,"M","?","M","$","M","E","R","E","T","E","$","E","M","M","R","B",null,"M","?","M","$","M","E","?","E","T","M","$","E","R","?","R","B","B",null,"R","$","E","B",null],"character_chosen":"IRONCLAD","items_purchased":["SkillPotion","Metallicize+1","Sentinel","Whirlwind","Dark Embrace+1","Chemical X","LiquidMemories"],"campfire_rested":4,"item_purchase_floors":[4,21,21,28,38,45,54],"current_hp_per_floor":[61,47,24,24,24,17,39,29,29,29,29,19,19,19,19,19,61,43,43,43,43,43,43,65,46,46,36,51,51,42,40,40,11,59,59,59,59,74,74,74,74,75,75,75,75,73,73,73,75,51,36,65,75,75,68,64],"gold":38,"neow_bonus":"BOSS_RELIC","is_daily":false,"chose_seed":false,"campfire_upgraded":4,"win_rate":0.0,"timestamp":1609021752,"path_taken":["M","M","?","$","?","?","R","E","T","R","M","E","R","M","R","BOSS","M","?","?","$","M","E","R","E","T","E","$","E","M","M","R","BOSS","M","?","M","?","M","E","?","E","T","M","?","E","R","?","R","BOSS","BOSS","R","$","E","BOSS"],"items_purchased_type":["Potion","Card","Card","Card","Card","Relic","Potion"],"build_version":"2020-12-18","purchased_purges":2,"victory":true,"max_hp_per_floor":[75,75,75,75,75,75,75,75,75,75,75,75,75,75,75,75,75,75,75,75,75,75,75,75,75,75,75,75,75,75,75,75,75,75,75,75,75,75,75,75,75,75,75,75,75,75,75,75,75,75,75,75,75,75,75,75],"relic_stats":{"Regal Pillow":0,"Happy Flower":[40],"counters":[28,132],"Self Forming Clay":[48],"PreservedInsect":439,"Pen Nib":[9],"Bag of Preparation":[32],"Letter Opener":[5],"Boot":[42],"Smiling Mask":0,"Blood Vial":5,"Centennial Puzzle":[11],"Shuriken":[3],"Snecko Eye":[245,226,229,246],"MealTicket":30,"Black Star":8,"Art of War":[6],"Chemical X":[8],"obtain_stats":[{"Ice Cream":40,"Regal Pillow":25,"Calipers":27,"Incense Burner":25,"Bag of Preparation":26,"Boot":29,"Smiling Mask":42,"Burning Blood":0,"Blood Vial":40,"Centennial Puzzle":46,"Matryoshka":23,"MealTicket":23,"Fusion Hammer":34,"Chemical X":45,"Toxic Egg 2":42,"Happy Flower":9,"Self Forming Clay":26,"Oddly Smooth Stone":55,"PreservedInsect":8,"Pen Nib":29,"Letter Opener":55,"Frozen Egg 2":12,"Shuriken":43,"Snecko Eye":0,"Black Star":17,"Art of War":46},{"Ice Cream":21,"Regal Pillow":12,"Calipers":13,"Incense Burner":12,"Bag of Preparation":12,"Boot":14,"Smiling Mask":22,"Burning Blood":0,"Blood Vial":21,"Centennial Puzzle":24,"Matryoshka":11,"MealTicket":11,"Fusion Hammer":17,"Chemical X":23,"Toxic Egg 2":22,"Happy Flower":3,"Self Forming Clay":12,"Oddly Smooth Stone":27,"PreservedInsect":3,"Pen Nib":14,"Letter Opener":27,"Frozen Egg 2":5,"Shuriken":22,"Snecko Eye":0,"Black Star":7,"Art of War":24},{"Ice Cream":97,"Regal Pillow":54,"Calipers":59,"Incense Burner":54,"Bag of Preparation":54,"Boot":62,"Smiling Mask":99,"Burning Blood":0,"Blood Vial":97,"Centennial Puzzle":106,"Matryoshka":49,"MealTicket":49,"Fusion Hammer":85,"Chemical X":103,"Toxic Egg 2":99,"Happy Flower":12,"Self Forming Clay":54,"Oddly Smooth Stone":124,"PreservedInsect":12,"Pen Nib":62,"Letter Opener":124,"Frozen Egg 2":20,"Shuriken":99,"Snecko Eye":0,"Black Star":29,"Art of War":106}]},"card_choices":[{"not_picked":["Shrug It Off","Body Slam"],"picked":"Headbutt","floor":1.0},{"not_picked":["Body Slam","Havoc"],"picked":"Uppercut","floor":2.0},{"not_picked":["Twin Strike","Berserk"],"picked":"Bludgeon","floor":8.0},{"not_picked":["Intimidate","Perfected Strike"],"picked":"True Grit","floor":11.0},{"not_picked":["Twin Strike","Rampage","Ghostly Armor"],"picked":"SKIP","floor":12.0},{"not_picked":["Searing Blow","Perfected Strike","Sword Boomerang"],"picked":"SKIP","floor":14.0},{"not_picked":["Feed","Barricade+1"],"picked":"Demon Form+1","floor":16.0},{"not_picked":["Perfected Strike","Hemokinesis"],"picked":"Second Wind","floor":18.0},{"not_picked":["Wild Strike","Headbutt","Perfected Strike+1"],"picked":"SKIP","floor":20.0},{"not_picked":["Rage","Infernal Blade+1"],"picked":"Power Through+1","floor":22.0},{"not_picked":["Warcry","Twin Strike+1"],"picked":"Battle Trance","floor":23.0},{"not_picked":["Rupture+1","Bloodletting"],"picked":"Feel No Pain+1","floor":25.0},{"not_picked":["Perfected Strike","Pommel Strike"],"picked":"Entrench","floor":27.0},{"not_picked":["Heavy Blade","Warcry"],"picked":"Flame Barrier","floor":29.0},{"not_picked":["Wild Strike","Warcry"],"picked":"Sword Boomerang+1","floor":30.0},{"not_picked":["Double Tap","Evolve+1","Clash"],"picked":"SKIP","floor":31.0},{"not_picked":["Exhume","Double Tap"],"picked":"Juggernaut+1","floor":33.0},{"not_picked":["Thunderclap","Armaments+1","Sentinel"],"picked":"SKIP","floor":35.0},{"not_picked":["Clothesline+1","Cleave","Iron Wave+1"],"picked":"SKIP","floor":37.0},{"not_picked":["Body Slam+1","Havoc"],"picked":"Bludgeon","floor":39.0},{"not_picked":["Pommel Strike","Clothesline"],"picked":"Corruption+1","floor":40.0},{"not_picked":["Rage+1","Cleave"],"picked":"True Grit+1","floor":42.0},{"not_picked":["Rupture+1","Wild Strike+1","Combust+1"],"picked":"SKIP","floor":44.0},{"not_picked":["Blood for Blood","Headbutt+1","Intimidate+1"],"picked":"SKIP","floor":46.0},{"not_picked":["Intimidate+1","Combust+1","Immolate"],"picked":"SKIP","floor":55.0}],"player_experience":2137640,"relics_obtained":[{"floor":8.0,"key":"PreservedInsect"},{"floor":9.0,"key":"Happy Flower"},{"floor":12.0,"key":"Frozen Egg 2"},{"floor":23.0,"key":"MealTicket"},{"floor":23.0,"key":"Matryoshka"},{"floor":25.0,"key":"Regal Pillow"},{"floor":25.0,"key":"Incense Burner"},{"floor":26.0,"key":"Self Forming Clay"},{"floor":26.0,"key":"Bag of Preparation"},{"floor":27.0,"key":"Calipers"},{"floor":29.0,"key":"Pen Nib"},{"floor":29.0,"key":"Boot"},{"floor":40.0,"key":"Blood Vial"},{"floor":40.0,"key":"Ice Cream"},{"floor":42.0,"key":"Smiling Mask"},{"floor":42.0,"key":"Toxic Egg 2"},{"floor":43.0,"key":"Shuriken"},{"floor":46.0,"key":"Centennial Puzzle"},{"floor":46.0,"key":"Art of War"},{"floor":55.0,"key":"Oddly Smooth Stone"},{"floor":55.0,"key":"Letter Opener"}],"event_choices":[{"damage_healed":0.0,"max_hp_gain":0.0,"max_hp_loss":0.0,"gold_gain":0.0,"event_name":"Shining Light","player_choice":"Entered Light","floor":3.0,"gold_loss":0.0,"damage_taken":23.0,"cards_upgraded":["Strike_R","Strike_R"]},{"damage_healed":0.0,"max_hp_gain":0.0,"max_hp_loss":0.0,"gold_gain":0.0,"event_name":"Liars Game","player_choice":"Ignored","floor":5.0,"gold_loss":0.0,"damage_taken":0.0},{"cards_removed":["Strike_R"],"damage_healed":0.0,"max_hp_gain":0.0,"max_hp_loss":0.0,"gold_gain":0.0,"event_name":"Golden Wing","player_choice":"Card Removal","floor":6.0,"gold_loss":0.0,"damage_taken":7.0},{"damage_healed":0.0,"max_hp_gain":0.0,"max_hp_loss":0.0,"gold_gain":0.0,"cards_transformed":["Strike_R"],"event_name":"Transmorgrifier","player_choice":"Transformed","floor":19.0,"gold_loss":0.0,"damage_taken":0.0,"cards_obtained":["Evolve"]},{"cards_removed":["Strike_R"],"damage_healed":0.0,"max_hp_gain":0.0,"max_hp_loss":0.0,"gold_gain":0.0,"event_name":"Bonfire Elementals","player_choice":"Offered Basic","floor":36.0,"gold_loss":0.0,"damage_taken":0.0},{"damage_healed":0.0,"max_hp_gain":0.0,"max_hp_loss":0.0,"gold_gain":0.0,"event_name":"Tomb of Lord Red Mask","player_choice":"Ignored","floor":41.0,"gold_loss":0.0,"damage_taken":0.0},{"damage_healed":0.0,"max_hp_gain":0.0,"max_hp_loss":0.0,"gold_gain":0.0,"event_name":"SecretPortal","player_choice":"Ignored","floor":48.0,"gold_loss":0.0,"damage_taken":0.0}],"is_beta":true,"boss_relics":[{"not_picked":["Astrolabe","Calling Bell"],"picked":"Black Star"},{"not_picked":["SacredBark","Cursed Key"],"picked":"Fusion Hammer"}],"items_purged_floors":[4,28],"is_endless":false,"potions_floor_spawned":[2,11,12,18,20,29,31,35,37,42],"ascension_level":20}}