{"host":"kev6uqotw4tlyx8l","time":1609001555,"event":{"mods":["Act Like it!","Aspiration","BaseMod","Colored Powertips","Dota2Spire","Downfall","Hallownest","Infinite Spire","Marisa????????","Minty Spire (QoL Compilation)","Quick Restart","Remilia??????","Replay The Spire","StSLib","The Cursed","The Jungle","The Marked","The Mystic","The Servant 0.9.4"],"gold_per_floor":[110,110,110,185,185,185,185,185,185,185,197,257,276,291,291,415,415,439,439,379,379],"floor_reached":20,"playtime":516,"items_purged":[],"score":160,"play_id":"a603acb2-bd87-46a7-8262-39d16b94179b","local_time":"20201226235235","is_ascension_mode":false,"campfire_choices":[{"data":"theMarked:Opportunist","floor":6,"key":"SMITH"},{"data":"theMarked:Strike","floor":8,"key":"SMITH"},{"data":"theMarked:Strike","floor":10,"key":"SMITH"}],"circlet_count":0,"master_deck":["theMarked:Strike","theMarked:Strike","theMarked:Strike","theMarked:Strike+1","theMarked:Strike+1","theMarked:Defend","theMarked:Defend","theMarked:Defend","theMarked:Defend","theMarked:SoldierOfQuellstein+1","theMarked:Opportunist+1","Regret","Parasite","theMarked:WardOff","theMarked:ElectricStrings","theMarked:ResourceFulStrike","theMarked:Frustration","Injury","theMarked:SoldierForm","theMarked:EnhancedHearing"],"relics":["theMarked:ArtifactOfAir","NeowsBlessing","Juzu Bracelet","Sundial","Dota2Spire:EchoSabre","Golden Idol","Replay:Bronze Core","PrismaticShard"],"acts_visited":["Exordium","TheCity"],"potions_floor_usage":[16,20],"damage_taken":[{"damage":0,"enemies":"Jaw Worm","floor":1,"turns":1},{"damage":0,"enemies":"Small Slimes","floor":11,"turns":1},{"damage":2,"enemies":"3 Sentries","floor":12,"turns":2},{"damage":5,"enemies":"2 Louse","floor":13,"turns":2},{"damage":17,"enemies":"Blue Slaver","floor":14,"turns":3},{"damage":22,"enemies":"Slime Boss","floor":16,"turns":9},{"damage":44,"enemies":"3 Byrds","floor":18,"turns":6},{"damage":19,"enemies":"2 Thieves","floor":20,"turns":2}],"seed_played":"5506528333626987557","potions_obtained":[{"floor":14,"key":"ColorlessPotion"},{"floor":18,"key":"AttackPotion"}],"is_trial":false,"path_per_floor":["M","?","?","?","?","R","?","R","T","R","M","?","M","M","R","B",null,"M","?","M"],"character_chosen":"THE_DEFAULT","items_purchased":[],"campfire_rested":0,"item_purchase_floors":[],"current_hp_per_floor":[70,70,70,59,59,59,70,70,70,70,70,68,63,46,46,24,70,26,18,0,0],"gold":379,"neow_bonus":"THREE_ENEMY_KILL","is_daily":false,"chose_seed":false,"campfire_upgraded":3,"win_rate":0.0,"timestamp":1609001555,"path_taken":["M","?","?","?","?","R","?","R","T","R","M","?","M","M","R","BOSS","M","?","M"],"items_purchased_type":[],"build_version":"2020-12-22","purchased_purges":0,"victory":false,"max_hp_per_floor":[70,70,70,70,70,70,70,70,70,70,70,70,70,70,70,70,70,70,70,70,70],"card_choices":[{"not_picked":["theMarked:EnhanceMovement","theMarked:KeepCalmAndFightOn"],"picked":"theMarked:Opportunist","floor":1},{"not_picked":["theMarked:Electrocute","theMarked:Polarize"],"picked":"theMarked:WardOff","floor":11},{"not_picked":["theMarked:Parkour","theMarked:EnhancedHearing"],"picked":"theMarked:ElectricStrings","floor":12},{"not_picked":["theMarked:ThrowWeapon","theMarked:Overthink"],"picked":"theMarked:ResourceFulStrike","floor":13},{"not_picked":["theMarked:Panic","theMarked:Indomitable"],"picked":"theMarked:Frustration","floor":14},{"not_picked":["theMarked:Challenge","theMarked:TurnInvisible"],"picked":"theMarked:SoldierForm","floor":16},{"not_picked":["theMarked:WastefulDefense","theMarked:MaelstromOfLightning+1","theMarked:LightningStrikesTwice+1"],"picked":"SKIP","floor":18},{"not_picked":["theMarked:ResourceFulStrike+1","theMarked:DeterminationOfTheMarked"],"picked":"theMarked:EnhancedHearing","floor":19}],"player_experience":8396,"relics_obtained":[{"floor":9,"key":"Sundial"},{"floor":12,"key":"Dota2Spire:EchoSabre"},{"floor":19,"key":"PrismaticShard"}],"event_choices":[{"damage_healed":0,"gold_gain":0,"player_choice":"Box","damage_taken":0,"relics_obtained":["Juzu Bracelet"],"max_hp_gain":0,"max_hp_loss":0,"event_name":"Big Fish","floor":2,"gold_loss":0,"cards_obtained":["Regret"]},{"damage_healed":0,"gold_gain":0,"player_choice":"Leave","damage_taken":0,"max_hp_gain":0,"max_hp_loss":0,"event_name":"The Cleric","floor":3,"gold_loss":0},{"damage_healed":0,"gold_gain":75,"player_choice":"Gather Gold","damage_taken":11,"max_hp_gain":0,"max_hp_loss":0,"event_name":"World of Goop","floor":4,"gold_loss":0},{"damage_healed":0,"gold_gain":0,"player_choice":"Grow","damage_taken":0,"max_hp_gain":0,"max_hp_loss":0,"event_name":"Living Wall","floor":5,"gold_loss":0,"cards_upgraded":["theMarked:SoldierOfQuellstein"]},{"damage_healed":17,"gold_gain":0,"player_choice":"Healed and dodged fight","damage_taken":0,"max_hp_gain":0,"max_hp_loss":0,"event_name":"Mushrooms","floor":7,"gold_loss":0,"cards_obtained":["Parasite"]},{"damage_healed":0,"gold_gain":0,"player_choice":"Searched \u00271\u0027 times","damage_taken":0,"max_hp_gain":0,"max_hp_loss":0,"event_name":"Dead Adventurer","floor":12,"gold_loss":0},{"damage_healed":0,"gold_gain":0,"player_choice":"Take Wound","damage_taken":0,"relics_obtained":["Golden Idol"],"max_hp_gain":0,"max_hp_loss":0,"event_name":"Golden Idol","floor":15,"gold_loss":0,"cards_obtained":["Injury"]}],"is_beta":false,"boss_relics":[{"not_picked":["Replay:Drink Me","Philosopher\u0027s Stone"],"picked":"Replay:Bronze Core"}],"items_purged_floors":[],"is_endless":false,"potions_floor_spawned":[14,18],"killed_by":"2 Thieves","ascension_level":0}}