{"host":"f5gffvlv6a66yqkd","time":1609026742,"event":{"mods":["2.2 Compatiblity","BaseMod","Colored Map","DeckTracker","Keyboard Shortcuts","Minty Spire (QoL Compilation)","Permanent Neow","Quick Restart","Relic Stats","StSLib","SuperFastMode"],"gold_per_floor":[115,115,115,135,24,51,63,108,120,132,178,190,213,235,247,335,347,370,382,394,331,346,346,359,376,401,161,179,179,94,107,107,180,180,194,194,69,82,96,121,121,135,184,184,200,217,237,248,248,248,248,248,248,43,73,73,73],"floor_reached":56,"playtime":2545,"items_purged":["Reprogram","Sunder","Melter","Reinforced Body"],"score":1902,"play_id":"cf04e374-98e2-4fd3-84e8-06fe624ea857","local_time":"20201227085222","is_ascension_mode":true,"campfire_choices":[{"data":"Redo","floor":7.0,"key":"SMITH"},{"data":"Darkness","floor":10.0,"key":"SMITH"},{"floor":12.0,"key":"REST"},{"data":"Defragment","floor":15.0,"key":"SMITH"},{"data":"Dualcast","floor":23.0,"key":"SMITH"},{"floor":29.0,"key":"REST"},{"data":"Consume","floor":32.0,"key":"SMITH"},{"data":"Fission","floor":41.0,"key":"SMITH"},{"floor":49.0,"key":"RECALL"},{"data":"Aggregate","floor":53.0,"key":"SMITH"}],"circlet_count":0,"master_deck":["AscendersBane","Zap","Dualcast+1","Conserve Battery+1","Darkness+1","Defragment+1","Turbo","Redo+1","Undo+1","Skim","Coolheaded","Buffer+1","Static Discharge+1","Tempest","FTL","Thunder Strike","Rebound","Capacitor+1","Heatsinks+1","Consume+1","Compile Driver","Aggregate+1","Self Repair+1","Biased Cognition+1","Chill","Fission+1","Coolheaded","Turbo+1","Creative AI+1","Cold Snap","Loop+1","Multi-Cast"],"relics":["Cracked Core","NeowsBlessing","Symbiotic Virus","MawBank","Frozen Egg 2","Lantern","Pandora\u0027s Box","Dream Catcher","Pen Nib","Inserter","MealTicket","Toy Ornithopter","War Paint"],"acts_visited":["Exordium","TheCity","TheBeyond","TheEnding"],"potions_floor_usage":[56],"damage_taken":[{"damage":0.0,"enemies":"2 Louse","floor":1.0,"turns":1.0},{"damage":0.0,"enemies":"Cultist","floor":4.0,"turns":1.0},{"damage":0.0,"enemies":"3 Sentries","floor":6.0,"turns":1.0},{"damage":23.0,"enemies":"Lagavulin","floor":8.0,"turns":7.0},{"damage":25.0,"enemies":"3 Sentries","floor":11.0,"turns":6.0},{"damage":10.0,"enemies":"Small Slimes","floor":13.0,"turns":3.0},{"damage":1.0,"enemies":"3 Louse","floor":14.0,"turns":4.0},{"damage":13.0,"enemies":"Hexaghost","floor":16.0,"turns":9.0},{"damage":0.0,"enemies":"Spheric Guardian","floor":18.0,"turns":3.0},{"damage":0.0,"enemies":"Chosen","floor":22.0,"turns":3.0},{"damage":10.0,"enemies":"Sentry and Sphere","floor":24.0,"turns":4.0},{"damage":0.0,"enemies":"Centurion and Healer","floor":25.0,"turns":5.0},{"damage":5.0,"enemies":"Cultist and Chosen","floor":28.0,"turns":4.0},{"damage":1.0,"enemies":"Snake Plant","floor":31.0,"turns":2.0},{"damage":28.0,"enemies":"Automaton","floor":33.0,"turns":9.0},{"damage":0.0,"enemies":"Orb Walker","floor":35.0,"turns":5.0},{"damage":0.0,"enemies":"3 Darklings","floor":38.0,"turns":9.0},{"damage":0.0,"enemies":"Sphere and 2 Shapes","floor":39.0,"turns":8.0},{"damage":39.0,"enemies":"Giant Head","floor":40.0,"turns":8.0},{"damage":21.0,"enemies":"Jaw Worm Horde","floor":42.0,"turns":5.0},{"damage":17.0,"enemies":"3 Darklings","floor":45.0,"turns":3.0},{"damage":22.0,"enemies":"4 Shapes","floor":46.0,"turns":4.0},{"damage":1.0,"enemies":"Transient","floor":47.0,"turns":6.0},{"damage":0.0,"enemies":"Writhing Mass","floor":48.0,"turns":5.0},{"damage":38.0,"enemies":"Time Eater","floor":50.0,"turns":15.0},{"damage":24.0,"enemies":"Donu and Deca","floor":51.0,"turns":13.0},{"damage":34.0,"enemies":"Shield and Spear","floor":55.0,"turns":14.0},{"damage":93,"enemies":"The Heart","floor":56,"turns":3}],"seed_played":"4035838003299146680","potions_obtained":[{"floor":4.0,"key":"FocusPotion"},{"floor":13.0,"key":"Swift Potion"},{"floor":14.0,"key":"Energy Potion"},{"floor":18.0,"key":"SkillPotion"},{"floor":28.0,"key":"GamblersBrew"},{"floor":33.0,"key":"DuplicationPotion"},{"floor":39.0,"key":"Energy Potion"},{"floor":47.0,"key":"Fire Potion"}],"is_trial":false,"path_per_floor":["M","?","?","M","$","E","R","E","T","R","E","R","M","M","R","B",null,"M","?","?","$","M","R","M","M","T","$","M","R","?","M","R","B",null,"M","?","$","M","M","E","R","M","T","?","M","M","M","M","R","B","B",null,"R","$","E","B"],"character_chosen":"DEFECT","items_purchased":["Defragment","Turbo","Compile Driver","Aggregate","Block Potion"],"campfire_rested":2,"item_purchase_floors":[5,5,27,27,54],"current_hp_per_floor":[64,64,64,64,64,64,64,41,41,41,16,37,27,26,26,13,57,57,37,37,37,37,37,27,27,27,27,22,44,44,43,43,25,63,73,73,73,76,76,47,47,36,36,62,55,43,57,62,62,34,20,52,52,62,43,0,0],"gold":73,"neow_bonus":"THREE_ENEMY_KILL","is_daily":false,"chose_seed":false,"campfire_upgraded":7,"win_rate":0.0,"timestamp":1609026742,"path_taken":["M","?","?","?","$","E","R","E","T","R","E","R","M","M","R","BOSS","M","?","?","?","M","R","M","M","T","$","M","R","?","M","R","BOSS","M","?","$","M","M","E","R","M","T","?","M","M","M","M","R","BOSS","BOSS","R","$","E","BOSS"],"items_purchased_type":["Card","Card","Card","Card","Potion"],"build_version":"2020-12-22","purchased_purges":4,"victory":false,"max_hp_per_floor":[71,71,71,71,71,71,71,71,71,71,71,71,71,71,71,71,71,71,76,76,76,76,76,76,76,76,76,76,76,76,76,76,76,76,76,76,76,76,76,76,76,76,76,62,62,62,62,62,62,62,62,62,62,62,62,62,62],"relic_stats":{"Dream Catcher":1,"Inserter":[48],"counters":[28,160],"Pandora\u0027s Box":["Sunder","Static Discharge","Melter","Reprogram","Reinforced Body","Tempest","FTL","Thunder Strike"],"MealTicket":10,"Pen Nib":[9],"War Paint":["Conserve Battery","Undo"],"MawBank":180,"obtain_stats":[{"Lantern":11,"Inserter":34,"NeowsBlessing":0,"Pen Nib":30,"Frozen Egg 2":8,"War Paint":55,"MawBank":6,"Dream Catcher":26,"Pandora\u0027s Box":17,"MealTicket":40,"Cracked Core":0,"Symbiotic Virus":2,"Toy Ornithopter":43},{"Lantern":5,"Inserter":15,"NeowsBlessing":0,"Pen Nib":13,"Frozen Egg 2":4,"War Paint":27,"MawBank":3,"Dream Catcher":12,"Pandora\u0027s Box":8,"MealTicket":19,"Cracked Core":0,"Symbiotic Virus":1,"Toy Ornithopter":20},{"Lantern":16,"Inserter":62,"NeowsBlessing":0,"Pen Nib":51,"Frozen Egg 2":10,"War Paint":157,"MawBank":3,"Dream Catcher":47,"Pandora\u0027s Box":32,"MealTicket":92,"Cracked Core":0,"Symbiotic Virus":1,"Toy Ornithopter":97}],"Toy Ornithopter":15},"card_choices":[{"not_picked":["Hologram","Heatsinks"],"picked":"Conserve Battery","floor":1.0},{"not_picked":["White Noise","Sunder"],"picked":"Darkness","floor":4.0},{"not_picked":["Recycle","Hologram"],"picked":"Redo","floor":6.0},{"not_picked":["Turbo","Hello World+1","Tempest"],"picked":"SKIP","floor":8.0},{"not_picked":["Auto Shields","Beam Cell"],"picked":"Undo","floor":11.0},{"not_picked":["Redo","Conserve Battery"],"picked":"Skim","floor":13.0},{"not_picked":["Ball Lightning","Beam Cell"],"picked":"Coolheaded","floor":14.0},{"not_picked":["Multi-Cast","Hyperbeam"],"picked":"Buffer+1","floor":16.0},{"not_picked":["Stack","Rebound","Capacitor+1"],"picked":"SKIP","floor":18.0},{"not_picked":["Stack","Capacitor+1"],"picked":"Rebound","floor":18.0},{"not_picked":["Go for the Eyes","Ball Lightning"],"picked":"Capacitor+1","floor":22.0},{"not_picked":["Undo","Doom and Gloom"],"picked":"Heatsinks+1","floor":24.0},{"not_picked":["Cold Snap","Double Energy"],"picked":"Consume","floor":25.0},{"not_picked":["Rip and Tear+1","Turbo"],"picked":"Self Repair+1","floor":28.0},{"not_picked":["Go for the Eyes","Double Energy"],"picked":"Biased Cognition+1","floor":29.0},{"not_picked":["Cold Snap","Barrage"],"picked":"Chill","floor":31.0},{"not_picked":["Meteor Strike","Hyperbeam"],"picked":"Fission","floor":33.0},{"not_picked":["Rebound","Scrape+1"],"picked":"Coolheaded","floor":35.0},{"not_picked":["Sunder","Barrage","Beam Cell"],"picked":"SKIP","floor":38.0},{"not_picked":["Beam Cell","Capacitor+1","Darkness+1"],"picked":"SKIP","floor":39.0},{"not_picked":["Sweeping Beam","Conserve Battery+1"],"picked":"Turbo+1","floor":40.0},{"not_picked":["Turbo","Beam Cell"],"picked":"Creative AI+1","floor":42.0},{"not_picked":["Conserve Battery","Self Repair+1","Streamline"],"picked":"SKIP","floor":45.0},{"not_picked":["Skim","Consume"],"picked":"Cold Snap","floor":46.0},{"not_picked":["Hello World+1","Stack","Coolheaded"],"picked":"SKIP","floor":47.0},{"not_picked":["Gash","Self Repair+1"],"picked":"Loop+1","floor":48.0},{"not_picked":["Hello World+1","Compile Driver+1","Multi-Cast"],"picked":"SKIP","floor":55.0},{"not_picked":["Hello World+1","Compile Driver+1"],"picked":"Multi-Cast","floor":55.0}],"player_experience":1492103,"relics_obtained":[{"floor":6.0,"key":"MawBank"},{"floor":8.0,"key":"Frozen Egg 2"},{"floor":11.0,"key":"Lantern"},{"floor":26.0,"key":"Dream Catcher"},{"floor":40.0,"key":"MealTicket"},{"floor":43.0,"key":"Toy Ornithopter"},{"floor":55.0,"key":"War Paint"}],"event_choices":[{"damage_healed":0.0,"max_hp_gain":0.0,"max_hp_loss":0.0,"gold_gain":0.0,"event_name":"Big Fish","player_choice":"Box","floor":2.0,"gold_loss":0.0,"damage_taken":0.0,"relics_obtained":["Symbiotic Virus"],"cards_obtained":["Regret"]},{"cards_removed":["Regret"],"damage_healed":0.0,"max_hp_gain":0.0,"max_hp_loss":0.0,"gold_gain":0.0,"event_name":"Wheel of Change","player_choice":"Card Removal","floor":3.0,"gold_loss":0.0,"damage_taken":0.0},{"damage_healed":0.0,"max_hp_gain":5.0,"max_hp_loss":0.0,"gold_gain":0.0,"event_name":"Forgotten Altar","player_choice":"Shed Blood","floor":19.0,"gold_loss":0.0,"damage_taken":25.0},{"damage_healed":0.0,"max_hp_gain":0.0,"max_hp_loss":0.0,"gold_gain":0.0,"event_name":"The Mausoleum","player_choice":"Ignored","floor":20.0,"gold_loss":0.0,"damage_taken":0.0},{"damage_healed":0.0,"max_hp_gain":0.0,"max_hp_loss":0.0,"gold_gain":0.0,"event_name":"Addict","player_choice":"Obtained Relic","floor":30.0,"gold_loss":85.0,"damage_taken":0.0,"relics_obtained":["Pen Nib"]},{"damage_healed":0.0,"max_hp_gain":0.0,"max_hp_loss":0.0,"gold_gain":0.0,"event_name":"Tomb of Lord Red Mask","player_choice":"Ignored","floor":36.0,"gold_loss":0.0,"damage_taken":0.0},{"damage_healed":62.0,"max_hp_gain":0.0,"max_hp_loss":14.0,"gold_gain":0.0,"event_name":"The Moai Head","player_choice":"Heal","floor":44.0,"gold_loss":0.0,"damage_taken":0.0}],"is_beta":false,"boss_relics":[{"not_picked":["SlaversCollar","FrozenCore"],"picked":"Pandora\u0027s Box"},{"not_picked":["Runic Dome","Calling Bell"],"picked":"Inserter"}],"items_purged_floors":[21,27,37,54],"is_endless":false,"potions_floor_spawned":[4,13,14,18,28,33,39,40,42,47],"killed_by":"The Heart","ascension_level":20}}