{"host":"djjpvtbajazjoxm7","time":1609000382,"event":{"mods":["Act Like it!","Arknights The Spire","Ascension Reborn","BaseMod","CapriCore","GungeonMod","Hallownest","Hermit","KOR Keyword Fix","Lobotomy","Minty Spire (QoL Compilation)","Replay The Spire","StSLib","The Bug Knight","The Gatherer","The Hierophant","The Immortal","Waifu the Spire"],"gold_per_floor":[117,117,217,236,37,72,91,91,115,127,140,140,175,190,190,293,293,308,248,260,280,280,280],"floor_reached":22,"playtime":895,"items_purged":[],"score":273,"play_id":"afce4b05-9a22-4872-a207-3dbf15125d23","local_time":"20201227013302","is_ascension_mode":true,"campfire_choices":[{"data":"1","floor":8,"key":"LIFT"},{"data":"ats:Neurotoxin","floor":15,"key":"SMITH"}],"circlet_count":0,"master_deck":["ats:Strike C","ats:Strike G","ats:Strike S","ats:Strike V","ats:Armor Crushing Shot","ats:Defend+1","ats:Defend","ats:Defend","ats:Defend","ats:Emotion Absorption","ats:Thorns","ats:Mental Burst","ats:Neurotoxin+1","ats:True Silver Slash","ats:Explosion Area Strengthen","ats:Revitalization","ats:Assault Order","ats:Consecutive Shot Auto","ats:Very Hot Blade","ats:Shell Defense","ats:Dogmatic Field","ats:Encircling Forest","ats:Song Of Battle","ats:Counter Healing Mode"],"relics":["ats:Sanity Plus","NeowsBlessing","ats:Originium","Girya","DemoMod:GreenGuonStone","ats:Originium","Peace Pipe"],"acts_visited":["Exordium","TheCity"],"potions_floor_usage":[13,16,20],"damage_taken":[{"damage":0,"enemies":"Small Slimes","floor":1,"turns":2},{"damage":0,"enemies":"Jaw Worm","floor":4,"turns":1},{"damage":0,"enemies":"Gremlin Nob","floor":6,"turns":1},{"damage":1,"enemies":"Cultist","floor":7,"turns":4},{"damage":5,"enemies":"Red Slaver","floor":10,"turns":2},{"damage":11,"enemies":"Looter","floor":11,"turns":3},{"damage":23,"enemies":"3 Sentries","floor":13,"turns":4},{"damage":8,"enemies":"Exordium Thugs","floor":14,"turns":2},{"damage":0,"enemies":"Slime Boss","floor":16,"turns":7},{"damage":63,"enemies":"Shell Parasite","floor":18,"turns":6},{"damage":17,"enemies":"2 Thieves","floor":20,"turns":2},{"damage":22,"enemies":"Snecko","floor":21,"turns":5},{"damage":34,"enemies":"Cultist and Chosen","floor":22,"turns":7}],"seed_played":"-4027723807283793106","potions_obtained":[{"floor":1,"key":"Dexterity Potion"},{"floor":14,"key":"DuplicationPotion"},{"floor":16,"key":"FearPotion"},{"floor":20,"key":"Venom Potion"}],"is_trial":false,"path_per_floor":["M","?","?","M","$","E","M","R","T","M","M","T","E","M","R","B",null,"M","?","M","M","M"],"character_chosen":"DOCTOR_CLASS","items_purchased":["ats:Neurotoxin","ats:True Silver Slash"],"campfire_rested":0,"item_purchase_floors":[5,5],"current_hp_per_floor":[72,72,72,72,72,72,71,71,71,66,57,57,34,34,34,37,72,38,38,27,14,0,0],"gold":280,"neow_bonus":"THREE_ENEMY_KILL","is_daily":false,"chose_seed":false,"campfire_upgraded":1,"win_rate":0.0,"timestamp":1609000382,"path_taken":["M","?","?","?","$","E","M","R","T","M","M","?","E","M","R","BOSS","M","?","M","M","M"],"items_purchased_type":["Card","Card"],"build_version":"2020-12-22","purchased_purges":0,"victory":false,"max_hp_per_floor":[72,72,72,72,72,72,72,72,72,72,72,72,72,72,72,72,72,72,72,72,72,72,72],"card_choices":[{"not_picked":["ats:Mental Burst","ats:Explosion Area Strengthen"],"picked":"ats:Thorns","floor":1},{"not_picked":["ats:Powerful Strike","ats:Poison Spread"],"picked":"ats:Mental Burst","floor":4},{"not_picked":["ats:Apocalypse","ats:Spore Proliferation"],"picked":"ats:Explosion Area Strengthen","floor":6},{"not_picked":["ats:Curse Doll","ats:Defend Order"],"picked":"ats:Revitalization","floor":7},{"not_picked":["ats:Ignite","ats:Nebulous Foxfire"],"picked":"ats:Assault Order","floor":10},{"not_picked":["ats:Poison Spread","ats:Explosion Area Strengthen"],"picked":"ats:Consecutive Shot Auto","floor":11},{"not_picked":["ats:Assault Order","ats:Cat Scratch"],"picked":"ats:Very Hot Blade","floor":13},{"not_picked":["ats:True Silver Slash","ats:Consecutive Shot Auto"],"picked":"ats:Shell Defense","floor":14},{"not_picked":["ats:Roar Of Ursus","ats:Calcification"],"picked":"ats:Dogmatic Field","floor":16},{"not_picked":["ats:Flexible Camouflage","ats:Revitalization"],"picked":"ats:Encircling Forest","floor":18},{"not_picked":["ats:Flame Of Heaven+1","ats:Chain Hook"],"picked":"ats:Song Of Battle","floor":20},{"not_picked":["ats:Blood Oath","ats:Apocalypse"],"picked":"ats:Counter Healing Mode","floor":21}],"player_experience":234123,"relics_obtained":[{"floor":6,"key":"ats:Originium"},{"floor":6,"key":"Girya"},{"floor":12,"key":"DemoMod:GreenGuonStone"},{"floor":13,"key":"ats:Originium"},{"floor":13,"key":"Peace Pipe"}],"event_choices":[{"damage_healed":0,"gold_gain":100,"player_choice":"Gold","damage_taken":0,"max_hp_gain":0,"max_hp_loss":0,"event_name":"Wheel of Change","floor":3,"gold_loss":0}],"is_beta":false,"boss_relics":[{"not_picked":["Painkiller Herb","Astrolabe"],"picked":"ats:Sanity Plus"}],"items_purged_floors":[],"is_endless":false,"potions_floor_spawned":[1,14,16,20],"killed_by":"Cultist and Chosen","ascension_level":0}}