{"host":"vc42n08di9czm3e7","time":1609026358,"event":{"mods":["AchievementEnabler","Act Like it!","BaseMod","Colored Powertips","Downfall","Friendly Minions","GifTheSpireLib","Minty Spire (QoL Compilation)","Rare Cards Sparkle","StSLib"],"gold_per_floor":[14,31,48,67,85,119,139,155,230,230,230,246,275,275,275,380,380,397,22,35,54,71,71,87,87,87],"floor_reached":25,"playtime":1591,"items_purged":["Strike_B"],"score":221,"play_id":"678906e5-e9fd-49fa-bb66-6b62031c50dd","local_time":"20201226184558","is_ascension_mode":false,"campfire_choices":[{"data":"Chrysalis","floor":11,"key":"SMITH"},{"floor":15,"key":"REST"},{"data":"Consume","floor":23,"key":"SMITH"}],"circlet_count":0,"master_deck":["Strike_B","Strike_B","Defend_B","Defend_B","Defend_B","Defend_B","Zap","Dualcast","Chrysalis+1","Cold Snap","Self Repair","Beam Cell","Undo","Compile Driver","Consume+1","Melter","Compile Driver","Leap","Multi-Cast","Skim+1","Cold Snap"],"relics":["Cracked Core","Dream Catcher","InkBottle","HornCleat","Inserter","Mango"],"acts_visited":["Exordium","TheCity"],"potions_floor_usage":[12,13,16,24],"damage_taken":[{"damage":0,"enemies":"2 Louse","floor":1,"turns":3},{"damage":0,"enemies":"Jaw Worm","floor":2,"turns":3},{"damage":1,"enemies":"Small Slimes","floor":3,"turns":3},{"damage":12,"enemies":"3 Louse","floor":4,"turns":5},{"damage":5,"enemies":"Blue Slaver","floor":5,"turns":5},{"damage":29,"enemies":"3 Sentries","floor":6,"turns":11},{"damage":10,"enemies":"Large Slime","floor":7,"turns":7},{"damage":5,"enemies":"Looter","floor":8,"turns":3},{"damage":3,"enemies":"Lots of Slimes","floor":12,"turns":2},{"damage":32,"enemies":"Lagavulin","floor":13,"turns":7},{"damage":33,"enemies":"The Guardian","floor":16,"turns":12},{"damage":31,"enemies":"3 Byrds","floor":18,"turns":7},{"damage":16,"enemies":"2 Thieves","floor":20,"turns":5},{"damage":15,"enemies":"Centurion and Healer","floor":21,"turns":7},{"damage":4,"enemies":"Snecko","floor":22,"turns":5},{"damage":8,"enemies":"Snake Plant","floor":24,"turns":5},{"damage":0,"enemies":"Book of Stabbing","floor":25,"turns":1}],"seed_played":"1025066617789882176","potions_obtained":[{"floor":2,"key":"AttackPotion"},{"floor":4,"key":"LiquidBronze"},{"floor":5,"key":"SneckoOil"},{"floor":6,"key":"DistilledChaos"},{"floor":21,"key":"DistilledChaos"}],"is_trial":false,"path_per_floor":["M","M","M","M","M","E","M","M","T","?","R","M","E","?","R","B",null,"M","$","M","M","M","R","M","E"],"character_chosen":"DEFECT","items_purchased":["Mango"],"campfire_rested":1,"item_purchase_floors":[19],"current_hp_per_floor":[75,75,75,70,65,43,40,42,42,42,42,39,14,39,61,35,75,51,65,56,48,51,51,50,50,50],"gold":87,"neow_bonus":"RANDOM_COLORLESS_2","is_daily":false,"chose_seed":false,"campfire_upgraded":2,"win_rate":0.0,"timestamp":1609026358,"path_taken":["M","M","M","M","M","E","M","M","T","?","R","M","E","?","R","BOSS","M","$","M","M","M","R","M","E"],"items_purchased_type":["Relic"],"build_version":"2020-12-22","purchased_purges":1,"victory":false,"max_hp_per_floor":[75,75,75,75,75,75,75,75,75,75,75,75,75,75,75,75,75,75,89,89,89,89,89,89,89,89],"card_choices":[{"not_picked":["Transmutation","Secret Weapon"],"picked":"Chrysalis","floor":0},{"not_picked":["Redo","Gash"],"picked":"Cold Snap","floor":1},{"not_picked":["Redo","Leap"],"picked":"Self Repair","floor":2},{"not_picked":["Stack","Steam"],"picked":"Beam Cell","floor":3},{"not_picked":["Coolheaded","Glacier"],"picked":"Undo","floor":4},{"not_picked":["Chill","Sweeping Beam"],"picked":"Compile Driver","floor":5},{"not_picked":["Recycle","Cold Snap"],"picked":"Consume","floor":6},{"not_picked":["Capacitor","Core Surge"],"picked":"Melter","floor":7},{"not_picked":["Recycle","Heatsinks","Compile Driver"],"picked":"SKIP","floor":8},{"not_picked":["Conserve Battery","Coolheaded"],"picked":"Compile Driver","floor":12},{"not_picked":["Turbo","Streamline","Heatsinks"],"picked":"SKIP","floor":13},{"not_picked":["Gash","Undo"],"picked":"Leap","floor":15},{"not_picked":["All For One","Fission"],"picked":"Multi-Cast","floor":16},{"not_picked":["Streamline","Reprogram"],"picked":"Skim+1","floor":18},{"not_picked":["Beam Cell+1","Go for the Eyes"],"picked":"Cold Snap","floor":20},{"not_picked":["Coolheaded+1","Turbo","Streamline"],"picked":"SKIP","floor":21},{"not_picked":["Heatsinks","Ball Lightning","Go for the Eyes+1"],"picked":"SKIP","floor":22},{"not_picked":["Fusion","Rebound","Gash+1"],"picked":"SKIP","floor":24}],"player_experience":263259,"relics_obtained":[{"floor":6,"key":"Dream Catcher"},{"floor":9,"key":"InkBottle"},{"floor":13,"key":"HornCleat"}],"event_choices":[{"cards_removed":["Strike_B"],"damage_healed":0,"gold_gain":0,"player_choice":"Forget","damage_taken":0,"max_hp_gain":0,"max_hp_loss":0,"event_name":"Living Wall","floor":10,"gold_loss":0},{"damage_healed":25,"gold_gain":0,"player_choice":"Banana","damage_taken":0,"max_hp_gain":0,"max_hp_loss":0,"event_name":"Big Fish","floor":14,"gold_loss":0}],"is_beta":false,"boss_relics":[{"not_picked":["Philosopher\u0027s Stone","Black Star"],"picked":"Inserter"}],"items_purged_floors":[19],"is_endless":false,"potions_floor_spawned":[2,4,5,6,7,21],"killed_by":"Book of Stabbing","ascension_level":0}}