{"host":"31s8hzukbhz1k6i6","time":1609021902,"event":{"mods":["BaseMod","Colored Map","Minty Spire (QoL Compilation)","Relic Stats","UnlockEverythingMod"],"gold_per_floor":[114,125,75,92,105,105,132,132,132,144,172,172,205,233,233,335,335,350,350,265,265,175,204,204,215,264,298,310,321,348,363,363,466,466,479,479,176,226,244,244,278,278,278,319,331,373,385,409,421,433,445,457,65,90,90],"floor_reached":56,"playtime":2229,"items_purged":["Defend_B"],"score":1635,"play_id":"5f557219-4bd4-43d5-8d34-e00df21dd5ab","local_time":"20201226143142","is_ascension_mode":true,"campfire_choices":[{"data":"Barrage","floor":6.0,"key":"SMITH"},{"data":"Reinforced Body","floor":8.0,"key":"SMITH"},{"data":"Coolheaded","floor":15.0,"key":"SMITH"},{"data":"Skim","floor":24.0,"key":"SMITH"},{"data":"Electrodynamics","floor":32.0,"key":"SMITH"},{"data":"Capacitor","floor":40,"key":"SMITH"},{"data":"Reinforced Body","floor":42,"key":"SMITH"},{"data":"Capacitor","floor":47,"key":"SMITH"},{"floor":49,"key":"RECALL"},{"data":"Amplify","floor":52,"key":"SMITH"}],"circlet_count":0,"master_deck":["Defend_B","Defend_B+1","Defend_B","Zap+1","Dualcast","Barrage+1","Reinforced Body+1","Rip and Tear","Coolheaded+1","Defragment+1","Skim+1","Electrodynamics+1","Storm+1","Chill+1","Seek+1","Glacier","Amplify+1","Capacitor+1","Reinforced Body+1","Consume+1","Hologram+1","Capacitor+1"],"relics":["Cracked Core","Gremlin Horn","Mummified Hand","Art of War","Nunchaku","Odd Mushroom","Astrolabe","Tiny Chest","DataDisk","Centennial Puzzle","Strawberry","Coffee Dripper","Mercury Hourglass","Chemical X","Du-Vu Doll","HornCleat","MawBank","Eternal Feather","Regal Pillow","Runic Capacitor","Cables","Lantern"],"acts_visited":["Exordium","TheCity","TheBeyond","TheEnding"],"potions_floor_usage":[50,50,55],"damage_taken":[{"damage":5.0,"enemies":"2 Louse","floor":1.0,"turns":3.0},{"damage":0.0,"enemies":"Small Slimes","floor":2.0,"turns":2.0},{"damage":0.0,"enemies":"Cultist","floor":4.0,"turns":3.0},{"damage":7.0,"enemies":"Exordium Wildlife","floor":5.0,"turns":3.0},{"damage":8.0,"enemies":"Lagavulin","floor":7.0,"turns":4.0},{"damage":7.0,"enemies":"3 Louse","floor":10.0,"turns":3.0},{"damage":0.0,"enemies":"Gremlin Nob","floor":11.0,"turns":4.0},{"damage":0.0,"enemies":"3 Sentries","floor":13.0,"turns":5.0},{"damage":0.0,"enemies":"The Mushroom Lair","floor":14.0,"turns":3.0},{"damage":10.0,"enemies":"Slime Boss","floor":16.0,"turns":6.0},{"damage":0.0,"enemies":"Spheric Guardian","floor":18.0,"turns":3.0},{"damage":6.0,"enemies":"Book of Stabbing","floor":23.0,"turns":7.0},{"damage":0.0,"enemies":"Chosen","floor":25.0,"turns":3.0},{"damage":0.0,"enemies":"Gremlin Leader","floor":27.0,"turns":3.0},{"damage":0.0,"enemies":"Snake Plant","floor":28.0,"turns":4.0},{"damage":0.0,"enemies":"3 Cultists","floor":29.0,"turns":2.0},{"damage":0.0,"enemies":"Slavers","floor":30.0,"turns":1.0},{"damage":0.0,"enemies":"Centurion and Healer","floor":31.0,"turns":5.0},{"damage":0.0,"enemies":"Automaton","floor":33.0,"turns":6.0},{"damage":14,"enemies":"3 Darklings","floor":35,"turns":2},{"damage":0,"enemies":"Mind Bloom Boss Battle","floor":38,"turns":3},{"damage":0,"enemies":"Orb Walker","floor":39,"turns":2},{"damage":10,"enemies":"Nemesis","floor":41,"turns":7},{"damage":0,"enemies":"Reptomancer","floor":44,"turns":3},{"damage":19,"enemies":"Giant Head","floor":46,"turns":7},{"damage":0,"enemies":"4 Shapes","floor":48,"turns":1},{"damage":16,"enemies":"Time Eater","floor":50,"turns":9},{"damage":9,"enemies":"Shield and Spear","floor":54,"turns":3},{"damage":11,"enemies":"The Heart","floor":55,"turns":8}],"seed_played":"-7372779224707883138","potions_obtained":[{"floor":1.0,"key":"BlessingOfTheForge"},{"floor":4.0,"key":"DuplicationPotion"},{"floor":7.0,"key":"DistilledChaos"},{"floor":11.0,"key":"Weak Potion"},{"floor":16.0,"key":"SmokeBomb"},{"floor":25.0,"key":"SkillPotion"},{"floor":27.0,"key":"EntropicBrew"},{"floor":28.0,"key":"Fruit Juice"},{"floor":29.0,"key":"Strength Potion"},{"floor":38,"key":"FocusPotion"},{"floor":44,"key":"DuplicationPotion"}],"is_trial":false,"path_per_floor":["M","M","$","M","M","R","E","R","T","M","E","?","E","?","R","B",null,"M","?","?","?","?","E","R","M","T","E","M","M","E","M","R","B",null,"M","T","$","?","M","R","E","R","T","E","?","E","R","M","R","B",null,"R","$","E","B",null],"character_chosen":"DEFECT","items_purchased":["SteroidPotion","Capacitor","Chemical X","Runic Capacitor","Cables"],"campfire_rested":0,"item_purchase_floors":[3,37,37,53,53],"current_hp_per_floor":[70,70,70,70,63,63,55,55,55,48,48,48,48,48,48,38,75,75,75,75,75,75,69,69,69,69,69,69,69,76,76,76,81,87,73,73,73,73,73,73,63,63,63,63,63,44,56,56,68,52,83,83,83,74,63],"gold":90,"neow_bonus":"UPGRADE_CARD","is_daily":false,"chose_seed":false,"campfire_upgraded":9,"win_rate":0.0,"timestamp":1609021902,"path_taken":["M","M","$","M","M","R","E","R","T","M","E","?","E","?","R","BOSS","M","?","?","?","?","E","R","M","T","E","M","M","E","?","R","BOSS","M","?","$","?","M","R","E","R","T","E","?","E","R","M","R","BOSS","R","$","E","BOSS"],"items_purchased_type":["Potion","Card","Relic","Relic","Relic"],"build_version":"2020-12-22","purchased_purges":1,"victory":true,"max_hp_per_floor":[75,75,75,75,75,75,75,75,75,75,75,75,75,75,75,75,75,75,75,75,75,75,75,75,75,75,75,75,75,82,82,82,87,87,87,87,87,87,87,87,87,87,87,87,83,83,83,83,83,83,83,83,83,83,83],"relic_stats":{"Regal Pillow":0,"Gremlin Horn":[25,25],"counters":[29,115],"Astrolabe":["Storm","Chill","Seek"],"Eternal Feather":24,"MawBank":120,"Mercury Hourglass":[150],"Cables":[10,4,6,0,0],"Nunchaku":[7],"Centennial Puzzle":[18],"Mummified Hand":[86],"Tiny Chest":1,"Art of War":[35],"Chemical X":[13],"obtain_stats":[{"Regal Pillow":46,"Lantern":54,"Gremlin Horn":7,"Astrolabe":17,"Eternal Feather":44,"Runic Capacitor":53,"Odd Mushroom":14,"MawBank":43,"Mercury Hourglass":36,"Cables":53,"Du-Vu Doll":38,"Nunchaku":13,"DataDisk":23,"Centennial Puzzle":27,"HornCleat":41,"Mummified Hand":9,"Strawberry":30,"Tiny Chest":20,"Art of War":11,"Coffee Dripper":34,"Chemical X":37,"Cracked Core":0},{"Regal Pillow":25,"Lantern":28,"Gremlin Horn":5,"Astrolabe":10,"Eternal Feather":24,"Runic Capacitor":27,"Odd Mushroom":9,"MawBank":23,"Mercury Hourglass":20,"Cables":27,"Du-Vu Doll":21,"Nunchaku":8,"DataDisk":12,"Centennial Puzzle":14,"HornCleat":23,"Mummified Hand":5,"Strawberry":17,"Tiny Chest":11,"Art of War":7,"Coffee Dripper":19,"Chemical X":20,"Cracked Core":0},{"Regal Pillow":94,"Lantern":107,"Gremlin Horn":15,"Astrolabe":36,"Eternal Feather":87,"Runic Capacitor":104,"Odd Mushroom":30,"MawBank":84,"Mercury Hourglass":72,"Cables":104,"Du-Vu Doll":75,"Nunchaku":27,"DataDisk":46,"Centennial Puzzle":52,"HornCleat":84,"Mummified Hand":15,"Strawberry":59,"Tiny Chest":39,"Art of War":22,"Coffee Dripper":70,"Chemical X":72,"Cracked Core":0}]},"card_choices":[{"not_picked":["FTL","Steam Power"],"picked":"Barrage","floor":1.0},{"not_picked":["Lockon","Sweeping Beam"],"picked":"Reinforced Body","floor":2.0},{"not_picked":["BootSequence","Hologram"],"picked":"Rip and Tear","floor":4.0},{"not_picked":["Hello World","Aggregate"],"picked":"Coolheaded","floor":5.0},{"not_picked":["Barrage","Stack","Redo"],"picked":"SKIP","floor":7.0},{"not_picked":["Blizzard","Chaos","Gash"],"picked":"SKIP","floor":10.0},{"not_picked":["Leap","Stack"],"picked":"Defragment","floor":11.0},{"not_picked":["Genetic Algorithm","Barrage"],"picked":"Skim","floor":13.0},{"not_picked":["Creative AI","Fission"],"picked":"Electrodynamics","floor":16.0},{"not_picked":["Compile Driver","Cold Snap","Sweeping Beam"],"picked":"SKIP","floor":18.0},{"not_picked":["Leap","Darkness","Static Discharge"],"picked":"SKIP","floor":23.0},{"not_picked":["Genetic Algorithm","Leap","Beam Cell"],"picked":"SKIP","floor":25.0},{"not_picked":["Redo","Compile Driver","Cold Snap"],"picked":"SKIP","floor":27.0},{"not_picked":["Leap","Gash","Sweeping Beam"],"picked":"SKIP","floor":28.0},{"not_picked":["Hologram","Darkness","Compile Driver+1"],"picked":"SKIP","floor":29.0},{"not_picked":["Go for the Eyes","Force Field","Beam Cell"],"picked":"SKIP","floor":30.0},{"not_picked":["Steam Power","Cold Snap","Auto Shields"],"picked":"SKIP","floor":31.0},{"not_picked":["Multi-Cast","All For One"],"picked":"Amplify","floor":33.0},{"not_picked":["Cold Snap+1","Rebound+1","Streamline+1"],"picked":"SKIP","floor":35},{"not_picked":["Go for the Eyes","Turbo+1"],"picked":"Reinforced Body","floor":38},{"not_picked":["Barrage","Ball Lightning"],"picked":"Consume+1","floor":39},{"not_picked":["Melter","Force Field","Static Discharge"],"picked":"SKIP","floor":41},{"not_picked":["Go for the Eyes","Gash"],"picked":"Hologram+1","floor":44},{"not_picked":["Cold Snap","Meteor Strike"],"picked":"Capacitor","floor":46},{"not_picked":["Chill","Ball Lightning","Rebound"],"picked":"SKIP","floor":48},{"not_picked":["Hologram","Rebound","Steam+1"],"picked":"SKIP","floor":54}],"player_experience":19027,"relics_obtained":[{"floor":7.0,"key":"Gremlin Horn"},{"floor":9.0,"key":"Mummified Hand"},{"floor":11.0,"key":"Art of War"},{"floor":13.0,"key":"Nunchaku"},{"floor":14.0,"key":"Odd Mushroom"},{"floor":23.0,"key":"DataDisk"},{"floor":27.0,"key":"Centennial Puzzle"},{"floor":30.0,"key":"Strawberry"},{"floor":36,"key":"Mercury Hourglass"},{"floor":38,"key":"Du-Vu Doll"},{"floor":41,"key":"HornCleat"},{"floor":43,"key":"MawBank"},{"floor":44,"key":"Eternal Feather"},{"floor":46,"key":"Regal Pillow"},{"floor":54,"key":"Lantern"}],"event_choices":[{"damage_healed":0.0,"max_hp_gain":0.0,"max_hp_loss":0.0,"gold_gain":0.0,"event_name":"Living Wall","player_choice":"Grow","floor":12.0,"gold_loss":0.0,"damage_taken":0.0,"cards_upgraded":["Defragment"]},{"damage_healed":0.0,"max_hp_gain":0.0,"max_hp_loss":0.0,"gold_gain":0.0,"event_name":"Mushrooms","player_choice":"Fought Mushrooms","floor":14.0,"gold_loss":0.0,"damage_taken":0.0},{"damage_healed":0.0,"max_hp_gain":0.0,"max_hp_loss":0.0,"gold_gain":0.0,"event_name":"Ghosts","player_choice":"Ignored","floor":19.0,"gold_loss":0.0,"damage_taken":0.0},{"damage_healed":0.0,"max_hp_gain":0.0,"max_hp_loss":0.0,"gold_gain":0.0,"event_name":"Addict","player_choice":"Obtained Relic","floor":20.0,"gold_loss":85.0,"damage_taken":0.0,"relics_obtained":["Tiny Chest"]},{"damage_healed":0.0,"max_hp_gain":0.0,"max_hp_loss":0.0,"gold_gain":0.0,"event_name":"The Library","player_choice":"Read","floor":21.0,"gold_loss":0.0,"damage_taken":0.0,"cards_obtained":["Glacier"]},{"cards_removed":["Strike_B"],"damage_healed":0.0,"max_hp_gain":0.0,"max_hp_loss":0.0,"gold_gain":0.0,"event_name":"Designer","player_choice":"Upgrade and Remove","floor":22.0,"gold_loss":90.0,"damage_taken":0.0,"cards_upgraded":["Defend_B"]},{"damage_healed":0,"gold_gain":0,"player_choice":"Fight","damage_taken":0,"max_hp_gain":0,"max_hp_loss":0,"event_name":"MindBloom","floor":38,"gold_loss":0},{"damage_healed":0,"gold_gain":0,"player_choice":"Max HP","damage_taken":0,"max_hp_gain":0,"max_hp_loss":4,"event_name":"Winding Halls","floor":45,"gold_loss":0}],"is_beta":false,"boss_relics":[{"not_picked":["Runic Dome","Snecko Eye"],"picked":"Astrolabe"},{"not_picked":["Fusion Hammer","Tiny House"],"picked":"Coffee Dripper"}],"items_purged_floors":[37],"is_endless":false,"potions_floor_spawned":[1,4,7,11,16,25,27,28,29,38,44],"ascension_level":3}}