{"host":"gp6kafy53r5vaktt","time":1609022042,"event":{"mods":["BaseMod","Colored Map","Highlight Path","Minty Spire (QoL Compilation)"],"gold_per_floor":[117,117,137,154,172,200,200,227,253,280,310,23,23,42,42,138,138,150,250,265,283,301,301,301,301],"floor_reached":24,"playtime":1959,"items_purged":[],"score":229,"play_id":"163a259d-2bb0-4a0e-95b8-a95027761c4c","local_time":"20201227003402","is_ascension_mode":true,"campfire_choices":[{"floor":7,"key":"REST"},{"floor":15,"key":"REST"},{"data":"Envenom","floor":23,"key":"SMITH"}],"circlet_count":0,"master_deck":["Strike_G","Strike_G","Strike_G","Strike_G","Defend_G","Defend_G","Defend_G","Defend_G","Defend_G","Survivor","Neutralize","Malaise","Deflect","Infinite Blades","Quick Slash","Reflex","Leg Sweep","Blade Dance","Dagger Spray","Envenom+1","Finisher"],"relics":["Ring of the Snake","Regal Pillow","Bag of Marbles","Vajra","Boot","Eternal Feather","Odd Mushroom","Turnip","GremlinMask","Sozu"],"acts_visited":["Exordium","TheCity"],"potions_floor_usage":[8,11,16],"damage_taken":[{"damage":0,"enemies":"Small Slimes","floor":1,"turns":7},{"damage":0,"enemies":"2 Louse","floor":3,"turns":4},{"damage":0,"enemies":"Cultist","floor":4,"turns":5},{"damage":8,"enemies":"3 Louse","floor":5,"turns":6},{"damage":29,"enemies":"3 Sentries","floor":6,"turns":11},{"damage":26,"enemies":"Lagavulin","floor":8,"turns":10},{"damage":20,"enemies":"Gremlin Nob","floor":10,"turns":6},{"damage":10,"enemies":"The Mushroom Lair","floor":11,"turns":6},{"damage":0,"enemies":"Red Slaver","floor":14,"turns":4},{"damage":33,"enemies":"Hexaghost","floor":16,"turns":18},{"damage":1,"enemies":"Chosen","floor":18,"turns":4},{"damage":14,"enemies":"Shell Parasite","floor":20,"turns":5},{"damage":5,"enemies":"Cultist and Chosen","floor":21,"turns":7},{"damage":9,"enemies":"Snecko","floor":22,"turns":5},{"damage":66,"enemies":"Gremlin Leader","floor":24,"turns":8}],"seed_played":"6589359924234684265","potions_obtained":[{"floor":5,"key":"Ancient Potion"},{"floor":6,"key":"SkillPotion"},{"floor":10,"key":"Ancient Potion"},{"floor":11,"key":"Block Potion"}],"is_trial":false,"path_per_floor":["M","?","M","M","M","E","R","E","T","E","?","$","?","M","R","B",null,"M","?","M","M","M","R","E"],"character_chosen":"THE_SILENT","items_purchased":["Turnip"],"campfire_rested":2,"item_purchase_floors":[12],"current_hp_per_floor":[70,63,63,63,55,26,62,36,36,16,6,6,6,6,51,18,70,69,69,55,50,41,53,0,0],"gold":301,"neow_bonus":"TRANSFORM_CARD","is_daily":false,"chose_seed":false,"campfire_upgraded":1,"win_rate":0.0,"timestamp":1609022042,"path_taken":["M","?","M","M","M","E","R","E","T","E","?","$","?","?","R","BOSS","M","?","?","M","M","R","E"],"items_purchased_type":["Relic"],"build_version":"2020-12-13","purchased_purges":0,"victory":false,"max_hp_per_floor":[70,70,70,70,70,70,70,70,70,70,70,70,70,70,70,70,70,70,70,70,70,70,70,70,70],"card_choices":[{"not_picked":["Dagger Throw","Deadly Poison","Sucker Punch"],"picked":"SKIP","floor":1},{"not_picked":["Outmaneuver","Distraction"],"picked":"Deflect","floor":3},{"not_picked":["Acrobatics","Underhanded Strike"],"picked":"Infinite Blades","floor":4},{"not_picked":["Acrobatics","Sucker Punch"],"picked":"Quick Slash","floor":5},{"not_picked":["Flying Knee","Slice"],"picked":"Reflex","floor":6},{"not_picked":["Riddle With Holes","Acrobatics"],"picked":"Leg Sweep","floor":8},{"not_picked":["Adrenaline","Glass Knife"],"picked":"Blade Dance","floor":10},{"not_picked":["Underhanded Strike","Dagger Throw"],"picked":"Dagger Spray","floor":14},{"not_picked":["Adrenaline","Unload"],"picked":"Envenom","floor":16},{"not_picked":["Bane","Tactician+1","Slice"],"picked":"SKIP","floor":18},{"not_picked":["Bane+1","Quick Slash"],"picked":"Finisher","floor":20},{"not_picked":["Dagger Spray","Eviscerate+1","Dodge and Roll"],"picked":"SKIP","floor":21},{"not_picked":["Sucker Punch","Reflex","Dodge and Roll"],"picked":"SKIP","floor":22}],"player_experience":95217,"relics_obtained":[{"floor":6,"key":"Bag of Marbles"},{"floor":8,"key":"Vajra"},{"floor":9,"key":"Boot"},{"floor":10,"key":"Eternal Feather"},{"floor":11,"key":"Odd Mushroom"}],"event_choices":[{"damage_healed":0,"gold_gain":0,"player_choice":"Success","damage_taken":7,"relics_obtained":["Regal Pillow"],"max_hp_gain":0,"max_hp_loss":0,"event_name":"Scrap Ooze","floor":2,"gold_loss":0},{"damage_healed":0,"gold_gain":0,"player_choice":"Fought Mushrooms","damage_taken":0,"max_hp_gain":0,"max_hp_loss":0,"event_name":"Mushrooms","floor":11,"gold_loss":0},{"damage_healed":0,"gold_gain":0,"player_choice":"Trade","damage_taken":0,"relics_obtained":["GremlinMask"],"max_hp_gain":0,"max_hp_loss":0,"event_name":"FaceTrader","floor":13,"gold_loss":0},{"damage_healed":0,"gold_gain":100,"player_choice":"Pray","damage_taken":0,"max_hp_gain":0,"max_hp_loss":0,"event_name":"Golden Shrine","floor":19,"gold_loss":0}],"is_beta":false,"boss_relics":[{"not_picked":["Astrolabe","Coffee Dripper"],"picked":"Sozu"}],"items_purged_floors":[],"is_endless":false,"potions_floor_spawned":[5,6,10,11,18,20],"killed_by":"Gremlin Leader","ascension_level":1}}