{"host":"6xsbn6ynqlzwllfm","time":1609006163,"event":{"mods":["2.2 Compatiblity","BaseMod","Bestiary","Colored Map","Colored Powertips","Curses Come First","Highlight Path","Keyboard Shortcuts","Minty Spire (QoL Compilation)","Quick Restart","Relic Stats","Slay the Relics Exporter","StSLib","SuperFastMode"],"gold_per_floor":[119,44,44,44,58,99,99,99,154,195,216,141,161,202,202,202,202],"floor_reached":16,"playtime":1140,"items_purged":["Strike_R"],"score":286,"play_id":"c548e965-6dcd-4ddd-acbf-558cc79c8a09","local_time":"20201226130923","is_ascension_mode":true,"campfire_choices":[{"data":"Whirlwind","floor":7,"key":"SMITH"},{"data":"Flame Barrier","floor":15,"key":"SMITH"}],"circlet_count":0,"master_deck":["AscendersBane","Strike_R","Strike_R","Strike_R","Defend_R","Defend_R","Defend_R","Bash","Cleave","Shrug It Off","Whirlwind+1","Clothesline","Seeing Red","Flame Barrier+1"],"relics":["Burning Blood","NeowsBlessing","Golden Idol","Red Skull","Bottled Lightning","Centennial Puzzle","Boot","Omamori"],"acts_visited":["Exordium"],"potions_floor_usage":[10,10,16,16],"damage_taken":[{"damage":0,"enemies":"Jaw Worm","floor":1,"turns":1},{"damage":0,"enemies":"Small Slimes","floor":5,"turns":1},{"damage":0,"enemies":"3 Sentries","floor":6,"turns":2},{"damage":33,"enemies":"Lagavulin","floor":10,"turns":10},{"damage":1,"enemies":"2 Louse","floor":11,"turns":2},{"damage":2,"enemies":"2 Fungi Beasts","floor":13,"turns":3},{"damage":12,"enemies":"3 Sentries","floor":14,"turns":3},{"damage":53,"enemies":"The Guardian","floor":16,"turns":9}],"seed_played":"7428947086793361726","potions_obtained":[{"floor":1,"key":"Energy Potion"},{"floor":5,"key":"SkillPotion"},{"floor":13,"key":"ElixirPotion"},{"floor":14,"key":"Fruit Juice"}],"is_trial":false,"path_per_floor":["M","$","?","T","M","E","R","?","T","E","M","?","M","E","R","B"],"character_chosen":"IRONCLAD","items_purchased":[],"campfire_rested":0,"item_purchase_floors":[],"current_hp_per_floor":[74,74,68,68,68,68,68,68,68,41,46,46,50,44,44,0,0],"gold":202,"neow_bonus":"THREE_ENEMY_KILL","is_daily":false,"chose_seed":false,"campfire_upgraded":2,"win_rate":0.0,"timestamp":1609006163,"path_taken":["M","$","?","?","?","E","R","?","T","E","M","?","M","E","R","BOSS"],"items_purchased_type":[],"build_version":"2020-12-22","purchased_purges":1,"victory":false,"max_hp_per_floor":[75,75,68,68,68,68,68,68,68,68,68,68,68,68,68,73,73],"relic_stats":{"Centennial Puzzle":[15],"counters":[8,31],"Golden Idol":35,"Boot":[2],"obtain_stats":[{"Centennial Puzzle":9,"NeowsBlessing":0,"Golden Idol":3,"Omamori":14,"Bottled Lightning":6,"Boot":10,"Burning Blood":0,"Red Skull":4},{"Centennial Puzzle":3,"NeowsBlessing":0,"Golden Idol":1,"Omamori":7,"Bottled Lightning":3,"Boot":4,"Burning Blood":0,"Red Skull":1},{"Centennial Puzzle":4,"NeowsBlessing":0,"Golden Idol":1,"Omamori":22,"Bottled Lightning":4,"Boot":14,"Burning Blood":0,"Red Skull":1}],"Burning Blood":30},"card_choices":[{"not_picked":["Blood for Blood","Wild Strike"],"picked":"Cleave","floor":1},{"not_picked":["Burning Pact","Sever Soul"],"picked":"Shrug It Off","floor":5},{"not_picked":["Havoc","Evolve"],"picked":"Whirlwind","floor":6},{"not_picked":["Corruption","Carnage"],"picked":"Clothesline","floor":10},{"not_picked":["Pommel Strike","Iron Wave","Rupture"],"picked":"SKIP","floor":11},{"not_picked":["Warcry","Hemokinesis"],"picked":"Seeing Red","floor":13},{"not_picked":["Carnage","Blood for Blood"],"picked":"Flame Barrier","floor":14}],"player_experience":1050277,"relics_obtained":[{"floor":4,"key":"Red Skull"},{"floor":6,"key":"Bottled Lightning"},{"floor":9,"key":"Centennial Puzzle"},{"floor":10,"key":"Boot"},{"floor":14,"key":"Omamori"}],"event_choices":[{"damage_healed":0,"gold_gain":0,"player_choice":"Lose Max HP","damage_taken":0,"relics_obtained":["Golden Idol"],"max_hp_gain":0,"max_hp_loss":7,"event_name":"Golden Idol","floor":3,"gold_loss":0},{"cards_removed":["Strike_R"],"damage_healed":0,"gold_gain":0,"player_choice":"Forget","damage_taken":0,"max_hp_gain":0,"max_hp_loss":0,"event_name":"Living Wall","floor":8,"gold_loss":0},{"cards_removed":["Defend_R"],"damage_healed":0,"gold_gain":0,"player_choice":"Card Removal","damage_taken":0,"max_hp_gain":0,"max_hp_loss":0,"event_name":"The Cleric","floor":12,"gold_loss":75}],"is_beta":false,"boss_relics":[],"items_purged_floors":[2],"is_endless":false,"potions_floor_spawned":[1,5,13,14],"killed_by":"The Guardian","ascension_level":20}}