{"host":"tpbmol9dayg75a5s","time":1609022806,"event":{"mods":["2.2 Compatiblity","BaseMod","Bestiary","Block Reminder","Colored Powertips","Downfall","Minty Spire (QoL Compilation)","Relic Stats","StSLib"],"gold_per_floor":[99,111,125,225,236,268,268,268,328,4,4,4,30,43,57,161,161,11,30,115,129,149,183,183,183,183,13,28,46,80,63,88,194,253,253,268,297,352,384,384,384,57,57,57,100,100,100,122,148,148],"floor_reached":51,"playtime":5064,"items_purged":["Parasite"],"score":857,"play_id":"ef67055a-eed2-4a1c-a923-c993ef79eea4","local_time":"20201226194646","is_ascension_mode":true,"campfire_choices":[{"floor":1.0,"key":"RECALL"},{"floor":12.0,"key":"REST"},{"data":"champ:EndlessRage","floor":18.0,"key":"SMITH"},{"data":"champ:BerserkerStyle","floor":25.0,"key":"SMITH"},{"data":"champ:CheapShot","floor":35,"key":"SMITH"},{"data":"champ:Lariat","floor":40,"key":"SMITH"},{"data":"champ:SwordSigil","floor":43,"key":"SMITH"},{"data":"champ:RapidStrikes","floor":46,"key":"SMITH"}],"circlet_count":0,"master_deck":["champ:Strike","champ:Strike+1","champ:Strike","champ:Strike","champ:Defend","champ:Defend+1","champ:Defend+1","champ:Defend","champ:Execute+1","champ:Taunt+1","champ:BerserkerStyle+1","champ:CrookedStrike","champ:EndlessRage+1","champ:ArenaPreparation","champ:DeathBlow","champ:Shatter","champ:CalledShot+1","champ:AdrenalArmor+1","champ:Improvising+1","champ:SwordSigil+1","champ:CheapShot+1","champ:Lariat+1","champ:Encircle","champ:ViciousMockery","champ:AdrenalArmor","champ:RapidStrikes+1","champ:LastStand+1","champ:IronFortress+1","champ:BringItOn+1","champ:BerserkersShout+1","champ:StanceDance+1","champ:HeartStrike+1","champ:ViciousMockery+1"],"relics":["champ:ChampionCrown","Matryoshka","Toy Ornithopter","Nunchaku","Frozen Egg 2","Oddly Smooth Stone","Vajra","PreservedInsect","Pear","champ:DefensiveTrainingManual","expansioncontent:StudyCardRelic","downfall:HeartBlessingRed","downfall:HeartBlessingGreen","Whetstone","Kunai","Sling","CeramicFish","Calipers","Tiny House","Unceasing Top","StrikeDummy","Bottled Tornado","War Paint"],"acts_visited":["Exordium","TheCity","TheBeyond"],"potions_floor_usage":[38,39,50],"damage_taken":[{"damage":6.0,"enemies":"Small Slimes","floor":2.0,"turns":4.0},{"damage":10.0,"enemies":"Jaw Worm","floor":3.0,"turns":5.0},{"damage":5.0,"enemies":"2 Louse","floor":5.0,"turns":2.0},{"damage":75.0,"enemies":"Gremlin Nob","floor":6.0,"turns":6.0},{"damage":36.0,"enemies":"Gremlin Nob","floor":9.0,"turns":4.0},{"damage":23.0,"enemies":"downfall:FleeingMerchant","floor":10.0,"turns":4.0},{"damage":61.0,"enemies":"3 Sentries","floor":13.0,"turns":4.0},{"damage":43.0,"enemies":"Large Slime","floor":14.0,"turns":3.0},{"damage":23.0,"enemies":"Blue Slaver","floor":15.0,"turns":3.0},{"damage":84.0,"enemies":"downfall:Silent","floor":16.0,"turns":7.0},{"damage":43.0,"enemies":"Chosen","floor":19.0,"turns":6.0},{"damage":9.0,"enemies":"Spheric Guardian","floor":21.0,"turns":2.0},{"damage":37.0,"enemies":"Centurion and Healer","floor":22.0,"turns":3.0},{"damage":35.0,"enemies":"Gremlin Leader","floor":23.0,"turns":3.0},{"damage":75.0,"enemies":"downfall:FleeingMerchant","floor":27.0,"turns":5.0},{"damage":60.0,"enemies":"Snecko","floor":28.0,"turns":4.0},{"damage":5.0,"enemies":"Snake Plant","floor":29.0,"turns":3.0},{"damage":44.0,"enemies":"Book of Stabbing","floor":30.0,"turns":4.0},{"damage":5.0,"enemies":"downfall:FleeingMerchant","floor":31.0,"turns":1.0},{"damage":10.0,"enemies":"Centurion and Healer","floor":32.0,"turns":3.0},{"damage":43.0,"enemies":"downfall:Watcher","floor":33.0,"turns":4.0},{"damage":51,"enemies":"Orb Walker","floor":36,"turns":3},{"damage":33,"enemies":"3 Shapes","floor":37,"turns":4},{"damage":47,"enemies":"2 Orb Walkers","floor":38,"turns":2},{"damage":71,"enemies":"Writhing Mass","floor":39,"turns":5},{"damage":30,"enemies":"Reptomancer","floor":45,"turns":4},{"damage":93,"enemies":"Spire Growth","floor":48,"turns":4},{"damage":64,"enemies":"Sphere and 2 Shapes","floor":49,"turns":3},{"damage":80,"enemies":"downfall:Ironclad","floor":50,"turns":9}],"seed_played":"8309443682584332216","potions_obtained":[{"floor":6.0,"key":"ColorlessPotion"},{"floor":13.0,"key":"FearPotion"},{"floor":14.0,"key":"FearPotion"},{"floor":16.0,"key":"Ancient Potion"},{"floor":21.0,"key":"Block Potion"},{"floor":23.0,"key":"ColorlessPotion"},{"floor":34,"key":"SteroidPotion"},{"floor":39,"key":"champ:TechniquePotion"},{"floor":48,"key":"Slimebound:ThreeZeroPotion"}],"is_trial":false,"path_per_floor":["R","M","M","?","M","E","T","?","?","$","T","R","E","M","M","B",null,"R","M","?","M","M","E","T","R","?","$","M","M","E","$","M","B",null,"R","M","M","?","M","R","T","$","R","?","E","R","?","M","M","B",null],"character_chosen":"THE_CHAMP","items_purchased":["Oddly Smooth Stone","Vajra","Sling","Calipers","champ:RapidStrikes","Bottled Tornado"],"campfire_rested":1,"item_purchase_floors":[10,10,27,31,31,42],"current_hp_per_floor":[99,98,98,98,98,40,40,40,27,27,37,69,61,52,55,26,109,109,104,86,86,71,64,64,64,64,54,43,43,26,26,24,13,114,114,114,103,102,80,80,80,80,80,80,80,80,80,62,23,10],"gold":148,"neow_bonus":"TEN_PERCENT_HP_BONUS","is_daily":false,"chose_seed":false,"campfire_upgraded":6,"win_rate":0.0,"timestamp":1609022806,"path_taken":["R","M","M","?","M","E","T","?","?","?","?","R","E","M","M","BOSS","R","M","?","M","M","E","T","R","?","$","M","M","E","?","M","BOSS","R","M","M","?","M","R","T","$","R","?","E","R","?","?","M","BOSS"],"items_purchased_type":["Relic","Relic","Relic","Relic","Card","Relic"],"build_version":"2020-12-22","purchased_purges":1,"victory":true,"max_hp_per_floor":[99,99,99,99,99,99,99,99,99,99,109,109,109,109,109,109,109,109,109,109,109,109,109,109,109,109,109,109,109,109,109,109,109,114,114,114,114,114,114,114,114,111,111,111,111,111,111,111,111,111],"relic_stats":{"Nunchaku":[17],"counters":[29,114],"CeramicFish":108,"PreservedInsect":267,"Whetstone":["champ:Strike","champ:Execute"],"Kunai":[14],"War Paint":["champ:Defend","champ:Defend"],"obtain_stats":[{"Pear":11,"Calipers":31,"Tiny House":34,"downfall:HeartBlessingRed":18,"CeramicFish":30,"Oddly Smooth Stone":10,"Vajra":10,"champ:ChampionCrown":0,"downfall:HeartBlessingGreen":18,"PreservedInsect":11,"expansioncontent:StudyCardRelic":17,"Whetstone":23,"Frozen Egg 2":9,"Bottled Tornado":42,"War Paint":45,"Sling":27,"Nunchaku":7,"Matryoshka":6,"champ:DefensiveTrainingManual":13,"Kunai":24,"StrikeDummy":41,"Toy Ornithopter":7,"Unceasing Top":38},{"Pear":6,"Calipers":19,"Tiny House":21,"downfall:HeartBlessingRed":10,"CeramicFish":18,"Oddly Smooth Stone":6,"Vajra":6,"champ:ChampionCrown":0,"downfall:HeartBlessingGreen":10,"PreservedInsect":6,"expansioncontent:StudyCardRelic":10,"Whetstone":14,"Frozen Egg 2":5,"Bottled Tornado":25,"War Paint":26,"Sling":15,"Nunchaku":4,"Matryoshka":4,"champ:DefensiveTrainingManual":7,"Kunai":14,"StrikeDummy":25,"Toy Ornithopter":4,"Unceasing Top":24},{"Pear":25,"Calipers":73,"Tiny House":80,"downfall:HeartBlessingRed":42,"CeramicFish":72,"Oddly Smooth Stone":25,"Vajra":25,"champ:ChampionCrown":0,"downfall:HeartBlessingGreen":42,"PreservedInsect":25,"expansioncontent:StudyCardRelic":42,"Whetstone":56,"Frozen Egg 2":21,"Bottled Tornado":94,"War Paint":98,"Sling":61,"Nunchaku":17,"Matryoshka":17,"champ:DefensiveTrainingManual":29,"Kunai":56,"StrikeDummy":94,"Toy Ornithopter":17,"Unceasing Top":89}],"Toy Ornithopter":30,"Unceasing Top":[2]},"card_choices":[{"not_picked":["champ:PerfectedStrike","champ:ShieldSigil"],"picked":"champ:BerserkerStyle","floor":2.0},{"not_picked":["champ:Riposte","champ:ShieldSigil"],"picked":"champ:CrookedStrike","floor":3.0},{"not_picked":["champ:PerfectedStrike","champ:HeartStrike"],"picked":"champ:EndlessRage","floor":5.0},{"not_picked":["champ:ShieldSigil","champ:IronFortress"],"picked":"champ:ArenaPreparation","floor":6.0},{"not_picked":["champ:HeartStrike","champ:StanceDance"],"picked":"champ:DeathBlow","floor":9.0},{"not_picked":["champ:Haymaker","champ:HeavySlash"],"picked":"champ:Shatter","floor":10.0},{"not_picked":["champ:Haymaker","champ:RageSigil"],"picked":"champ:CalledShot+1","floor":13.0},{"not_picked":["champ:BerserkerStyle+1","champ:ShieldSigil","champ:Circumvent"],"picked":"SKIP","floor":14.0},{"not_picked":["champ:BladeFlurry","champ:TornadoPunch"],"picked":"champ:AdrenalArmor","floor":15.0},{"not_picked":["champ:DancingMaster+1","champ:EnchantSword"],"picked":"champ:Improvising+1","floor":16.0},{"not_picked":["champ:GutPunch","champ:CrookedStrike","champ:Haymaker"],"picked":"SKIP","floor":19.0},{"not_picked":["champ:RageSigil","champ:TornadoPunch+1"],"picked":"champ:SwordSigil","floor":21.0},{"not_picked":["champ:Backstep","champ:CrookedStrike"],"picked":"champ:CheapShot","floor":22.0},{"not_picked":["champ:RecklessLeap","champ:Haymaker+1"],"picked":"champ:Lariat","floor":23.0},{"not_picked":["champ:GladiatorStyle+1","champ:Haymaker","champ:Backstep"],"picked":"SKIP","floor":27.0},{"not_picked":["champ:Haymaker+1","champ:FanOfKnives"],"picked":"champ:Encircle","floor":28.0},{"not_picked":["champ:SwordSigil","champ:GutPunch+1","champ:SkillfulDodge"],"picked":"SKIP","floor":29.0},{"not_picked":["champ:Aggression","champ:Circumvent"],"picked":"champ:ViciousMockery","floor":30.0},{"not_picked":["champ:Riposte","champ:TornadoPunch"],"picked":"champ:AdrenalArmor","floor":31.0},{"not_picked":["champ:FlashCut","champ:CrookedStrike"],"picked":"champ:Control","floor":32.0},{"not_picked":["champ:Improvising+1","champ:EnchantShield"],"picked":"champ:LastStand+1","floor":33.0},{"not_picked":["champ:Backstep","champ:BerserkersShout"],"picked":"champ:IronFortress+1","floor":34},{"not_picked":["champ:FlashCut+1","champ:Haymaker","champ:Circumvent"],"picked":"SKIP","floor":36},{"not_picked":["champ:GutPunch","champ:FocusedDefense+1"],"picked":"champ:BringItOn+1","floor":37},{"not_picked":["champ:GladiatorsShout+1","champ:BladeFlurry+1"],"picked":"champ:BerserkersShout+1","floor":39},{"not_picked":["champ:FocusedDefense+1","champ:TornadoPunch"],"picked":"champ:StanceDance+1","floor":45},{"not_picked":["champ:CheapShot","champ:EndlessRage+1"],"picked":"champ:HeartStrike+1","floor":48},{"not_picked":["champ:Shatter","champ:BladeFlurry+1"],"picked":"champ:ViciousMockery+1","floor":49}],"player_experience":979765,"relics_obtained":[{"floor":6.0,"key":"Matryoshka"},{"floor":7.0,"key":"Toy Ornithopter"},{"floor":7.0,"key":"Nunchaku"},{"floor":9.0,"key":"Frozen Egg 2"},{"floor":11.0,"key":"PreservedInsect"},{"floor":11.0,"key":"Pear"},{"floor":13.0,"key":"champ:DefensiveTrainingManual"},{"floor":23.0,"key":"Whetstone"},{"floor":24.0,"key":"Kunai"},{"floor":30.0,"key":"CeramicFish"},{"floor":38,"key":"Unceasing Top"},{"floor":41,"key":"StrikeDummy"},{"floor":45,"key":"War Paint"}],"event_choices":[{"damage_healed":0.0,"max_hp_gain":0.0,"max_hp_loss":0.0,"gold_gain":0.0,"event_name":"Living Wall","player_choice":"Grow","floor":8.0,"gold_loss":0.0,"damage_taken":0.0,"cards_upgraded":["champ:Taunt"]},{"damage_healed":0,"gold_gain":0,"player_choice":"Fight","damage_taken":0,"max_hp_gain":0,"max_hp_loss":0,"event_name":"Mysterious Sphere","floor":38,"gold_loss":0},{"cards_removed":["champ:Control"],"damage_healed":0,"gold_gain":0,"player_choice":"Removed Skill","damage_taken":0,"max_hp_gain":0,"max_hp_loss":0,"event_name":"Falling","floor":44,"gold_loss":0}],"is_beta":false,"boss_relics":[{"not_picked":["Runic Pyramid","Coffee Dripper"],"picked":"expansioncontent:StudyCardRelic"},{"not_picked":["Snecko Eye","Pandora\u0027s Box"],"picked":"Tiny House"}],"items_purged_floors":[42],"is_endless":false,"potions_floor_spawned":[6,13,14,16,21,23,29,30,32,39,48,49],"ascension_level":3}}