{"host":"q8tqju4nyh10krg5","time":1609008779,"event":{"mods":["Act Like it!","BaseMod","Gensokyo","Minty Spire (QoL Compilation)","Pale of the Ancients","Spicy Shops","StSLib","Wide Potions","thorton"],"gold_per_floor":[152,152,152,152,152,152,184,184,184,187,210,68,69,70,71,186,189,219,0,115,42,73,119,121,153,156,171,229,278,295,96,97,217,221,261,295,300,10,10,60,61,105,107,109,111,142,144,156,159,168],"floor_reached":51,"playtime":2629,"items_purged":["Normality","Injury","thethorton:Strike"],"score":945,"play_id":"689359ad-6c2d-4097-879b-f1c2f26c9ffe","local_time":"20201226195259","is_ascension_mode":true,"campfire_choices":[{"data":"thethorton:Heckle","floor":6,"key":"SMITH"},{"data":"thethorton:ScalingIsWin","floor":8,"key":"SMITH"},{"data":"thethorton:BookBash","floor":10,"key":"SMITH"},{"data":"thethorton:CannonShot","floor":13,"key":"SMITH"},{"data":"thethorton:GoldBuffer","floor":15,"key":"SMITH"},{"floor":24,"key":"REST"},{"floor":27,"key":"REST"},{"floor":32,"key":"REST"},{"floor":41,"key":"REST"},{"floor":45,"key":"REST"},{"data":"Gensokyo:ShootingStar","floor":47,"key":"SMITH"},{"floor":49,"key":"DIG"}],"circlet_count":0,"master_deck":["thethorton:Strike","thethorton:Strike","thethorton:Defend","thethorton:Defend+1","thethorton:Defend+1","thethorton:Defend","thethorton:Heckle+1","thethorton:CreditCard","thethorton:BookBash+1","thethorton:CannonShot+1","thethorton:PowerUp+1","thethorton:ScalingIsWin+1","thethorton:GoldBuffer+1","thethorton:TemporalBlast+1","thethorton:PowerUp","thethorton:PocketChange","thethorton:DualBap","Gensokyo:ShootingStar+1","thethorton:Siphon","thethorton:CannonShot","thethorton:CardboardBox","thethorton:BattleTrash","Gensokyo:UnhurriedMind+1"],"relics":["thethorton:CouragePotion","NeowsBlessing","Nunchaku","Gambling Chip","thethorton:BankDeed","OrangePellets","Sozu","Incense Burner","Shovel","Smiling Mask","MawBank","Gensokyo:RedStar","Blood Vial","FossilizedHelix","Cursed Key","HornCleat","MealTicket","StrikeDummy"],"acts_visited":["Gensokyo:Gensokyo","Gensokyo:Gensokyoer","Gensokyo:Gensokyoest"],"potions_floor_usage":[20],"damage_taken":[{"damage":0,"enemies":"Gensokyo:2_Kodama","floor":1,"turns":1},{"damage":0,"enemies":"Gensokyo:Cirno","floor":7,"turns":2},{"damage":0,"enemies":"Gensokyo:Gryphon","floor":11,"turns":1},{"damage":34,"enemies":"Gensokyo:Kokoro","floor":16,"turns":9},{"damage":18,"enemies":"Gensokyo:CosmicMonolith","floor":18,"turns":5},{"damage":70,"enemies":"Gensokyo:CosmicMonolith","floor":20,"turns":13},{"damage":1,"enemies":"Gensokyo:2_Gloops","floor":22,"turns":5},{"damage":31,"enemies":"Gensokyo:Koishi","floor":23,"turns":5},{"damage":13,"enemies":"Gensokyo:Swordslinger","floor":25,"turns":5},{"damage":0,"enemies":"Gensokyo:Wraith","floor":28,"turns":5},{"damage":24,"enemies":"Gensokyo:Monolith_and_Dog","floor":29,"turns":6},{"damage":1,"enemies":"Gensokyo:Eiki","floor":33,"turns":6},{"damage":47,"enemies":"Gensokyo:3_Boulders","floor":35,"turns":5},{"damage":17,"enemies":"Gensokyo:AncientGuardian","floor":36,"turns":6},{"damage":0,"enemies":"Gensokyo:Marisa","floor":40,"turns":6},{"damage":0,"enemies":"Gensokyo:Kasen","floor":42,"turns":6},{"damage":3,"enemies":"Gensokyo:4_Bats","floor":46,"turns":6},{"damage":0,"enemies":"Gensokyo:4_Bats","floor":48,"turns":7},{"damage":1,"enemies":"Gensokyo:Yuyuko","floor":50,"turns":7}],"seed_played":"4849603340245261548","potions_obtained":[{"floor":1,"key":"SkillPotion"},{"floor":11,"key":"FairyPotion"}],"is_trial":false,"path_per_floor":["M","?","?","?","?","R","E","R","T","R","M","$","R","COS","R","B",null,"M","?","?","$","M","E","R","M","T","R","M","M","?","$","R","B",null,"M","M","?","$","?","E","R","E","T","?","R","M","R","?","R","B",null],"character_chosen":"THE_THORT","items_purchased":["OrangePellets","Blood Vial","FossilizedHelix","HornCleat"],"campfire_rested":5,"item_purchase_floors":[12,31,31,38],"current_hp_per_floor":[68,68,68,68,68,68,68,68,68,68,68,68,68,68,68,34,68,50,50,41,41,40,9,29,16,16,36,36,12,12,12,32,67,68,21,6,6,6,6,8,28,30,30,30,50,49,49,49,49,49],"gold":171,"neow_bonus":"THREE_ENEMY_KILL","is_daily":false,"chose_seed":false,"campfire_upgraded":6,"win_rate":0.0,"timestamp":1609008779,"path_taken":["M","?","?","?","?","R","E","R","T","R","?","$","R","COS","R","BOSS","M","?","?","$","M","E","R","M","T","R","?","M","?","?","R","BOSS","M","M","?","?","?","E","R","E","T","?","R","M","R","?","R","BOSS"],"items_purchased_type":["Relic","Relic","Relic","Relic"],"build_version":"2020-12-22","purchased_purges":3,"victory":true,"max_hp_per_floor":[68,68,68,68,68,68,68,68,68,68,68,68,68,68,68,68,68,68,68,68,68,68,68,68,68,68,68,68,68,68,68,68,68,68,68,68,68,68,68,68,68,68,68,68,68,68,68,68,68,68],"card_choices":[{"not_picked":["thethorton:ToxicGreed","thethorton:FearfulRun"],"picked":"thethorton:BookBash","floor":1},{"not_picked":["thethorton:AngerMoment","thethorton:DualBap"],"picked":"thethorton:CannonShot","floor":4},{"not_picked":["thethorton:ToxicGreed","thethorton:Rebalance"],"picked":"thethorton:ScalingIsWin","floor":7},{"not_picked":["thethorton:RunningKick","thethorton:Distance"],"picked":"thethorton:GoldBuffer","floor":11},{"not_picked":["thethorton:CardboardBox","thethorton:Jackpot"],"picked":"thethorton:TemporalBlast","floor":16},{"not_picked":["thethorton:FocusStrength","thethorton:ToxicGreed"],"picked":"thethorton:PowerUp","floor":18},{"not_picked":["thethorton:HedgeFund","thethorton:SeeingDouble","thethorton:DownPayment+1"],"picked":"SKIP","floor":22},{"not_picked":["thethorton:DoubleRun+1","thethorton:DesperateRun","thethorton:StampSmack"],"picked":"SKIP","floor":23},{"not_picked":["thethorton:SheetShred","thethorton:RunningFeint"],"picked":"thethorton:PocketChange","floor":25},{"not_picked":["thethorton:DualBap","thethorton:BusinessBoom","thethorton:BusinessBurst+1"],"picked":"SKIP","floor":28},{"not_picked":["thethorton:BusinessBoom","thethorton:BusinessBurst+1"],"picked":"thethorton:DualBap","floor":28},{"not_picked":["thethorton:DockPay","thethorton:AngerMoment+1","thethorton:StampSmack"],"picked":"SKIP","floor":29},{"not_picked":[],"picked":"Gensokyo:ShootingStar","floor":33},{"not_picked":["thethorton:Portfolio","thethorton:MidnightStrike"],"picked":"thethorton:Siphon","floor":33},{"not_picked":["thethorton:AngerMoment","thethorton:PocketChange+1"],"picked":"thethorton:CannonShot","floor":35},{"not_picked":["thethorton:PocketChange","thethorton:SheetShred","thethorton:RichRun+1"],"picked":"SKIP","floor":36},{"not_picked":["thethorton:LongTermPayoff+1","thethorton:HedgeFund"],"picked":"thethorton:BattleTrash","floor":40},{"not_picked":["thethorton:StumblingSlap+1","thethorton:Distance+1","thethorton:DockPay"],"picked":"SKIP","floor":42},{"not_picked":["thethorton:SicklyRun","thethorton:MomentaryBreak","thethorton:FearfulRun"],"picked":"SKIP","floor":46},{"not_picked":["Gensokyo:DreamlikeParadise+1","Gensokyo:RainbowDanmaku+1"],"picked":"Gensokyo:UnhurriedMind+1","floor":48}],"player_experience":430594,"relics_obtained":[{"floor":7,"key":"Gambling Chip"},{"floor":9,"key":"thethorton:BankDeed"},{"floor":20,"key":"Incense Burner"},{"floor":20,"key":"Shovel"},{"floor":23,"key":"Smiling Mask"},{"floor":26,"key":"MawBank"},{"floor":40,"key":"MealTicket"},{"floor":42,"key":"StrikeDummy"}],"event_choices":[],"is_beta":false,"boss_relics":[{"not_picked":["thethorton:CrushedCigarette","Empty Cage"],"picked":"Sozu"},{"not_picked":["Snecko Eye","Black Star"],"picked":"Cursed Key"}],"items_purged_floors":[21,31,38],"is_endless":false,"potions_floor_spawned":[1,11,18,20,23,29,42,46],"ascension_level":4}}