{"host":"ba8edsagfc7m13s2","time":1609019977,"event":{"mods":["BaseMod","Colored Map","GifTheSpireLib","Hubris","Infinite Spire","Minty Spire (QoL Compilation)","Permanent Neow","READ ME - Guardian Mod","StSLib","The Factory","The Jungle","The Saiyan"],"gold_per_floor":[417,492,492,667,29,29,29,54,54,54,71,106,136,161,161,283,283,295,295,305,331,361,373,411,423,435,461,473,485,591,603,615,787,799,885,1007,1127,788,788,788,788,811,811,65,131,165,185,272,272,485,485,606,606,740,238,376,403,592,592,646,646,835,835,277,437,437,644,644,664,664,152,290,365,400,400,576,658,658,772,772,831,906,906,1001,1001,1041,1069,361,361,392,449,57,57,92,92,170,170,170,285,285,450,450,525,658,658,512,512,512,512,512,552,552,552,592,608,453,453,583,583,596,596,596,622,622,622,622,622,703,737,737,771,815,850,850,850],"floor_reached":134,"playtime":30115,"items_purged":["Devotion"],"score":4114,"play_id":"42baf6e4-16d9-475b-80d5-c14d958a81b2","local_time":"20201226225937","daily_mods":["SealedDeck","Shiny","Heirloom","Flight","DeadlyEvents","Elite Swarm","Night Terrors"],"is_ascension_mode":false,"campfire_choices":[{"data":"Omniscience","floor":6.0,"key":"SMITH"},{"data":"Judgement","floor":7.0,"key":"SMITH"},{"data":"Echo Form","floor":10.0,"key":"SMITH"},{"data":"Omniscience","floor":15.0,"key":"SMITH"},{"data":"Omniscience","floor":23.0,"key":"SMITH"},{"data":"Wish","floor":25.0,"key":"SMITH"},{"data":"Fasting2","floor":28.0,"key":"SMITH"},{"data":"Perseverance","floor":32.0,"key":"SMITH"},{"data":"Pain","floor":40.0,"key":"PURGE"},{"data":"Secret Weapon","floor":41.0,"key":"SMITH"},{"data":"Omniscience","floor":49.0,"key":"SMITH"},{"data":"LessonLearned","floor":59.0,"key":"SMITH"},{"data":"Omniscience","floor":61.0,"key":"SMITH"},{"data":"Nirvana","floor":66.0,"key":"SMITH"},{"data":"LikeWater","floor":75.0,"key":"SMITH"},{"data":"Omniscience","floor":78.0,"key":"SMITH"},{"data":"Nirvana","floor":80.0,"key":"SMITH"},{"data":"TalkToTheHand","floor":83.0,"key":"SMITH"},{"data":"Apotheosis","floor":93.0,"key":"SMITH"},{"data":"Omniscience","floor":95.0,"key":"SMITH"},{"data":"Omniscience","floor":98.0,"key":"SMITH"},{"data":"Nirvana","floor":100.0,"key":"SMITH"},{"data":"hubris:InfiniteBlow+2","floor":108.0,"key":"SMITH"},{"data":"hubris:InfiniteBlow+3","floor":109.0,"key":"SMITH"},{"data":"hubris:InfiniteBlow+4","floor":110.0,"key":"SMITH"},{"data":"hubris:InfiniteBlow+5","floor":112.0,"key":"SMITH"},{"data":"hubris:InfiniteBlow+8","floor":113,"key":"SMITH"},{"data":"hubris:InfiniteBlow+9","floor":117,"key":"SMITH"},{"data":"hubris:InfiniteBlow+11","floor":125,"key":"SMITH"},{"data":"hubris:InfiniteBlow+12","floor":126,"key":"SMITH"},{"data":"hubris:InfiniteBlow+13","floor":127,"key":"SMITH"},{"data":"hubris:InfiniteBlow+15","floor":130,"key":"SMITH"},{"data":"hubris:InfiniteBlow+16","floor":134,"key":"SMITH"}],"circlet_count":0,"master_deck":["Demon Form+1","Wraith Form v2+1","Echo Form+1","DevaForm+1","Judgement+1","ConjureBlade","MasterReality","Brilliance+1","Ragnarok+1","LessonLearned+1","Scrawl+1","Vault","Alpha+1","Wish+1","Omniscience+1","Establishment","SpiritShield","DevaForm+1","PathToVictory+1","Protect+1","ThirdEye","Nirvana+1","Conclude","Fasting2+1","Perseverance+1","PathToVictory+1","ThirdEye+1","LikeWater+1","WaveOfTheHand","Vault","PathToVictory","Omniscience+1","SpiritShield","Omniscience+1","Meditate+1","Wallop+1","Scrawl","Wish+1","TalkToTheHand+1","Scrawl","Ragnarok+1","TalkToTheHand+1","Wallop+1","ThirdEye+1","Secret Weapon+1","SandsOfTime+1","Panacea+1","Wireheading+1","Omniscience+1","Wish+1","Wish","Nirvana+1","SpiritShield","ConjureBlade","Omniscience+1","Nirvana+1","DeceiveReality+1","BattleHymn","TalkToTheHand","WindmillStrike","Ragnarok","LessonLearned","Omniscience+1","Wish+1","Violence","Omniscience+1","Omniscience+1","Apotheosis+1","Nirvana","Omniscience+1","Secret Technique+1","Panacea","Omniscience+1","hubris:InfiniteBlow+17","Decay"],"relics":["HolyWater","Old Coin","Eternal Feather","Art of War","Chemical X","Mercury Hourglass","Question Card","Tiny Chest","Bag of Marbles","Boot","Empty Cage","Pen Nib","MawBank","TeardropLocket","Pear","MutagenicStrength","Peace Pipe","Bronze Scales","Black Star","Ginger","Turnip","Happy Flower","WarpedTongs","Omamori","Singing Bowl","MealTicket","Du-Vu Doll","Medical Kit","Gambling Chip","Oddly Smooth Stone","Strawberry","Lizard Tail","Cursed Key","Darkstone Periapt","Letter Opener","HornCleat","Bag of Preparation","Lee\u0027s Waffle","Toy Ornithopter","SlaversCollar","Vajra","DollysMirror","Blue Candle","ClockworkSouvenir","VioletLotus","Golden Idol","Sling","Orichalcum","Lantern","Mummified Hand","Blood Vial","Orrery","Ornamental Fan","Whetstone","War Paint","Anchor","Sundial","Pantograph","FossilizedHelix"],"acts_visited":["Exordium"],"potions_floor_usage":[],"damage_taken":[{"damage":0.0,"enemies":"Small Slimes","floor":1.0,"turns":5.0},{"damage":16.0,"enemies":"Gremlin Nob","floor":8.0,"turns":3.0},{"damage":0.0,"enemies":"2 Louse","floor":11.0,"turns":1.0},{"damage":12.0,"enemies":"3 Sentries","floor":12.0,"turns":5.0},{"damage":0.0,"enemies":"Gremlin Nob","floor":13.0,"turns":2.0},{"damage":25.0,"enemies":"The Guardian","floor":16.0,"turns":7.0},{"damage":0.0,"enemies":"Spheric Guardian","floor":18.0,"turns":1.0},{"damage":0.0,"enemies":"2 Thieves","floor":20.0,"turns":1.0},{"damage":0.0,"enemies":"Book of Stabbing","floor":22.0,"turns":5.0},{"damage":27.0,"enemies":"Gremlin Leader","floor":24.0,"turns":2.0},{"damage":8.0,"enemies":"Centurion and Healer","floor":27.0,"turns":2.0},{"damage":23.0,"enemies":"Book of Stabbing","floor":30.0,"turns":5.0},{"damage":13.0,"enemies":"Collector","floor":33.0,"turns":5.0},{"damage":13.0,"enemies":"Orb Walker","floor":35.0,"turns":5.0},{"damage":0.0,"enemies":"Mind Bloom Boss Battle","floor":36.0,"turns":2.0},{"damage":0.0,"enemies":"2 Orb Walkers","floor":37.0,"turns":1.0},{"damage":0.0,"enemies":"3 Darklings","floor":45.0,"turns":1.0},{"damage":4.0,"enemies":"Giant Head","floor":46.0,"turns":6.0},{"damage":0.0,"enemies":"4 Shapes","floor":47.0,"turns":2.0},{"damage":32.0,"enemies":"Nemesis","floor":48.0,"turns":3.0},{"damage":33.0,"enemies":"Awakened One","floor":50.0,"turns":4.0},{"damage":0.0,"enemies":"Small Slimes","floor":52.0,"turns":2.0},{"damage":0.0,"enemies":"3 Sentries","floor":54.0,"turns":3.0},{"damage":0.0,"enemies":"Gremlin Nob","floor":56.0,"turns":2.0},{"damage":0.0,"enemies":"Lagavulin","floor":57.0,"turns":3.0},{"damage":0.0,"enemies":"Gremlin Nob","floor":58.0,"turns":3.0},{"damage":2.0,"enemies":"3 Sentries","floor":60.0,"turns":2.0},{"damage":0.0,"enemies":"Gremlin Nob","floor":62.0,"turns":2.0},{"damage":5.0,"enemies":"Lagavulin","floor":65.0,"turns":5.0},{"damage":0.0,"enemies":"Slime Boss","floor":67.0,"turns":1.0},{"damage":0.0,"enemies":"2 Thieves","floor":69.0,"turns":1.0},{"damage":3.0,"enemies":"Book of Stabbing","floor":72.0,"turns":1.0},{"damage":0.0,"enemies":"Slavers","floor":73.0,"turns":1.0},{"damage":2.0,"enemies":"Book of Stabbing","floor":74.0,"turns":2.0},{"damage":56.0,"enemies":"Slavers","floor":76.0,"turns":3.0},{"damage":0.0,"enemies":"Gremlin Leader","floor":77.0,"turns":1.0},{"damage":0.0,"enemies":"Slavers","floor":79.0,"turns":1.0},{"damage":0.0,"enemies":"Book of Stabbing","floor":81.0,"turns":1.0},{"damage":0.0,"enemies":"Chosen","floor":82.0,"turns":1.0},{"damage":6.0,"enemies":"Champ","floor":84.0,"turns":6.0},{"damage":0.0,"enemies":"Orb Walker","floor":86.0,"turns":4.0},{"damage":20.0,"enemies":"Reptomancer","floor":87.0,"turns":2.0},{"damage":0.0,"enemies":"Giant Head","floor":90.0,"turns":2.0},{"damage":0.0,"enemies":"Reptomancer","floor":91.0,"turns":1.0},{"damage":0.0,"enemies":"Giant Head","floor":94.0,"turns":1.0},{"damage":0.0,"enemies":"3 Shapes","floor":96.0,"turns":3.0},{"damage":53.0,"enemies":"Nemesis","floor":99.0,"turns":4.0},{"damage":5.0,"enemies":"Donu and Deca","floor":101.0,"turns":6.0},{"damage":0.0,"enemies":"Jaw Worm","floor":103.0,"turns":1.0},{"damage":0.0,"enemies":"2 Louse","floor":104.0,"turns":1.0},{"damage":0.0,"enemies":"3 Sentries","floor":111.0,"turns":2.0},{"damage":0,"enemies":"Lagavulin","floor":114,"turns":2},{"damage":0,"enemies":"Cultist","floor":115,"turns":2},{"damage":0,"enemies":"Slime Boss","floor":118,"turns":2},{"damage":0,"enemies":"Shell Parasite","floor":120,"turns":2},{"damage":0,"enemies":"theJungle:MamaSnecko","floor":129,"turns":2},{"damage":0,"enemies":"Nightmare","floor":131,"turns":5},{"damage":0,"enemies":"theJungle:MamaSnecko","floor":132,"turns":3},{"damage":0,"enemies":"theJungle:2_Phrogs","floor":133,"turns":2}],"seed_played":"-9079194862846252065","potions_obtained":[{"floor":11.0,"key":"Weak Potion"},{"floor":16.0,"key":"LiquidBronze"},{"floor":20.0,"key":"AttackPotion"},{"floor":22.0,"key":"Ancient Potion"},{"floor":24.0,"key":"PowerPotion"},{"floor":27.0,"key":"Ancient Potion"},{"floor":37.0,"key":"SpeedPotion"},{"floor":52.0,"key":"EntropicBrew"},{"floor":76.0,"key":"ColorlessPotion"},{"floor":79.0,"key":"BlessingOfTheForge"},{"floor":101.0,"key":"ColorlessPotion"},{"floor":120,"key":"Ancient Potion"},{"floor":129,"key":"LiquidMemories"}],"is_trial":true,"path_per_floor":["M","?","?","?","$","R","R","E","T","R","M","E","E","T","R","B",null,"M","?","M","T","E","R","E","R","T","M","R","?","E","T","R","B",null,"M","?","?","$","?","R","R","T","T","$","M","E","M","E","R","B",null,"M","?","E","$","E","E","E","R","E","R","E","?","$","E","R","B",null,"M","?","$","E","E","E","R","E","E","R","E","R","E","M","R","B",null,"M","E","$","?","E","E","$","R","E","R","M","?","R","E","R","B",null,"M","M","?","$","AVR","R","R","R","E","R","R","E","M","$","R","B",null,"M","AVR","?","T","?","R","R","R","T","E","R","NM","E","E","R"],"character_chosen":"WATCHER","items_purchased":["Eternal Feather","Art of War","WaveOfTheHand","Chemical X","Secret Weapon","Happy Flower","MealTicket","Du-Vu Doll","Medical Kit","SandsOfTime","Panacea","Darkstone Periapt","Letter Opener","HornCleat","Bag of Preparation","Nirvana","Lee\u0027s Waffle","BattleHymn","TalkToTheHand","WindmillStrike","Toy Ornithopter","Vajra","Violence","DollysMirror","Blue Candle","Apotheosis","ClockworkSouvenir","Nirvana","Sling","Orrery"],"campfire_rested":0,"item_purchase_floors":[5,5,5,5,38,38,44,44,44,44,44,55,55,64,64,64,71,71,71,71,71,88,88,88,88,92,92,92,106,116],"current_hp_per_floor":[72,61,61,61,61,72,72,56,56,72,72,60,60,60,72,47,72,72,59,59,59,59,77,50,74,84,76,87,87,64,64,87,74,87,74,74,74,74,74,87,87,87,87,87,87,83,85,60,90,57,96,96,96,96,96,96,98,100,100,98,100,102,107,107,104,109,111,111,111,111,118,115,117,117,122,66,66,105,105,122,124,126,126,122,128,130,112,127,142,142,144,144,144,144,144,146,138,148,97,139,139,150,152,154,154,154,154,154,154,154,156,156,156,158,160,170,170,172,172,174,174,174,174,174,174,174,174,180,182,182,184,186,188,188,188],"gold":850,"neow_bonus":"","is_daily":false,"chose_seed":false,"campfire_upgraded":32,"win_rate":0.0,"timestamp":1609019977,"path_taken":["M","?","?","?","$","R","R","E","T","R","?","?","E","?","R","BOSS","M","?","?","?","?","R","E","R","T","?","R","?","E","?","R","BOSS","M","?","?","$","?","R","R","?","T","$","M","?","M","E","R","BOSS","M","?","?","$","?","E","E","R","E","R","?","?","$","E","R","BOSS","M","?","$","?","?","E","R","?","E","R","E","R","E","?","R","BOSS","M","?","$","?","?","E","$","R","E","R","M","?","R","?","R","BOSS","M","M","?","?","$","R","R","R","E","R","NM","E","M","$","R","BOSS","M","AVR","?","?","?","R","R","R","T","E","R","NM","?","?","R"],"items_purchased_type":["Relic","Relic","Card","Relic","Card","Relic","Relic","Relic","Relic","Card","Card","Relic","Relic","Relic","Relic","Card","Relic","Card","Card","Card","Relic","Relic","Card","Relic","Relic","Card","Relic","Card","Relic","Relic"],"build_version":"2020-12-22","purchased_purges":1,"victory":false,"max_hp_per_floor":[72,72,72,72,72,72,72,72,72,72,72,72,72,72,72,72,72,72,77,77,77,77,77,77,77,87,87,87,87,87,87,87,87,87,87,87,87,87,87,87,87,87,87,87,87,87,89,96,96,96,96,96,96,96,96,96,98,100,100,100,100,102,107,107,109,109,111,111,111,111,118,118,120,122,122,122,122,122,122,122,124,126,126,128,128,130,132,132,142,142,144,144,144,144,144,146,148,148,150,150,150,150,152,154,154,154,154,154,154,154,156,156,156,158,160,170,170,172,172,174,174,174,174,174,174,174,174,180,182,182,184,186,188,188,188],"card_choices":[{"not_picked":["Study","CrushJoints","Conclude"],"picked":"SKIP","floor":1.0},{"not_picked":["DevaForm","DeusExMachina"],"picked":"Vault","floor":8.0},{"not_picked":["Consecrate","Prostrate","FlurryOfBlows"],"picked":"PathToVictory","floor":11.0},{"not_picked":["SpiritShield","Vault","Judgement"],"picked":"Omniscience","floor":12.0},{"not_picked":["DeusExMachina","Vault","ConjureBlade"],"picked":"SpiritShield","floor":13.0},{"not_picked":["Blasphemy","ConjureBlade","Alpha"],"picked":"Omniscience","floor":16.0},{"not_picked":["CrushJoints","Halt","Prostrate"],"picked":"Meditate","floor":18.0},{"not_picked":["Weave","ThirdEye","BattleHymn"],"picked":"Wallop+1","floor":20.0},{"not_picked":["Establishment","DevaForm","MasterReality"],"picked":"Scrawl","floor":22.0},{"not_picked":["Establishment","SpiritShield","Brilliance"],"picked":"Wish","floor":24.0},{"not_picked":["ThirdEye+1","Sanctity","Evaluate"],"picked":"TalkToTheHand","floor":27.0},{"not_picked":["Devotion","LessonLearned","SpiritShield"],"picked":"Scrawl","floor":30.0},{"not_picked":["LessonLearned","Establishment","Vault"],"picked":"Ragnarok","floor":33.0},{"not_picked":["WheelKick+1","FlyingSleeves","FearNoEvil"],"picked":"TalkToTheHand+1","floor":35.0},{"not_picked":["EmptyBody+1","Crescendo","WreathOfFlame+1"],"picked":"Wallop+1","floor":36.0},{"not_picked":["FlurryOfBlows","ClearTheMind","CrushJoints+1"],"picked":"ThirdEye+1","floor":37.0},{"not_picked":["Vengeance+1","PathToVictory","SandsOfTime+1"],"picked":"Wireheading+1","floor":45.0},{"not_picked":["Brilliance","Judgement","Wish"],"picked":"Omniscience","floor":46.0},{"not_picked":["FollowUp","Prostrate+1","Fasting2","Conclude"],"picked":"Singing Bowl","floor":47.0},{"not_picked":["Judgement","Vault","Blasphemy"],"picked":"Wish","floor":48.0},{"not_picked":["Scrawl","Establishment","Devotion"],"picked":"Wish","floor":50.0},{"not_picked":["CutThroughFate","Perseverance","Prostrate"],"picked":"Nirvana","floor":52.0},{"not_picked":["Blasphemy","Alpha","Devotion"],"picked":"SpiritShield","floor":54.0},{"not_picked":["Brilliance","Establishment","Devotion"],"picked":"ConjureBlade","floor":56.0},{"not_picked":["Alpha","DeusExMachina","Wish","LessonLearned"],"picked":"Singing Bowl","floor":57.0},{"not_picked":["LessonLearned","Wish","SpiritShield","Establishment"],"picked":"Singing Bowl","floor":58.0},{"not_picked":["Blasphemy","DevaForm","DeusExMachina"],"picked":"Omniscience","floor":60.0},{"not_picked":["Blasphemy","Establishment","Judgement","ConjureBlade"],"picked":"Singing Bowl","floor":62.0},{"not_picked":["Blasphemy","SpiritShield","LessonLearned","Alpha"],"picked":"Singing Bowl","floor":65.0},{"not_picked":["Wish","Judgement","Establishment","Blasphemy"],"picked":"Singing Bowl","floor":67.0},{"not_picked":["Crescendo+1","Consecrate","ClearTheMind+1"],"picked":"DeceiveReality+1","floor":69.0},{"not_picked":["Alpha","Judgement","DevaForm"],"picked":"Ragnarok","floor":72.0},{"not_picked":["Devotion","LessonLearned","Alpha","Scrawl"],"picked":"Singing Bowl","floor":73.0},{"not_picked":["Devotion","LessonLearned","Scrawl","Brilliance"],"picked":"Singing Bowl","floor":74.0},{"not_picked":["Wish","Establishment","Blasphemy"],"picked":"LessonLearned","floor":76.0},{"not_picked":["Alpha","DeusExMachina","SpiritShield"],"picked":"Omniscience","floor":77.0},{"not_picked":["Judgement","Blasphemy","SpiritShield"],"picked":"Wish","floor":79.0},{"not_picked":["SpiritShield","DeusExMachina","Blasphemy","MasterReality"],"picked":"Singing Bowl","floor":81.0},{"not_picked":["Wireheading","FollowUp","Nirvana","PathToVictory"],"picked":"Singing Bowl","floor":82.0},{"not_picked":["Brilliance","ConjureBlade","Judgement","Vault"],"picked":"Singing Bowl","floor":84.0},{"not_picked":["JustLucky+1","CarveReality+1","EmptyBody+1","EmptyFist+1"],"picked":"Singing Bowl","floor":86.0},{"not_picked":["ConjureBlade","Devotion","Scrawl","Ragnarok"],"picked":"Singing Bowl","floor":87.0},{"not_picked":["DeusExMachina","Wish","Establishment"],"picked":"Omniscience","floor":90.0},{"not_picked":["Blasphemy","DeusExMachina","Judgement","Establishment"],"picked":"Singing Bowl","floor":91.0},{"not_picked":["ConjureBlade","Blasphemy","DevaForm"],"picked":"Omniscience","floor":94.0},{"not_picked":["Consecrate+1","FollowUp","JustLucky+1","EmptyBody"],"picked":"Singing Bowl","floor":96.0},{"not_picked":["Finesse","Purity","Apotheosis"],"picked":"Secret Technique","floor":97.0},{"not_picked":["Dark Shackles","PanicButton","Jack Of All Trades"],"picked":"Panacea","floor":97.0},{"not_picked":["Mayhem","Bandage Up","PanicButton","Enlightenment"],"picked":"Singing Bowl","floor":97.0},{"not_picked":["Devotion","Vault","Scrawl","Judgement"],"picked":"Singing Bowl","floor":99.0},{"not_picked":["Blasphemy","Scrawl","Establishment"],"picked":"Omniscience","floor":101.0},{"not_picked":["Fasting2","ThirdEye","Evaluate","Prostrate"],"picked":"Singing Bowl","floor":103.0},{"not_picked":["ClearTheMind","SashWhip","Fasting2","EmptyMind"],"picked":"Singing Bowl","floor":104.0},{"not_picked":["Judgement","ConjureBlade","Omniscience","Vault"],"picked":"Singing Bowl","floor":111.0},{"not_picked":["DevaForm","LessonLearned","Establishment","Scrawl"],"picked":"Singing Bowl","floor":114},{"not_picked":["FollowUp","CrushJoints","Worship","Evaluate"],"picked":"Singing Bowl","floor":115},{"not_picked":["Pray","Halt","CrushJoints","CutThroughFate"],"picked":"Singing Bowl","floor":116},{"not_picked":["Consecrate","Crescendo","Vengeance","Prostrate"],"picked":"Singing Bowl","floor":116},{"not_picked":["Tantrum","Omniscience","Evaluate","JustLucky"],"picked":"Singing Bowl","floor":116},{"not_picked":["CutThroughFate","FollowUp","Consecrate","Fasting2"],"picked":"Singing Bowl","floor":116},{"not_picked":["EmptyBody","Judgement","JustLucky","Halt"],"picked":"Singing Bowl","floor":116},{"not_picked":["Judgement","LessonLearned","Ragnarok","MasterReality"],"picked":"Singing Bowl","floor":118},{"not_picked":["Prostrate","FlyingSleeves","JustLucky","Worship"],"picked":"Singing Bowl","floor":120},{"not_picked":["Ragnarok","Judgement","LessonLearned","Omniscience"],"picked":"Singing Bowl","floor":129},{"not_picked":["Establishment","Brilliance","Omniscience","DeusExMachina"],"picked":"Singing Bowl","floor":131},{"not_picked":["Omniscience","MasterReality","Judgement","ConjureBlade"],"picked":"Singing Bowl","floor":132},{"not_picked":["Vault","Ragnarok","LessonLearned","Omniscience"],"picked":"Singing Bowl","floor":133}],"player_experience":2300395,"relics_obtained":[{"floor":8.0,"key":"Mercury Hourglass"},{"floor":9.0,"key":"Question Card"},{"floor":12.0,"key":"Tiny Chest"},{"floor":13.0,"key":"Bag of Marbles"},{"floor":14.0,"key":"Boot"},{"floor":21.0,"key":"Pen Nib"},{"floor":22.0,"key":"MawBank"},{"floor":24.0,"key":"TeardropLocket"},{"floor":26.0,"key":"Pear"},{"floor":30.0,"key":"Peace Pipe"},{"floor":31.0,"key":"Bronze Scales"},{"floor":36.0,"key":"Ginger"},{"floor":37.0,"key":"Turnip"},{"floor":42.0,"key":"Omamori"},{"floor":43.0,"key":"Singing Bowl"},{"floor":46.0,"key":"Gambling Chip"},{"floor":46.0,"key":"Oddly Smooth Stone"},{"floor":48.0,"key":"Strawberry"},{"floor":48.0,"key":"Lizard Tail"},{"floor":111.0,"key":"Orichalcum"},{"floor":111.0,"key":"Lantern"},{"floor":114,"key":"Mummified Hand"},{"floor":114,"key":"Blood Vial"},{"floor":128,"key":"Ornamental Fan"},{"floor":129,"key":"Whetstone"},{"floor":131,"key":"War Paint"},{"floor":131,"key":"Anchor"},{"floor":132,"key":"Sundial"},{"floor":133,"key":"Pantograph"},{"floor":133,"key":"FossilizedHelix"}],"event_choices":[{"damage_healed":0.0,"max_hp_gain":0.0,"max_hp_loss":0.0,"gold_gain":75.0,"event_name":"World of Goop","player_choice":"Gather Gold","floor":2.0,"gold_loss":0.0,"damage_taken":11.0},{"damage_healed":0.0,"max_hp_gain":0.0,"max_hp_loss":0.0,"gold_gain":0.0,"event_name":"Shining Light","player_choice":"Ignored","floor":3.0,"gold_loss":0.0,"damage_taken":0.0},{"damage_healed":0.0,"max_hp_gain":0.0,"max_hp_loss":0.0,"gold_gain":175.0,"event_name":"Liars Game","player_choice":"AGREE","floor":4.0,"gold_loss":0.0,"damage_taken":0.0,"cards_obtained":["Doubt"]},{"damage_healed":0.0,"max_hp_gain":5.0,"max_hp_loss":0.0,"gold_gain":0.0,"event_name":"Forgotten Altar","player_choice":"Shed Blood","floor":19.0,"gold_loss":0.0,"damage_taken":18.0},{"damage_healed":0.0,"max_hp_gain":0.0,"max_hp_loss":0.0,"gold_gain":0.0,"event_name":"Drug Dealer","player_choice":"Inject Mutagens","floor":29.0,"gold_loss":0.0,"damage_taken":0.0,"relics_obtained":["MutagenicStrength"]},{"damage_healed":0.0,"max_hp_gain":0.0,"max_hp_loss":0.0,"gold_gain":0.0,"event_name":"MindBloom","player_choice":"Fight","floor":36.0,"gold_loss":0.0,"damage_taken":0.0},{"damage_healed":0.0,"max_hp_gain":0.0,"max_hp_loss":0.0,"gold_gain":0.0,"event_name":"Mysterious Sphere","player_choice":"Fight","floor":37.0,"gold_loss":0.0,"damage_taken":0.0},{"damage_healed":0.0,"max_hp_gain":0.0,"max_hp_loss":0.0,"gold_gain":0.0,"event_name":"Accursed Blacksmith","player_choice":"Rummage","floor":39.0,"gold_loss":0.0,"damage_taken":0.0,"relics_obtained":["WarpedTongs"],"cards_obtained":["Pain"]},{"damage_healed":0.0,"max_hp_gain":0.0,"max_hp_loss":0.0,"gold_gain":0.0,"event_name":"The Woman in Blue","player_choice":"Bought 0 Potions","floor":53.0,"gold_loss":0.0,"damage_taken":0.0},{"damage_healed":0.0,"max_hp_gain":5.0,"max_hp_loss":0.0,"gold_gain":0.0,"event_name":"Big Fish","player_choice":"Donut","floor":63.0,"gold_loss":0.0,"damage_taken":0.0},{"damage_healed":0.0,"max_hp_gain":0.0,"max_hp_loss":0.0,"gold_gain":0.0,"event_name":"Drug Dealer","player_choice":"Obtain J.A.X.","floor":70.0,"gold_loss":0.0,"damage_taken":0.0,"cards_obtained":["J.A.X."]},{"cards_removed":["Blasphemy"],"damage_healed":5.0,"max_hp_gain":10.0,"max_hp_loss":0.0,"gold_gain":0.0,"event_name":"Bonfire Elementals","player_choice":"Offered Rare","floor":89.0,"gold_loss":0.0,"damage_taken":0.0},{"damage_healed":0.0,"max_hp_gain":0.0,"max_hp_loss":0.0,"gold_gain":0.0,"event_name":"SensoryStone","player_choice":"Memory 3","floor":97.0,"gold_loss":0.0,"damage_taken":10.0},{"damage_healed":0.0,"max_hp_gain":0.0,"max_hp_loss":0.0,"gold_gain":0.0,"event_name":"Golden Idol","player_choice":"Take Wound","floor":105.0,"gold_loss":0.0,"damage_taken":0.0,"relics_obtained":["Golden Idol"],"cards_obtained":["Injury"]},{"cards_removed":["J.A.X."],"damage_healed":0,"gold_gain":0,"player_choice":"Card Removal","damage_taken":0,"max_hp_gain":0,"max_hp_loss":0,"event_name":"Wheel of Change","floor":122,"gold_loss":0},{"damage_healed":0,"gold_gain":0,"player_choice":"Upgraded","damage_taken":0,"max_hp_gain":0,"max_hp_loss":0,"event_name":"Upgrade Shrine","floor":124,"gold_loss":0,"cards_upgraded":["hubris:InfiniteBlow"]}],"is_beta":false,"boss_relics":[{"not_picked":["Runic Dome","Ectoplasm"],"picked":"Empty Cage"},{"not_picked":["Philosopher\u0027s Stone","Sozu"],"picked":"Black Star"},{"not_picked":["Velvet Choker","Runic Pyramid"],"picked":"Cursed Key"},{"not_picked":["Sozu","Busted Crown","Fusion Hammer"]},{"not_picked":["Snecko Eye","Runic Dome"],"picked":"SlaversCollar"},{"not_picked":["Coffee Dripper","Astrolabe"],"picked":"VioletLotus"},{"not_picked":["Fusion Hammer","Astrolabe"],"picked":"HolyWater"}],"items_purged_floors":[64],"is_endless":true,"potions_floor_spawned":[11,16,20,22,24,27,35,37,46,52,62,65,69,76,79,84,86,96,99,101,111,114,115,120,129],"ascension_level":0}}