{"host":"lix655q3qm1o3wym","time":1609026083,"event":{"mods":["Act Like it!","BaseMod","Colored Powertips","Downfall","Minty Spire (QoL Compilation)","StSLib"],"gold_per_floor":[99,111,126,426,526,526,581,591,625,625,655,676,676,699,720,720,720,720],"floor_reached":16,"playtime":788,"items_purged":[],"score":118,"play_id":"5d0daa2f-16ec-415e-80fa-2025d73d5b53","local_time":"20201226164123","is_ascension_mode":true,"campfire_choices":[{"data":"hexamod:Sear","floor":1,"key":"SMITH"},{"data":"hexamod:RetreatToShadows","floor":6,"key":"SMITH"},{"floor":10,"key":"REST"}],"circlet_count":0,"master_deck":["hexamod:Strike","hexamod:Strike","hexamod:Strike","hexamod:Strike","hexamod:Defend","hexamod:Defend","hexamod:Defend","hexamod:Defend","hexamod:Sear+1","hexamod:Float","hexamod:RetreatToShadows+1","Slimebound:Icky","Slimebound:Icky","hexamod:FourthSeal","hexamod:SecondSeal","hexamod:EtherealExpedition","hexamod:FastForward","hexamod:BurningTouch"],"relics":["Busted Crown","Bag of Preparation","Question Card","Oddly Smooth Stone"],"acts_visited":["Exordium"],"potions_floor_usage":[9,12,12,12,14,16,16],"damage_taken":[{"damage":0,"enemies":"Cultist","floor":2,"turns":3},{"damage":11,"enemies":"Jaw Worm","floor":3,"turns":3},{"damage":5,"enemies":"2 Louse","floor":8,"turns":2},{"damage":18,"enemies":"Gremlin Nob","floor":9,"turns":4},{"damage":28,"enemies":"3 Sentries","floor":11,"turns":8},{"damage":5,"enemies":"2 Fungi Beasts","floor":12,"turns":3},{"damage":16,"enemies":"Red Slaver","floor":14,"turns":5},{"damage":12,"enemies":"3 Louse","floor":15,"turns":4},{"damage":26,"enemies":"downfall:Ironclad","floor":16,"turns":3}],"seed_played":"1160712218683999257","potions_obtained":[{"floor":8,"key":"champ:CounterPotion"},{"floor":9,"key":"Energy Potion"},{"floor":9,"key":"Swift Potion"},{"floor":11,"key":"LiquidBronze"},{"floor":12,"key":"AttackPotion"},{"floor":12,"key":"Fruit Juice"},{"floor":14,"key":"Energy Potion"},{"floor":15,"key":"Guardian:BlockOnCardUsePotion"}],"is_trial":false,"path_per_floor":["R","M","M","?","?","R","T","M","E","R","E","M","?","M","M","B"],"character_chosen":"THE_SPIRIT","items_purchased":[],"campfire_rested":1,"item_purchase_floors":[],"current_hp_per_floor":[70,70,59,59,59,59,59,54,36,57,29,29,54,38,26,0,0,0],"gold":720,"neow_bonus":"BOSS_RELIC","is_daily":false,"chose_seed":false,"campfire_upgraded":2,"win_rate":0.0,"timestamp":1609026083,"path_taken":["R","M","M","?","?","R","T","?","E","R","E","M","?","M","M","BOSS"],"items_purchased_type":[],"build_version":"2020-12-22","purchased_purges":0,"victory":false,"max_hp_per_floor":[70,70,70,70,70,70,70,70,70,70,70,75,75,75,75,75,75,75],"card_choices":[{"not_picked":["hexamod:SwordOfDarkness"],"picked":"SKIP","floor":2},{"not_picked":[],"picked":"hexamod:RetreatToShadows","floor":3},{"not_picked":[],"picked":"hexamod:FourthSeal","floor":8},{"not_picked":["hexamod:AdvancingGuard"],"picked":"SKIP","floor":9},{"not_picked":["hexamod:RainOfEmbers"],"picked":"hexamod:SecondSeal","floor":11},{"not_picked":["hexamod:FastForward"],"picked":"hexamod:EtherealExpedition","floor":12},{"not_picked":["hexamod:Firestarter"],"picked":"hexamod:FastForward","floor":14},{"not_picked":["hexamod:Firestarter"],"picked":"hexamod:BurningTouch","floor":15}],"player_experience":576422,"relics_obtained":[{"floor":7,"key":"Bag of Preparation"},{"floor":9,"key":"Question Card"},{"floor":11,"key":"Oddly Smooth Stone"}],"event_choices":[{"damage_healed":25,"gold_gain":0,"player_choice":"Banana","damage_taken":0,"max_hp_gain":0,"max_hp_loss":0,"event_name":"Big Fish","floor":13,"gold_loss":0}],"is_beta":false,"boss_relics":[],"items_purged_floors":[],"is_endless":false,"potions_floor_spawned":[8,9,11,12],"killed_by":"downfall:Ironclad","ascension_level":1}}