{"host":"nnxvcju6x1qybncj","time":1609007368,"event":{"mods":["BaseMod","Displayed Cursed Tome","Downfall","Jorbs\u0027s Wanderer Trilogy","Minty Spire (QoL Compilation)","Quick Restart","StSLib","The Construct","The Cursed","The Disciple","The Hierophant","The Judge","The Necromancer","The Spell Scribe","TheFirefly"],"gold_per_floor":[99,111,111,131,131,148,217,228,228,228,228,253,253,264,282,282,282,282],"floor_reached":16,"playtime":773,"items_purged":[],"score":102,"play_id":"b83518aa-ec73-4802-902c-9a2d8aa1c598","local_time":"20201226192928","is_ascension_mode":false,"campfire_choices":[{"data":"champ:Execute","floor":1,"key":"SMITH"},{"data":"champ:Shatter","floor":9,"key":"SMITH"},{"data":"champ:StanceDance","floor":11,"key":"SMITH"},{"floor":13,"key":"REST"}],"circlet_count":0,"master_deck":["champ:Strike","champ:Strike","champ:Defend","champ:Defend","champ:Defend","champ:Defend","champ:Execute+1","champ:Taunt","champ:StanceDance+1","champ:TornadoPunch","champ:Shatter+1","champ:Haymaker+1","champ:BerserkerStyle","champ:GladiatorsShout","champ:ShieldWall"],"relics":["champ:ChampionCrown","Unceasing Top","Molten Egg 2","Shuriken"],"acts_visited":["Exordium"],"potions_floor_usage":[16,16,16],"damage_taken":[{"damage":20,"enemies":"Small Slimes","floor":2,"turns":5},{"damage":9,"enemies":"Jaw Worm","floor":4,"turns":4},{"damage":9,"enemies":"Cultist","floor":6,"turns":4},{"damage":10,"enemies":"2 Fungi Beasts","floor":8,"turns":4},{"damage":48,"enemies":"Lagavulin","floor":12,"turns":7},{"damage":19,"enemies":"Lots of Slimes","floor":14,"turns":3},{"damage":23,"enemies":"Large Slime","floor":15,"turns":5},{"damage":43,"enemies":"downfall:Silent","floor":16,"turns":4}],"seed_played":"-4100473015409109979","potions_obtained":[{"floor":2,"key":"CultistPotion"},{"floor":8,"key":"BlessingOfTheForge"},{"floor":12,"key":"SpeedPotion"},{"floor":15,"key":"AttackPotion"}],"is_trial":false,"path_per_floor":["R","M","?","M","?","M","T","M","R","?","R","E","R","M","M","B"],"character_chosen":"THE_CHAMP","items_purchased":[],"campfire_rested":1,"item_purchase_floors":[],"current_hp_per_floor":[99,89,82,78,78,77,77,72,72,72,72,35,64,50,41,0,0,0],"gold":282,"neow_bonus":"TEN_PERCENT_HP_BONUS","is_daily":false,"chose_seed":false,"campfire_upgraded":3,"win_rate":0.0,"timestamp":1609007368,"path_taken":["R","M","?","M","?","M","T","M","R","?","R","E","R","?","M","BOSS"],"items_purchased_type":[],"build_version":"2020-12-22","purchased_purges":0,"victory":false,"max_hp_per_floor":[99,99,99,99,99,99,99,99,99,99,99,99,99,99,99,99,99,99],"card_choices":[{"not_picked":["champ:BladeFlurry","champ:Circumvent"],"picked":"champ:StanceDance","floor":2},{"not_picked":["champ:Backstep","champ:RapidStrikes"],"picked":"champ:TornadoPunch","floor":4},{"not_picked":["champ:ArenaPreparation","champ:BladeFlurry"],"picked":"champ:Shatter","floor":6},{"not_picked":["champ:StanceDance","champ:HeartStrike+1"],"picked":"champ:Haymaker+1","floor":8},{"not_picked":["champ:SkillfulDodge","champ:FocusedBerserking"],"picked":"champ:BerserkerStyle","floor":12},{"not_picked":["champ:TornadoPunch+1","champ:HeavySlash+1"],"picked":"champ:GladiatorsShout","floor":14},{"not_picked":["champ:AdrenalArmor","champ:GladiatorsShout"],"picked":"champ:ShieldWall","floor":15}],"player_experience":735384,"relics_obtained":[{"floor":7,"key":"Molten Egg 2"},{"floor":12,"key":"Shuriken"}],"event_choices":[{"damage_healed":0,"gold_gain":0,"player_choice":"Success","damage_taken":7,"relics_obtained":["Unceasing Top"],"max_hp_gain":0,"max_hp_loss":0,"event_name":"Scrap Ooze","floor":3,"gold_loss":0},{"cards_removed":["champ:Strike"],"damage_healed":0,"gold_gain":0,"player_choice":"Offered Basic","damage_taken":0,"max_hp_gain":0,"max_hp_loss":0,"event_name":"Bonfire Elementals","floor":10,"gold_loss":0}],"is_beta":false,"boss_relics":[],"items_purged_floors":[],"is_endless":false,"potions_floor_spawned":[2,8,12,15],"killed_by":"downfall:Silent","ascension_level":0}}