{"host":"lhth1efayex2023z","time":1609015029,"event":{"mods":["BaseMod","Colored Map","Googly Eyes","Minty Spire (QoL Compilation)","StSLib"],"gold_per_floor":[115,131,206,224,399,431,461,461,461,461,486,486,518,43,43,142,142,154,169,14,30,129,129,129],"floor_reached":23,"playtime":917,"items_purged":["Regret","Doubt"],"score":321,"play_id":"25cb8f6b-f2f2-4361-9b4a-22256fb85b67","local_time":"20201226133709","is_ascension_mode":true,"campfire_choices":[{"data":"Bash","floor":8.0,"key":"SMITH"},{"floor":12.0,"key":"REST"},{"floor":15,"key":"REST"}],"circlet_count":0,"master_deck":["AscendersBane","Strike_R","Strike_R","Strike_R","Strike_R","Strike_R","Defend_R","Defend_R","Defend_R","Defend_R","Bash+1","Twin Strike","Ghostly Armor","Rage","Metallicize","Blood for Blood+1","Entrench","Pummel+1","Limit Break","Barricade","Impatience","Inflame"],"relics":["Burning Blood","Molten Egg 2","Shuriken","InkBottle","The Courier","Ginger","Toy Ornithopter","Happy Flower","Girya","Coffee Dripper"],"acts_visited":["Exordium","TheCity"],"potions_floor_usage":[16,23],"damage_taken":[{"damage":14.0,"enemies":"Jaw Worm","floor":1.0,"turns":5.0},{"damage":6.0,"enemies":"Cultist","floor":2.0,"turns":4.0},{"damage":4.0,"enemies":"2 Louse","floor":4.0,"turns":3.0},{"damage":22.0,"enemies":"Lagavulin","floor":6.0,"turns":11.0},{"damage":33.0,"enemies":"Gremlin Nob","floor":11.0,"turns":5.0},{"damage":44.0,"enemies":"3 Sentries","floor":13.0,"turns":12.0},{"damage":34,"enemies":"The Guardian","floor":16,"turns":13},{"damage":11,"enemies":"3 Byrds","floor":18,"turns":6},{"damage":4,"enemies":"Shell Parasite","floor":19,"turns":3},{"damage":54,"enemies":"3 Cultists","floor":21,"turns":8},{"damage":39,"enemies":"Book of Stabbing","floor":23,"turns":4}],"seed_played":"3892595580269288297","potions_obtained":[{"floor":1.0,"key":"HeartOfIron"},{"floor":2.0,"key":"Energy Potion"},{"floor":6.0,"key":"ElixirPotion"},{"floor":11.0,"key":"Weak Potion"},{"floor":21,"key":"Regen Potion"}],"is_trial":false,"path_per_floor":["M","M","?","M","?","E","?","R","T","?","E","R","E","$","R","B",null,"M","M","$","M","?","E"],"character_chosen":"IRONCLAD","items_purchased":["Happy Flower","Girya","Pummel+1","Impatience"],"campfire_rested":2,"item_purchase_floors":[14,14,14,20],"current_hp_per_floor":[72,72,64,66,66,50,50,50,50,50,23,49,11,11,37,14,70,65,67,67,19,19,0,0],"gold":129,"neow_bonus":"TEN_PERCENT_HP_BONUS","is_daily":false,"chose_seed":false,"campfire_upgraded":1,"win_rate":0.0,"timestamp":1609015029,"path_taken":["M","M","?","?","?","E","?","R","T","?","E","R","E","$","R","BOSS","M","M","$","M","?","E"],"items_purchased_type":["Relic","Relic","Card","Card"],"build_version":"2020-12-22","purchased_purges":2,"victory":false,"max_hp_per_floor":[88,88,88,88,88,88,88,88,88,88,88,88,88,88,88,88,88,88,88,88,88,88,88,88],"card_choices":[{"not_picked":["Wild Strike","Clothesline"],"picked":"Twin Strike","floor":1.0},{"not_picked":["Sword Boomerang","Evolve"],"picked":"Ghostly Armor","floor":2.0},{"not_picked":["Sentinel","Flex"],"picked":"Rage","floor":4.0},{"not_picked":["Ghostly Armor","Cleave+1"],"picked":"Metallicize","floor":6.0},{"not_picked":["Clothesline+1","True Grit"],"picked":"Blood for Blood+1","floor":11.0},{"not_picked":["Dropkick+1","Searing Blow+1"],"picked":"Entrench","floor":13.0},{"not_picked":["Corruption","Brutality"],"picked":"Limit Break","floor":16},{"not_picked":["True Grit","Ghostly Armor","Cleave+1"],"picked":"SKIP","floor":18},{"not_picked":["Clash+1","Shockwave"],"picked":"Barricade","floor":19},{"not_picked":["Hemokinesis+1","Clothesline+1"],"picked":"Inflame","floor":21}],"player_experience":408372,"relics_obtained":[{"floor":6.0,"key":"Molten Egg 2"},{"floor":9.0,"key":"InkBottle"},{"floor":11.0,"key":"Ginger"},{"floor":13.0,"key":"Toy Ornithopter"}],"event_choices":[{"damage_healed":0.0,"max_hp_gain":0.0,"max_hp_loss":0.0,"gold_gain":75.0,"event_name":"FaceTrader","player_choice":"Touch","floor":3.0,"gold_loss":0.0,"damage_taken":8.0},{"damage_healed":0.0,"max_hp_gain":0.0,"max_hp_loss":0.0,"gold_gain":175.0,"event_name":"Liars Game","player_choice":"AGREE","floor":5.0,"gold_loss":0.0,"damage_taken":0.0,"cards_obtained":["Doubt"]},{"damage_healed":0.0,"max_hp_gain":0.0,"max_hp_loss":0.0,"gold_gain":30.0,"event_name":"Dead Adventurer","player_choice":"Searched \u00272\u0027 times","floor":7.0,"gold_loss":0.0,"damage_taken":0.0,"relics_obtained":["Shuriken"]},{"damage_healed":0.0,"max_hp_gain":0.0,"max_hp_loss":0.0,"gold_gain":0.0,"event_name":"Big Fish","player_choice":"Box","floor":10.0,"gold_loss":0.0,"damage_taken":0.0,"relics_obtained":["The Courier"],"cards_obtained":["Regret"]},{"damage_healed":0,"gold_gain":99,"player_choice":"Stole From Cult","damage_taken":0,"max_hp_gain":0,"max_hp_loss":0,"event_name":"Nest","floor":22,"gold_loss":0}],"is_beta":false,"boss_relics":[{"not_picked":["Sozu","Runic Dome"],"picked":"Coffee Dripper"}],"items_purged_floors":[14,20],"is_endless":false,"potions_floor_spawned":[1,2,6,11,21],"killed_by":"Book of Stabbing","ascension_level":11}}