{"host":"phniwng9zo19jwdb","time":1609002788,"event":{"mods":["AchievementEnabler","BaseMod","Colored Powertips","Faster Ascension Climbing","GifTheSpireLib","Minty Spire (QoL Compilation)","Permanent Neow","Quick Restart","Rare Cards Sparkle","Somnambulant","StSLib"],"gold_per_floor":[139,195,235,271,0,0,0],"floor_reached":6,"playtime":288,"items_purged":["Clumsy"],"score":57,"play_id":"624d1835-697a-4a01-8c39-2e17dd15152b","local_time":"20201226181308","is_ascension_mode":true,"campfire_choices":[],"circlet_count":0,"master_deck":["AscendersBane","somnambulantmod: SomnambulantStrike","somnambulantmod: SomnambulantStrike","somnambulantmod: SomnambulantStrike","somnambulantmod: SomnambulantStrike","somnambulantmod: SomnambulantStrike","somnambulantmod: Defend_Somnambulant","somnambulantmod: Defend_Somnambulant","somnambulantmod: Defend_Somnambulant","somnambulantmod: Defend_Somnambulant","somnambulantmod: Defend_Somnambulant","somnambulantmod: QuickNap","somnambulantmod: PrimingPunch","HandOfGreed","somnambulantmod: RacingThoughts","somnambulantmod: AllForNothing","somnambulantmod: Blink","somnambulantmod: Narcolepsy","Apotheosis"],"relics":["somnambulantmod: DreamJournal"],"acts_visited":["Exordium"],"potions_floor_usage":[],"damage_taken":[{"damage":0,"enemies":"Cultist","floor":1,"turns":4},{"damage":17,"enemies":"2 Louse","floor":2,"turns":5},{"damage":21,"enemies":"Small Slimes","floor":3,"turns":6},{"damage":20,"enemies":"3 Louse","floor":4,"turns":5},{"damage":0,"enemies":"Gremlin Nob","floor":6,"turns":3}],"seed_played":"-3545887617440291894","potions_obtained":[{"floor":2,"key":"CultistPotion"}],"is_trial":false,"path_per_floor":["M","M","M","M","$","E"],"character_chosen":"THE_SOMNAMBULANT","items_purchased":["Apotheosis"],"campfire_rested":0,"item_purchase_floors":[5],"current_hp_per_floor":[63,46,25,5,5,5,5],"gold":0,"neow_bonus":"RANDOM_COLORLESS_2","is_daily":false,"chose_seed":false,"campfire_upgraded":0,"win_rate":0.0,"timestamp":1609002788,"path_taken":["M","M","?","M","$","E"],"items_purchased_type":["Card"],"build_version":"2020-12-22","purchased_purges":1,"victory":false,"max_hp_per_floor":[70,70,70,70,70,70,70],"card_choices":[{"not_picked":["Transmutation","Magnetism"],"picked":"HandOfGreed","floor":0},{"not_picked":["somnambulantmod: Bruise","somnambulantmod: Blink"],"picked":"somnambulantmod: RacingThoughts","floor":1},{"not_picked":["somnambulantmod: NightmareFuel","somnambulantmod: Cower"],"picked":"somnambulantmod: AllForNothing","floor":2},{"not_picked":["somnambulantmod: Cower","somnambulantmod: Sleepyhead"],"picked":"somnambulantmod: Blink","floor":3},{"not_picked":["somnambulantmod: Extract","somnambulantmod: BadIdea"],"picked":"somnambulantmod: Narcolepsy","floor":4}],"player_experience":20636,"relics_obtained":[],"event_choices":[],"is_beta":false,"boss_relics":[],"items_purged_floors":[5],"is_endless":false,"potions_floor_spawned":[2],"killed_by":"Gremlin Nob","ascension_level":10}}