{"host":"5fasz840ryq7obdf","time":1609008932,"event":{"mods":["AchievementEnabler","BaseMod","Bestiary","Better Altar","Better Skull","Better Third Choice","BetterRewards","Block Reminder","Colored Powertips","Curses Come First","Minty Spire (QoL Compilation)","Quick Restart","Relic Stats","Shop Mod","Spicy Shops","StSLib"],"gold_per_floor":[110,110,121,121,134,162,162,162,188,199,199,231,243,254,254,327,327,346,346,346,407,424,451,451,483,507,7,35,65,115,115],"floor_reached":30,"playtime":3827,"items_purged":[],"score":796,"play_id":"d4591020-3662-41df-98b1-c0eb26991cdb","local_time":"20201226185532","is_ascension_mode":true,"campfire_choices":[{"data":"Wireheading","floor":7.0,"key":"SMITH"},{"floor":15.0,"key":"REST"},{"floor":24.0,"key":"REST"}],"circlet_count":0,"master_deck":["AscendersBane","Strike_P","Strike_P+1","Strike_P","Strike_P","Defend_P","Defend_P+1","Defend_P+1","Eruption+1","Vigilance","CarveReality","Wireheading+1","Protect","JustLucky","Indignation","Wallop+1","FlurryOfBlows","CutThroughFate","Consecrate+1","CrushJoints","SashWhip","Devotion+1","LessonLearned+1","Devotion+1","CutThroughFate","Consecrate","CarveReality"],"relics":["PureWater","Bag of Marbles","Shuriken","Whetstone","Dream Catcher","Sundial","Omamori","Frozen Egg 2","Nunchaku","Fusion Hammer","SsserpentHead","Orichalcum","Unceasing Top","Vajra","Lantern","Sling","DollysMirror","Bottled Tornado"],"acts_visited":["Exordium","TheCity"],"potions_floor_usage":[],"damage_taken":[{"damage":0.0,"enemies":"Small Slimes","floor":1.0,"turns":2.0},{"damage":0.0,"enemies":"2 Louse","floor":3.0,"turns":1.0},{"damage":0.0,"enemies":"Cultist","floor":5.0,"turns":2.0},{"damage":0.0,"enemies":"Gremlin Nob","floor":6.0,"turns":2.0},{"damage":0.0,"enemies":"Exordium Thugs","floor":10.0,"turns":2.0},{"damage":13.0,"enemies":"Lagavulin","floor":12.0,"turns":4.0},{"damage":5.0,"enemies":"3 Louse","floor":13.0,"turns":2.0},{"damage":0.0,"enemies":"Looter","floor":14.0,"turns":2.0},{"damage":0.0,"enemies":"Slime Boss","floor":16.0,"turns":4.0},{"damage":2.0,"enemies":"Shell Parasite","floor":18.0,"turns":3.0},{"damage":0.0,"enemies":"Spheric Guardian","floor":21.0,"turns":2.0},{"damage":42.0,"enemies":"Snecko","floor":22.0,"turns":8.0},{"damage":0.0,"enemies":"Gremlin Leader","floor":23.0,"turns":3.0},{"damage":18.0,"enemies":"Slavers","floor":25.0,"turns":4.0},{"damage":10.0,"enemies":"Book of Stabbing","floor":28.0,"turns":3.0},{"damage":13,"enemies":"Sentry and Sphere","floor":30,"turns":3}],"seed_played":"6393588779794757528","potions_obtained":[{"floor":6.0,"key":"SneckoOil"},{"floor":10.0,"key":"Regen Potion"},{"floor":12.0,"key":"BottledMiracle"},{"floor":14.0,"key":"SneckoOil"},{"floor":23.0,"key":"ColorlessPotion"},{"floor":28.0,"key":"SkillPotion"},{"floor":29.0,"key":"LiquidMemories"}],"is_trial":false,"path_per_floor":["M","?","M","?","M","E","R","?","T","M","T","E","M","M","R","B",null,"M","?","?","M","M","E","R","E","T","$","E","?","M"],"character_chosen":"WATCHER","items_purchased":["Bag of Marbles","Shuriken","CarveReality","Wireheading","Protect","Whetstone","Lantern","Sling","DollysMirror"],"campfire_rested":2,"item_purchase_floors":[0,0,0,0,0,0,27,27,27],"current_hp_per_floor":[30,23,23,23,23,23,23,23,23,23,23,19,14,14,34,34,60,58,58,58,58,16,16,36,18,18,18,8,8,0,0],"gold":115,"neow_bonus":"","is_daily":false,"chose_seed":false,"campfire_upgraded":1,"win_rate":0.0,"timestamp":1609008932,"path_taken":["M","?","M","?","M","E","R","?","T","?","?","E","M","M","R","BOSS","M","?","?","?","M","E","R","E","T","$","E","?","?"],"items_purchased_type":["Relic","Relic","Card","Card","Card","Relic","Relic","Relic","Relic"],"build_version":"2020-12-22","purchased_purges":0,"victory":false,"max_hp_per_floor":[68,68,68,68,68,68,68,68,68,68,68,68,68,68,68,68,68,68,68,68,68,68,68,68,68,68,68,68,68,68,68],"relic_stats":{"SsserpentHead":150,"Dream Catcher":2,"Nunchaku":[9],"counters":[16,47],"Shuriken":[31],"Sundial":[2],"Whetstone":["Strike_P","Eruption"],"Orichalcum":[6],"obtain_stats":[{"Lantern":27,"Vajra":26,"Omamori":9,"Whetstone":0,"Frozen Egg 2":11,"Orichalcum":23,"Bottled Tornado":28,"Sling":27,"SsserpentHead":20,"Dream Catcher":6,"Nunchaku":12,"Shuriken":0,"Sundial":8,"DollysMirror":27,"Fusion Hammer":17,"Bag of Marbles":0,"PureWater":0,"Unceasing Top":25},{"Lantern":14,"Vajra":14,"Omamori":4,"Whetstone":0,"Frozen Egg 2":5,"Orichalcum":13,"Bottled Tornado":15,"Sling":14,"SsserpentHead":10,"Dream Catcher":4,"Nunchaku":6,"Shuriken":0,"Sundial":4,"DollysMirror":14,"Fusion Hammer":9,"Bag of Marbles":0,"PureWater":0,"Unceasing Top":14},{"Lantern":41,"Vajra":41,"Omamori":7,"Whetstone":0,"Frozen Egg 2":9,"Orichalcum":37,"Bottled Tornado":44,"Sling":41,"SsserpentHead":24,"Dream Catcher":7,"Nunchaku":13,"Shuriken":0,"Sundial":7,"DollysMirror":41,"Fusion Hammer":21,"Bag of Marbles":0,"PureWater":0,"Unceasing Top":41}],"Unceasing Top":[0]},"card_choices":[{"not_picked":["WheelKick","Prostrate"],"picked":"JustLucky","floor":1.0},{"not_picked":["Evaluate","ClearTheMind"],"picked":"Indignation","floor":3.0},{"not_picked":["CrushJoints","FlurryOfBlows"],"picked":"Wallop","floor":5.0},{"not_picked":["Wireheading","Protect"],"picked":"FlurryOfBlows","floor":6.0},{"not_picked":["Conclude","EmptyMind"],"picked":"CutThroughFate","floor":10.0},{"not_picked":["EmptyMind","Perseverance"],"picked":"Consecrate","floor":12.0},{"not_picked":["ClearTheMind","Worship"],"picked":"CrushJoints","floor":13.0},{"not_picked":["SignatureMove","Prostrate"],"picked":"SashWhip","floor":14.0},{"not_picked":["CrushJoints","Tantrum"],"picked":"Devotion+1","floor":15.0},{"not_picked":["Brilliance","Wish"],"picked":"LessonLearned","floor":16.0},{"not_picked":["Protect","JustLucky","ThirdEye"],"picked":"SKIP","floor":18.0},{"not_picked":["Prostrate","Wireheading+1","EmptyFist"],"picked":"SKIP","floor":21.0},{"not_picked":["Prostrate","SashWhip","Evaluate"],"picked":"SKIP","floor":22.0},{"not_picked":["Evaluate","EmptyFist"],"picked":"Devotion+1","floor":23.0},{"not_picked":["Study+1","ThirdEye"],"picked":"CutThroughFate","floor":24.0},{"not_picked":["Halt","Fasting2+1"],"picked":"Consecrate","floor":25.0},{"not_picked":["Prostrate","SignatureMove","FollowUp"],"picked":"SKIP","floor":28.0}],"player_experience":1127531,"relics_obtained":[{"floor":6.0,"key":"Dream Catcher"},{"floor":9.0,"key":"Omamori"},{"floor":11.0,"key":"Frozen Egg 2"},{"floor":12.0,"key":"Nunchaku"},{"floor":23.0,"key":"Orichalcum"},{"floor":25.0,"key":"Unceasing Top"},{"floor":26.0,"key":"Vajra"},{"floor":28.0,"key":"Bottled Tornado"}],"event_choices":[{"cards_removed":["Defend_P"],"damage_healed":0.0,"max_hp_gain":0.0,"max_hp_loss":0.0,"gold_gain":0.0,"event_name":"Golden Wing","player_choice":"Card Removal","floor":2.0,"gold_loss":0.0,"damage_taken":7.0},{"damage_healed":0.0,"max_hp_gain":0.0,"max_hp_loss":0.0,"gold_gain":1.0,"event_name":"betterThird:BetterScrap","player_choice":"LEAVE","floor":4.0,"gold_loss":0.0,"damage_taken":0.0,"cards_obtained":["Flame Barrier"]},{"damage_healed":0.0,"max_hp_gain":0.0,"max_hp_loss":0.0,"gold_gain":0.0,"event_name":"WeMeetAgain","player_choice":"Gave Potion","floor":8.0,"gold_loss":0.0,"damage_taken":0.0,"relics_obtained":["Sundial"]},{"damage_healed":0.0,"max_hp_gain":0.0,"max_hp_loss":0.0,"gold_gain":0.0,"event_name":"Vampires","player_choice":"Ignored","floor":19.0,"gold_loss":0.0,"damage_taken":0.0},{"damage_healed":0.0,"max_hp_gain":0.0,"max_hp_loss":0.0,"gold_gain":0.0,"event_name":"FaceTrader","player_choice":"Trade","floor":20.0,"gold_loss":0.0,"damage_taken":0.0,"relics_obtained":["SsserpentHead"]},{"damage_healed":0.0,"max_hp_gain":0.0,"max_hp_loss":0.0,"gold_gain":0.0,"event_name":"The Woman in Blue","player_choice":"Bought 1 Potion","floor":29.0,"gold_loss":0.0,"damage_taken":0.0}],"is_beta":false,"boss_relics":[{"not_picked":["Runic Pyramid","VioletLotus"],"picked":"Fusion Hammer"}],"items_purged_floors":[],"is_endless":false,"potions_floor_spawned":[6,10,12,14,23,28],"killed_by":"Sentry and Sphere","ascension_level":20}}