{"host":"jqjg4un1gmm27ngb","time":1609008651,"event":{"mods":["AchievementEnabler","BaseMod","Block Reminder","Colored Map","Colored Powertips","DeckTracker","Minty Spire (QoL Compilation)","Quick Restart","Relic Stats"],"gold_per_floor":[114,28,45,65,65,93,93,109,109,28,63,63,75,90,90,192,192,205,11,25,39,57,57,71,85,85,85,85,85],"floor_reached":28,"playtime":3302,"items_purged":[],"score":234,"play_id":"0c5b2afb-68e2-4da7-a847-bf1430ae7788","local_time":"20201226135051","is_ascension_mode":false,"campfire_choices":[{"floor":7,"key":"RECALL"},{"data":"Lockon","floor":12,"key":"SMITH"},{"floor":15,"key":"REST"},{"floor":23,"key":"REST"}],"circlet_count":0,"master_deck":["Strike_B","Strike_B","Strike_B","Strike_B","Defend_B","Defend_B","Defend_B","Zap","Dualcast","Leap","Self Repair","Sweeping Beam","Beam Cell","Hologram","Turbo","Lockon+1","Defragment","Gash","Tempest","Leap","Sweeping Beam","Panache","Coolheaded","Rip and Tear","Cold Snap","Beam Cell+1","Rip and Tear","Undo"],"relics":["Cracked Core","Toy Ornithopter","PreservedInsect","Question Card","Mango","SacredBark","Calipers"],"acts_visited":["Exordium","TheCity"],"potions_floor_usage":[16,16,22,22,25],"damage_taken":[{"damage":5,"enemies":"Small Slimes","floor":1,"turns":4},{"damage":0,"enemies":"Cultist","floor":3,"turns":4},{"damage":5,"enemies":"2 Louse","floor":4,"turns":3},{"damage":38,"enemies":"3 Sentries","floor":6,"turns":7},{"damage":12,"enemies":"Blue Slaver","floor":8,"turns":4},{"damage":15,"enemies":"Gremlin Nob","floor":11,"turns":3},{"damage":4,"enemies":"Red Slaver","floor":13,"turns":2},{"damage":16,"enemies":"Exordium Thugs","floor":14,"turns":4},{"damage":28,"enemies":"The Guardian","floor":16,"turns":8},{"damage":27,"enemies":"Shell Parasite","floor":18,"turns":5},{"damage":19,"enemies":"Spheric Guardian","floor":20,"turns":4},{"damage":22,"enemies":"Centurion and Healer","floor":21,"turns":7},{"damage":35,"enemies":"Cultist and Chosen","floor":22,"turns":8},{"damage":22,"enemies":"Snecko","floor":24,"turns":5},{"damage":27,"enemies":"Snake Plant","floor":25,"turns":3},{"damage":9,"enemies":"Centurion and Healer","floor":28,"turns":1}],"seed_played":"-7265852826530949271","potions_obtained":[{"floor":4,"key":"Strength Potion"},{"floor":11,"key":"SteroidPotion"},{"floor":13,"key":"PotionOfCapacity"},{"floor":14,"key":"PotionOfCapacity"},{"floor":21,"key":"PotionOfCapacity"},{"floor":24,"key":"BlessingOfTheForge"}],"is_trial":false,"path_per_floor":["M","$","M","M","?","E","R","M","T","$","E","R","M","M","R","B",null,"M","$","M","M","M","R","M","M","T","?","M"],"character_chosen":"DEFECT","items_purchased":["Self Repair","Sweeping Beam","Defragment","Panache"],"campfire_rested":2,"item_purchase_floors":[2,2,10,19],"current_hp_per_floor":[70,70,75,75,75,44,44,39,39,39,45,45,41,32,58,47,89,69,69,57,42,17,43,28,6,6,6,0,0],"gold":85,"neow_bonus":"RANDOM_COMMON_RELIC","is_daily":false,"chose_seed":false,"campfire_upgraded":1,"win_rate":0.0,"timestamp":1609008651,"path_taken":["M","$","M","M","?","E","R","M","T","$","E","R","?","M","R","BOSS","M","$","M","?","M","R","M","M","T","?","?"],"items_purchased_type":["Card","Card","Card","Card"],"build_version":"2020-12-22","purchased_purges":0,"victory":false,"max_hp_per_floor":[75,75,75,75,75,75,75,75,75,75,89,89,89,89,89,89,89,89,89,89,89,89,89,89,89,89,89,89,89],"relic_stats":{"counters":[16,72],"PreservedInsect":51,"Question Card":11,"obtain_stats":[{"Calipers":26,"SacredBark":17,"Mango":11,"PreservedInsect":5,"Cracked Core":0,"Question Card":6,"Toy Ornithopter":0},{"Calipers":15,"SacredBark":9,"Mango":6,"PreservedInsect":3,"Cracked Core":0,"Question Card":4,"Toy Ornithopter":0},{"Calipers":71,"SacredBark":39,"Mango":25,"PreservedInsect":11,"Cracked Core":0,"Question Card":18,"Toy Ornithopter":0}],"Toy Ornithopter":25},"card_choices":[{"not_picked":["Steam","Hologram"],"picked":"Leap","floor":1},{"not_picked":["Coolheaded","Biased Cognition"],"picked":"Beam Cell","floor":3},{"not_picked":["Beam Cell","Auto Shields"],"picked":"Hologram","floor":4},{"not_picked":["Genetic Algorithm","Rainbow"],"picked":"Turbo","floor":6},{"not_picked":["Hologram","Reinforced Body","BootSequence"],"picked":"Lockon","floor":8},{"not_picked":["Blizzard","Barrage","Compile Driver"],"picked":"Gash","floor":11},{"not_picked":["Streamline","Skim","Beam Cell"],"picked":"Tempest","floor":13},{"not_picked":["Rebound","Barrage","Beam Cell"],"picked":"Leap","floor":14},{"not_picked":["Capacitor","Sunder","Auto Shields"],"picked":"Sweeping Beam","floor":18},{"not_picked":["Beam Cell","Stack","Compile Driver"],"picked":"Coolheaded","floor":20},{"not_picked":["White Noise","Reinforced Body","Scrape+1"],"picked":"Rip and Tear","floor":21},{"not_picked":["Coolheaded","Go for the Eyes","Barrage"],"picked":"Cold Snap","floor":22},{"not_picked":["Go for the Eyes","Sweeping Beam","Leap"],"picked":"Beam Cell+1","floor":24},{"not_picked":["Chaos","Undo+1","Buffer"],"picked":"Rip and Tear","floor":25}],"player_experience":143466,"relics_obtained":[{"floor":6,"key":"Question Card"},{"floor":11,"key":"Mango"},{"floor":26,"key":"Calipers"}],"event_choices":[{"damage_healed":0,"gold_gain":0,"player_choice":"Gave Potion","damage_taken":0,"relics_obtained":["PreservedInsect"],"max_hp_gain":0,"max_hp_loss":0,"event_name":"WeMeetAgain","floor":5,"gold_loss":0},{"damage_healed":0,"gold_gain":0,"cards_transformed":["Defend_B"],"player_choice":"Transformed","damage_taken":0,"max_hp_gain":0,"max_hp_loss":0,"event_name":"Transmorgrifier","floor":27,"gold_loss":0,"cards_obtained":["Undo"]}],"is_beta":false,"boss_relics":[{"not_picked":["Runic Dome","Sozu"],"picked":"SacredBark"}],"items_purged_floors":[],"is_endless":false,"potions_floor_spawned":[4,11,13,14,21,24],"killed_by":"Centurion and Healer","ascension_level":0}}