{"host":"kw4o7b3ro2ktmmbe","time":1609017863,"event":{"mods":["BaseMod","Evolution","Minty Spire (QoL Compilation)","StSLib","The Marked","Treasure Hunter"],"gold_per_floor":[245,96,96,115,115,115,133,152,152,152,171,171,171,195,195,318,318,338,38,63,63,86,86,99,134,182,206,206,206,206],"floor_reached":29,"playtime":2289,"items_purged":[],"score":274,"play_id":"52f02c4b-31e9-4fbf-b022-67bf0e7a1241","local_time":"20201227102423","is_ascension_mode":true,"campfire_choices":[{"floor":6.0,"key":"REST"},{"data":"TH:TreasureMap","floor":10.0,"key":"SMITH"},{"floor":13.0,"key":"REST"},{"data":"theMarked:Defend","floor":15.0,"key":"SMITH"},{"data":"theMarked:Defend","floor":23.0,"key":"SMITH"},{"floor":28,"key":"REST"}],"circlet_count":0,"master_deck":["theMarked:Strike","theMarked:Strike","theMarked:Strike","theMarked:Strike","theMarked:Defend+1","theMarked:Defend+1","theMarked:Defend+1","theMarked:Defend","theMarked:SoldierOfQuellstein+1","theMarked:Opportunist","theMarked:DispelDoubt","TH:TreasureMap+1","TH:BikiniMail+1","TH:DeckOfManyThings","TH:TreasureMap","theMarked:Panic+1"],"relics":["EVO:Axolotl","SlaversCollar","Anchor","Golden Idol","Singing Bowl","Busted Crown","Ice Cream","StrikeDummy","Happy Flower"],"acts_visited":["Exordium","TheCity"],"potions_floor_usage":[25,25],"damage_taken":[{"damage":5.0,"enemies":"Cultist","floor":1.0,"turns":4.0},{"damage":5.0,"enemies":"Small Slimes","floor":4.0,"turns":4.0},{"damage":0.0,"enemies":"2 Louse","floor":7.0,"turns":2.0},{"damage":0.0,"enemies":"Blue Slaver","floor":8.0,"turns":4.0},{"damage":13.0,"enemies":"Lots of Slimes","floor":11.0,"turns":5.0},{"damage":5.0,"enemies":"Exordium Thugs","floor":14.0,"turns":4.0},{"damage":17.0,"enemies":"Hexaghost","floor":16.0,"turns":6.0},{"damage":9.0,"enemies":"3 Byrds","floor":18.0,"turns":6.0},{"damage":1.0,"enemies":"Spheric Guardian","floor":20.0,"turns":6.0},{"damage":5.0,"enemies":"Centurion and Healer","floor":22.0,"turns":8.0},{"damage":26.0,"enemies":"Sentry and Sphere","floor":24.0,"turns":8.0},{"damage":12,"enemies":"Book of Stabbing","floor":25,"turns":5},{"damage":24,"enemies":"3 Cultists","floor":27,"turns":7},{"damage":48,"enemies":"Gremlin Leader","floor":29,"turns":8}],"seed_played":"3082511037482379572","potions_obtained":[{"floor":7.0,"key":"PowerPotion"},{"floor":14.0,"key":"LiquidBronze"},{"floor":18.0,"key":"CultistPotion"},{"floor":20.0,"key":"BlessingOfTheForge"},{"floor":24.0,"key":"Ancient Potion"}],"is_trial":false,"path_per_floor":["M","$","?","M","?","R","M","M","T","R","M","?","R","M","R","B",null,"M","$","M","?","M","R","M","E","T","M","R","E"],"character_chosen":"THE_DEFAULT","items_purchased":["Anchor","Ice Cream"],"campfire_rested":3,"item_purchase_floors":[2,19],"current_hp_per_floor":[65,65,48,43,29,50,50,50,50,50,39,32,53,50,50,35,76,69,69,70,70,67,67,43,33,33,9,34,0,0],"gold":206,"neow_bonus":"BOSS_RELIC","is_daily":false,"chose_seed":false,"campfire_upgraded":3,"win_rate":0.0,"timestamp":1609017863,"path_taken":["M","$","?","M","?","R","M","M","T","R","M","?","R","M","R","BOSS","M","$","M","?","M","R","M","E","T","M","R","E"],"items_purchased_type":["Relic","Relic"],"build_version":"2020-12-22","purchased_purges":0,"victory":false,"max_hp_per_floor":[70,70,70,70,70,70,70,70,70,70,72,72,72,74,74,76,76,78,78,80,80,82,82,84,86,86,86,86,86,86],"card_choices":[{"not_picked":["theMarked:Reabsorb","theMarked:RepellingDischarge","theMarked:Overthink"],"picked":"SKIP","floor":1.0},{"not_picked":["theMarked:Parkour","theMarked:EnhanceMovement","theMarked:HeightenedSenses"],"picked":"SKIP","floor":4.0},{"not_picked":["theMarked:Static","theMarked:Electrocute"],"picked":"theMarked:Opportunist","floor":7.0},{"not_picked":["theMarked:Static","theMarked:BanishingStrike"],"picked":"theMarked:DispelDoubt","floor":8.0},{"not_picked":["TH:DeckOfManyThings"],"picked":"TH:TreasureMap","floor":9.0},{"not_picked":["theMarked:BanishingStrike","theMarked:WardOff","theMarked:HeightenedSenses"],"picked":"Singing Bowl","floor":11.0},{"not_picked":["theMarked:Parkour","theMarked:ChainLightning","theMarked:MagicAdept"],"picked":"Singing Bowl","floor":14.0},{"not_picked":["TH:CopperCoins"],"picked":"TH:BikiniMail","floor":16.0},{"not_picked":["theMarked:UnarmedFury","theMarked:Levitate","theMarked:DispelDoubt"],"picked":"Singing Bowl","floor":16.0},{"not_picked":["theMarked:WastefulAttack"],"picked":"Singing Bowl","floor":18.0},{"not_picked":["theMarked:BanishingStrike"],"picked":"Singing Bowl","floor":20.0},{"not_picked":["theMarked:BanishingStrike"],"picked":"Singing Bowl","floor":22.0},{"not_picked":["theMarked:RogueSparks"],"picked":"Singing Bowl","floor":24.0},{"not_picked":[],"picked":"TH:DeckOfManyThings","floor":25},{"not_picked":["theMarked:Panic"],"picked":"Singing Bowl","floor":25},{"not_picked":[],"picked":"TH:TreasureMap","floor":26},{"not_picked":[],"picked":"theMarked:Panic+1","floor":27}],"player_experience":1783156,"relics_obtained":[{"floor":9.0,"key":"Singing Bowl"},{"floor":25,"key":"StrikeDummy"},{"floor":26,"key":"Happy Flower"}],"event_choices":[{"damage_healed":0.0,"max_hp_gain":0.0,"max_hp_loss":0.0,"gold_gain":0.0,"event_name":"Golden Idol","player_choice":"Take Damage","floor":3.0,"gold_loss":0.0,"damage_taken":17.0,"relics_obtained":["Golden Idol"]},{"damage_healed":0.0,"max_hp_gain":0.0,"max_hp_loss":0.0,"gold_gain":0.0,"event_name":"Shining Light","player_choice":"Entered Light","floor":5.0,"gold_loss":0.0,"damage_taken":14.0,"cards_upgraded":["theMarked:SoldierOfQuellstein","theMarked:Defend"]},{"cards_removed":["theMarked:Strike"],"damage_healed":0.0,"max_hp_gain":0.0,"max_hp_loss":0.0,"gold_gain":0.0,"event_name":"Golden Wing","player_choice":"Card Removal","floor":12.0,"gold_loss":0.0,"damage_taken":7.0},{"damage_healed":0.0,"max_hp_gain":0.0,"max_hp_loss":0.0,"gold_gain":0.0,"event_name":"Upgrade Shrine","player_choice":"Upgraded","floor":21.0,"gold_loss":0.0,"damage_taken":0.0,"cards_upgraded":["TH:BikiniMail"]}],"is_beta":false,"boss_relics":[{"not_picked":["Empty Cage","Astrolabe"],"picked":"Busted Crown"}],"items_purged_floors":[],"is_endless":false,"potions_floor_spawned":[7,14,18,20,24],"killed_by":"Gremlin Leader","ascension_level":1}}