{"host":"dhyczjm99amxd3qx","time":1609014965,"event":{"mods":["BaseMod","Colored Map","Googly Eyes","Highlight Path","Minty Spire (QoL Compilation)","Quick Restart","StSLib"],"gold_per_floor":[111,129,204,204,204,204,238,238,238,270,283,299,313,413,413,513,513,533,544,544,558,473,508,539,144,168,200,214,574,603,616,616,616,616],"floor_reached":33,"playtime":2857,"items_purged":["Defend_B"],"score":315,"play_id":"bd1a1742-5624-4a52-b78a-ffaf7548d2e0","local_time":"20201226153605","is_ascension_mode":false,"campfire_choices":[{"data":"Tempest","floor":6,"key":"SMITH"},{"data":"Self Repair","floor":8,"key":"SMITH"},{"floor":15,"key":"REST"},{"data":"Storm","floor":32,"key":"SMITH"}],"circlet_count":0,"master_deck":["Strike_B","Strike_B","Strike_B","Defend_B","Defend_B","Defend_B","Zap","Dualcast","Tempest+1","Ball Lightning","Self Repair+1","Sweeping Beam","Auto Shields+1","Conserve Battery+1","Seek+1","Fission+1","Force Field+1","Coolheaded+1","Compile Driver","Coolheaded+1","Storm+1","Chaos+1","Barrage","Reinforced Body+1","Stack+1"],"relics":["Cracked Core","White Beast Statue","Toxic Egg 2","Letter Opener","Bottled Tornado","Nuclear Battery","Meat on the Bone","Lantern","Unceasing Top","Red Mask","Ginger","Juzu Bracelet","Calipers","Mercury Hourglass"],"acts_visited":["Exordium","TheCity"],"potions_floor_usage":[7,10,16,16,16,23,23,27,27,27,30,33,33,33],"damage_taken":[{"damage":8,"enemies":"2 Louse","floor":1,"turns":3},{"damage":1,"enemies":"Jaw Worm","floor":2,"turns":4},{"damage":30,"enemies":"Gremlin Nob","floor":7,"turns":4},{"damage":24,"enemies":"Lagavulin","floor":10,"turns":5},{"damage":0,"enemies":"Small Slimes","floor":11,"turns":2},{"damage":8,"enemies":"Red Slaver","floor":12,"turns":3},{"damage":11,"enemies":"Lots of Slimes","floor":13,"turns":4},{"damage":26,"enemies":"Hexaghost","floor":16,"turns":11},{"damage":0,"enemies":"Spheric Guardian","floor":18,"turns":3},{"damage":5,"enemies":"Chosen","floor":19,"turns":2},{"damage":13,"enemies":"Shelled Parasite and Fungi","floor":21,"turns":6},{"damage":18,"enemies":"Slavers","floor":23,"turns":3},{"damage":0,"enemies":"Masked Bandits","floor":24,"turns":3},{"damage":21,"enemies":"Book of Stabbing","floor":27,"turns":6},{"damage":0,"enemies":"Sentry and Sphere","floor":28,"turns":3},{"damage":7,"enemies":"Slavers","floor":30,"turns":3},{"damage":0,"enemies":"Chosen and Byrds","floor":31,"turns":4},{"damage":73,"enemies":"Automaton","floor":33,"turns":10}],"seed_played":"3775348916838604555","potions_obtained":[{"floor":1,"key":"Swift Potion"},{"floor":7,"key":"Block Potion"},{"floor":10,"key":"PotionOfCapacity"},{"floor":11,"key":"Dexterity Potion"},{"floor":12,"key":"Dexterity Potion"},{"floor":16,"key":"SmokeBomb"},{"floor":18,"key":"PotionOfCapacity"},{"floor":19,"key":"SteroidPotion"},{"floor":21,"key":"DistilledChaos"},{"floor":23,"key":"Strength Potion"},{"floor":24,"key":"Swift Potion"},{"floor":27,"key":"Fire Potion"},{"floor":28,"key":"SteroidPotion"},{"floor":30,"key":"SpeedPotion"},{"floor":31,"key":"FocusPotion"}],"is_trial":false,"path_per_floor":["M","M","?","T","?","R","E","R","T","E","M","M","M","?","R","B",null,"M","M","T","M","?","E","?","$","T","E","M","?","E","M","R","B"],"character_chosen":"DEFECT","items_purchased":["Storm","Ginger"],"campfire_rested":1,"item_purchase_floors":[25,25],"current_hp_per_floor":[74,73,62,62,55,55,25,25,25,11,21,23,22,22,46,30,82,82,82,82,79,79,71,81,81,81,70,80,44,59,69,69,0,0],"gold":616,"neow_bonus":"TEN_PERCENT_HP_BONUS","is_daily":false,"chose_seed":false,"campfire_upgraded":3,"win_rate":0.0,"timestamp":1609014965,"path_taken":["M","M","?","?","?","R","E","R","T","E","M","M","M","?","R","BOSS","M","M","?","?","?","E","?","$","T","E","M","?","E","M","R","BOSS"],"items_purchased_type":["Card","Relic"],"build_version":"2020-12-22","purchased_purges":1,"victory":false,"max_hp_per_floor":[82,82,82,82,82,82,82,82,82,82,82,82,82,82,82,82,82,82,82,82,82,82,82,82,82,82,82,82,82,82,82,82,82,82],"card_choices":[{"not_picked":["Coolheaded","Rebound"],"picked":"Tempest","floor":1},{"not_picked":["Rebound","Sweeping Beam"],"picked":"Ball Lightning","floor":2},{"not_picked":["Undo+1","Static Discharge"],"picked":"Self Repair","floor":7},{"not_picked":["Steam+1","Beam Cell"],"picked":"Sweeping Beam","floor":10},{"not_picked":["Skim+1","Streamline"],"picked":"Auto Shields+1","floor":11},{"not_picked":["Steam Power+1","Sweeping Beam"],"picked":"Conserve Battery+1","floor":12},{"not_picked":["Undo+1","Barrage"],"picked":"Seek+1","floor":13},{"not_picked":["Creative AI","Echo Form"],"picked":"Fission+1","floor":16},{"not_picked":["Leap+1","Self Repair"],"picked":"Force Field+1","floor":18},{"not_picked":["Cold Snap","Steam+1"],"picked":"Coolheaded+1","floor":19},{"not_picked":["Sweeping Beam","Cold Snap"],"picked":"Compile Driver","floor":21},{"not_picked":["Gash+1","Melter"],"picked":"Coolheaded+1","floor":23},{"not_picked":["Amplify+1","Gash"],"picked":"Chaos+1","floor":27},{"not_picked":["Gash+1","Streamline"],"picked":"Barrage","floor":28},{"not_picked":["Stack+1","Coolheaded+1"],"picked":"Reinforced Body+1","floor":30},{"not_picked":["Cold Snap","Rebound+1"],"picked":"Stack+1","floor":31}],"player_experience":56865,"relics_obtained":[{"floor":4,"key":"White Beast Statue"},{"floor":7,"key":"Toxic Egg 2"},{"floor":9,"key":"Letter Opener"},{"floor":10,"key":"Bottled Tornado"},{"floor":20,"key":"Meat on the Bone"},{"floor":23,"key":"Unceasing Top"},{"floor":24,"key":"Red Mask"},{"floor":26,"key":"Juzu Bracelet"},{"floor":27,"key":"Calipers"},{"floor":30,"key":"Mercury Hourglass"}],"event_choices":[{"damage_healed":0,"gold_gain":75,"player_choice":"Gather Gold","damage_taken":11,"max_hp_gain":0,"max_hp_loss":0,"event_name":"World of Goop","floor":3,"gold_loss":0},{"cards_removed":["Strike_B"],"damage_healed":0,"gold_gain":0,"player_choice":"Card Removal","damage_taken":7,"max_hp_gain":0,"max_hp_loss":0,"event_name":"Golden Wing","floor":5,"gold_loss":0},{"damage_healed":0,"gold_gain":100,"player_choice":"Gold","damage_taken":0,"max_hp_gain":0,"max_hp_loss":0,"event_name":"Wheel of Change","floor":14,"gold_loss":0},{"damage_healed":0,"gold_gain":0,"player_choice":"Obtained Relic","damage_taken":0,"relics_obtained":["Lantern"],"max_hp_gain":0,"max_hp_loss":0,"event_name":"Addict","floor":22,"gold_loss":85},{"damage_healed":0,"gold_gain":0,"player_choice":"Fought Bandits","damage_taken":0,"max_hp_gain":0,"max_hp_loss":0,"event_name":"Masked Bandits","floor":24,"gold_loss":0},{"damage_healed":0,"gold_gain":360,"player_choice":"GOLD GOLD GOLD GOLD ","damage_taken":36,"max_hp_gain":0,"max_hp_loss":0,"event_name":"Knowing Skull","floor":29,"potions_obtained":[],"gold_loss":0,"cards_obtained":[]}],"is_beta":false,"boss_relics":[{"not_picked":["Runic Pyramid","Cursed Key"],"picked":"Nuclear Battery"}],"items_purged_floors":[25],"is_endless":false,"potions_floor_spawned":[1,7,10,11,12,13,16,18,19,21,23,24,27,28,30,31],"killed_by":"Automaton","ascension_level":0}}