{"host":"q9718omregw4er46","time":1609016048,"event":{"mods":["BaseMod","Bestiary","Colored Powertips","Minty Spire (QoL Compilation)","Quick Restart","Relic Stats"],"gold_per_floor":[116,131,149,163,30,55,71,106,106,135,50,0,0,25,25,102,102,115,127,127,127,127],"floor_reached":21,"playtime":632,"items_purged":["Strike_B"],"score":448,"play_id":"9bf05e20-e304-43dc-81a3-c65aba0d609c","local_time":"20201227015408","is_ascension_mode":true,"campfire_choices":[{"data":"Lockon","floor":13,"key":"SMITH"},{"data":"Static Discharge","floor":15,"key":"SMITH"}],"circlet_count":0,"master_deck":["AscendersBane","Strike_B","Strike_B","Strike_B","Defend_B","Defend_B","Defend_B","Defend_B","Zap","Dualcast","Cold Snap","Coolheaded","Lockon+1","Ball Lightning","Doom and Gloom","Compile Driver","Hyperbeam","Static Discharge+1","Reboot+1","Fission+1","Go for the Eyes"],"relics":["Velvet Choker","Orichalcum","Tiny Chest","Toxic Egg 2","Odd Mushroom","Kunai","StrikeDummy","Runic Pyramid","Torii"],"acts_visited":["Exordium","TheCity"],"potions_floor_usage":[6,8,14],"damage_taken":[{"damage":4.0,"enemies":"2 Louse","floor":1.0,"turns":2.0},{"damage":3.0,"enemies":"Small Slimes","floor":2.0,"turns":4.0},{"damage":3,"enemies":"Cultist","floor":3,"turns":5},{"damage":9,"enemies":"Red Slaver","floor":4,"turns":4},{"damage":12,"enemies":"3 Sentries","floor":6,"turns":5},{"damage":3,"enemies":"3 Louse","floor":7,"turns":4},{"damage":0,"enemies":"Gremlin Nob","floor":8,"turns":3},{"damage":4,"enemies":"The Mushroom Lair","floor":10,"turns":2},{"damage":3,"enemies":"3 Sentries","floor":14,"turns":4},{"damage":25,"enemies":"The Guardian","floor":16,"turns":8},{"damage":6,"enemies":"Spheric Guardian","floor":18,"turns":3},{"damage":19,"enemies":"2 Thieves","floor":19,"turns":3},{"damage":33,"enemies":"Centurion and Healer","floor":21,"turns":4}],"seed_played":"459128291158234076","potions_obtained":[{"floor":1.0,"key":"Strength Potion"},{"floor":4,"key":"AttackPotion"},{"floor":10,"key":"Regen Potion"},{"floor":14,"key":"AttackPotion"},{"floor":18,"key":"EssenceOfDarkness"}],"is_trial":false,"path_per_floor":["M","M","M","M","$","E","M","E","T","?","$","?","R","E","R","B",null,"M","M","T","M"],"character_chosen":"DEFECT","items_purchased":["Ball Lightning","Static Discharge"],"campfire_rested":0,"item_purchase_floors":[5,11],"current_hp_per_floor":[60,57,54,45,45,33,30,30,30,26,26,26,26,35,35,10,56,50,31,31,0,0],"gold":127,"neow_bonus":"BOSS_RELIC","is_daily":false,"chose_seed":false,"campfire_upgraded":2,"win_rate":0.0,"timestamp":1609016048,"path_taken":["M","M","M","M","$","E","M","E","T","?","$","?","R","E","R","BOSS","M","?","?","M"],"items_purchased_type":["Card","Card"],"build_version":"2020-12-22","purchased_purges":1,"victory":false,"max_hp_per_floor":[71,71,71,71,71,71,71,71,71,71,71,71,71,71,71,71,71,71,71,71,71,71],"relic_stats":{"Torii":3,"counters":[13,51],"Tiny Chest":1,"Kunai":[8],"Orichalcum":[60],"obtain_stats":[{"Torii":20,"Velvet Choker":0,"Tiny Chest":8,"Kunai":12,"Orichalcum":6,"Toxic Egg 2":9,"Odd Mushroom":10,"Cracked Core":0,"StrikeDummy":14,"Runic Pyramid":17},{"Torii":12,"Velvet Choker":0,"Tiny Chest":7,"Kunai":8,"Orichalcum":5,"Toxic Egg 2":7,"Odd Mushroom":8,"Cracked Core":0,"StrikeDummy":9,"Runic Pyramid":10},{"Torii":47,"Velvet Choker":0,"Tiny Chest":27,"Kunai":29,"Orichalcum":20,"Toxic Egg 2":27,"Odd Mushroom":29,"Cracked Core":0,"StrikeDummy":33,"Runic Pyramid":41}]},"card_choices":[{"not_picked":["Static Discharge","Beam Cell"],"picked":"Cold Snap","floor":1.0},{"not_picked":["Turbo","Gash"],"picked":"Coolheaded","floor":2},{"not_picked":["Skim","Steam"],"picked":"Lockon","floor":3},{"not_picked":["Steam","Barrage","Conserve Battery"],"picked":"SKIP","floor":4},{"not_picked":["Leap","Skim"],"picked":"Doom and Gloom","floor":6},{"not_picked":["Melter","Gash"],"picked":"Compile Driver","floor":7},{"not_picked":["Fusion","Steam Power"],"picked":"Hyperbeam","floor":8},{"not_picked":["Hello World","Reprogram+1"],"picked":"Reboot+1","floor":14},{"not_picked":["Core Surge","Hyperbeam"],"picked":"Fission+1","floor":16},{"not_picked":["Cold Snap","Go for the Eyes","Static Discharge"],"picked":"SKIP","floor":18},{"not_picked":["Cold Snap","Static Discharge"],"picked":"Go for the Eyes","floor":18},{"not_picked":["Storm","Chaos+1","Leap+1"],"picked":"SKIP","floor":19}],"player_experience":1126168,"relics_obtained":[{"floor":6,"key":"Orichalcum"},{"floor":8,"key":"Tiny Chest"},{"floor":9,"key":"Toxic Egg 2"},{"floor":10,"key":"Odd Mushroom"},{"floor":14,"key":"StrikeDummy"},{"floor":20,"key":"Torii"}],"event_choices":[{"damage_healed":0,"gold_gain":0,"player_choice":"Fought Mushrooms","damage_taken":0,"max_hp_gain":0,"max_hp_loss":0,"event_name":"Mushrooms","floor":10,"gold_loss":0},{"damage_healed":0,"gold_gain":0,"player_choice":"Paid Gold","damage_taken":0,"relics_obtained":["Kunai"],"max_hp_gain":0,"max_hp_loss":0,"event_name":"WeMeetAgain","floor":12,"gold_loss":50}],"is_beta":false,"boss_relics":[{"not_picked":["Philosopher\u0027s Stone","Ectoplasm"],"picked":"Runic Pyramid"}],"items_purged_floors":[5],"is_endless":false,"potions_floor_spawned":[1,4,10,14,18],"killed_by":"Centurion and Healer","ascension_level":20}}