{"host":"a99cgagtsic7fuyb","time":1609003025,"event":{"mods":["BaseMod","Downfall","Hermit","Lobotomy","Minty Spire (QoL Compilation)","Replay The Spire","StSLib","The Cursed"],"gold_per_floor":[114,129,144,87,18,48,63,14,14,14,29,29,44,59,59,159,159,174,174,99,99,114,114,114,114],"floor_reached":23,"playtime":2125,"items_purged":["Shame"],"score":193,"play_id":"512c0878-4325-4cda-9511-a6f0dfb352c7","local_time":"20201227011705","daily_mods":["Draft","Time Dilation","downfall:Hexed"],"is_ascension_mode":false,"campfire_choices":[{"data":"Slimebound:Chomp","floor":10,"key":"SMITH"},{"floor":12,"key":"REST"},{"data":"Slimebound:GoopTackle","floor":15,"key":"SMITH"}],"circlet_count":0,"master_deck":["Slimebound:GoopSpray","Slimebound:SlimeBrawl","Slimebound:ComboTackle","Slimebound:SlimeTap","Slimebound:Equalize","Slimebound:TongueLash","Slimebound:SlimeBrawl","Slimebound:Replication","Slimebound:LeadByExample","Slimebound:LivingWall","Slimebound:RollThrough","Slimebound:MegaLick","Slimebound:ServeAndProtect","Slimebound:SlimeBarrage","Slimebound:FirmFortitude","Slimebound:BestDefense","Slimebound:GoopTackle+1","Slimebound:Chomp+1","Slimebound:Gluttony+1","Slimebound:Prepare","Slimebound:TagTeam","Slimebound:AcidTongue","Slimebound:AcidTongue","Slimebound:RejuvenatingLick","Slimebound:OozeBath","Slimebound:MinionMaster+1","Slimebound:Equalize","Slimebound:SpikyOuterGoop+1","Slimebound:SamplingLick"],"relics":["Slimebound:AbsorbEndCombat","Velvet Choker","Regal Pillow","Bag of Marbles","Frozen Egg 2","Honey Jar","Replay:Towering Pillar of Hats"],"acts_visited":["Exordium","TheCity"],"potions_floor_usage":[16,16,16,22],"damage_taken":[{"damage":4,"enemies":"Cultist","floor":1,"turns":4},{"damage":0,"enemies":"Small Slimes","floor":2,"turns":2},{"damage":3,"enemies":"2 Louse","floor":3,"turns":2},{"damage":6,"enemies":"Gremlin Nob","floor":6,"turns":3},{"damage":3,"enemies":"Large Slime","floor":7,"turns":3},{"damage":34,"enemies":"Gremlin Gang","floor":11,"turns":4},{"damage":4,"enemies":"2 Fungi Beasts","floor":13,"turns":3},{"damage":12,"enemies":"Exordium Thugs","floor":14,"turns":5},{"damage":7,"enemies":"Fading Forest","floor":16,"turns":11},{"damage":10,"enemies":"Chosen","floor":18,"turns":4},{"damage":26,"enemies":"Shell Parasite","floor":22,"turns":4},{"damage":61,"enemies":"Slavers","floor":23,"turns":3}],"seed_played":"5451747836825439005","potions_obtained":[{"floor":3,"key":"Block Potion"},{"floor":6,"key":"Cursed Concoction"},{"floor":7,"key":"BlessingOfTheForge"},{"floor":16,"key":"Doom Potion"},{"floor":18,"key":"Languid Potion"}],"is_trial":false,"path_per_floor":["M","M","M","$","?","E","M","$","T","R","M","R","M","M","R","B",null,"M","?","$","?","M","E"],"character_chosen":"SLIMEBOUND","items_purchased":["Slimebound:Gluttony+1","Slimebound:AcidTongue"],"campfire_rested":1,"item_purchase_floors":[4,8],"current_hp_per_floor":[60,60,60,60,60,60,60,60,60,60,34,60,60,56,56,60,60,60,60,60,60,51,0,0,0],"gold":114,"neow_bonus":"","is_daily":true,"chose_seed":false,"campfire_upgraded":2,"win_rate":0.0,"timestamp":1609003025,"path_taken":["M","?","M","$","?","E","M","?","T","R","M","R","M","M","R","BOSS","M","?","$","?","M","E"],"items_purchased_type":["Card","Card"],"build_version":"2020-12-22","purchased_purges":1,"victory":false,"max_hp_per_floor":[60,60,60,60,60,60,60,60,60,60,60,60,60,60,60,60,60,60,60,60,60,60,60,60,60],"card_choices":[{"not_picked":["Slimebound:SplitAcid","Slimebound:ComboTackle"],"picked":"Slimebound:GoopSpray","floor":0},{"not_picked":["Slimebound:Equalize","Slimebound:LivingWall"],"picked":"Slimebound:SlimeBrawl","floor":0},{"not_picked":["Slimebound:Grow","Slimebound:PressTheAttack"],"picked":"Slimebound:ComboTackle","floor":0},{"not_picked":["Slimebound:FinishingTackle","Slimebound:RejuvenatingLick"],"picked":"Slimebound:SlimeTap","floor":0},{"not_picked":["Slimebound:FinishingTackle","Slimebound:Grow"],"picked":"Slimebound:Equalize","floor":0},{"not_picked":["Slimebound:SplitAcid","Slimebound:RollThrough"],"picked":"Slimebound:TongueLash","floor":0},{"not_picked":["Slimebound:MegaLick","Slimebound:GrowthPunch"],"picked":"Slimebound:SlimeBrawl","floor":0},{"not_picked":["Slimebound:SlimeBrawl","Slimebound:PressTheAttack"],"picked":"Slimebound:Replication","floor":0},{"not_picked":["Slimebound:ServeAndProtect","Slimebound:LevelUp"],"picked":"Slimebound:LeadByExample","floor":0},{"not_picked":["Slimebound:ViciousTackle","Slimebound:RollThrough"],"picked":"Slimebound:LivingWall","floor":0},{"not_picked":["Slimebound:SlimeSpikes","Slimebound:GoopSpray"],"picked":"Slimebound:RollThrough","floor":0},{"not_picked":["Slimebound:FinishingTackle","Slimebound:Schlurp"],"picked":"Slimebound:MegaLick","floor":0},{"not_picked":["Slimebound:SlimeSpikes","Slimebound:SplitAcid"],"picked":"Slimebound:ServeAndProtect","floor":0},{"not_picked":["Slimebound:SplitAcid","Slimebound:LeechingTouch"],"picked":"Slimebound:SlimeBarrage","floor":0},{"not_picked":["Slimebound:LeechEnergy","Slimebound:ForwardTackle"],"picked":"Slimebound:FirmFortitude","floor":0},{"not_picked":["Slimebound:LeechingTouch","Slimebound:FinishingTackle"],"picked":"Slimebound:BestDefense","floor":1},{"not_picked":["Slimebound:GoopSpray","Slimebound:SplitMire"],"picked":"Slimebound:GoopTackle","floor":2},{"not_picked":["Slimebound:Replication","Slimebound:SplitAcid"],"picked":"Slimebound:Chomp","floor":3},{"not_picked":["Slimebound:ForwardTackle","Slimebound:DivideAndConquer"],"picked":"Slimebound:Prepare","floor":6},{"not_picked":["Slimebound:Schlurp","Slimebound:GoopSpray"],"picked":"Slimebound:TagTeam","floor":7},{"not_picked":["Slimebound:ServeAndProtect","Slimebound:SplitAcid","Slimebound:SplitBruiser"],"picked":"SKIP","floor":11},{"not_picked":["Slimebound:SplitLeeching","Slimebound:Schlurp"],"picked":"Slimebound:RejuvenatingLick","floor":13},{"not_picked":["Slimebound:Schlurp","Slimebound:RollThrough"],"picked":"Slimebound:OozeBath","floor":14},{"not_picked":["Slimebound:DouseInSlime","Slimebound:OozeBath"],"picked":"Slimebound:MinionMaster+1","floor":16},{"not_picked":["Slimebound:SplitAcid","Slimebound:SplitBruiser","Slimebound:ProtectTheBoss+1"],"picked":"Slimebound:Equalize","floor":18},{"not_picked":["Slimebound:SlimeBarrage","Slimebound:Replication","Slimebound:SlimeTap+1"],"picked":"Slimebound:SamplingLick","floor":22}],"player_experience":94885,"relics_obtained":[{"floor":6,"key":"Bag of Marbles"},{"floor":9,"key":"Frozen Egg 2"}],"event_choices":[{"damage_healed":0,"gold_gain":0,"player_choice":"Paid Gold","damage_taken":0,"relics_obtained":["Regal Pillow"],"max_hp_gain":0,"max_hp_loss":0,"event_name":"WeMeetAgain","floor":5,"gold_loss":69},{"damage_healed":0,"gold_gain":0,"player_choice":"Stole Relic","damage_taken":0,"relics_obtained":["Replay:Towering Pillar of Hats"],"max_hp_gain":0,"max_hp_loss":0,"event_name":"Addict","floor":19,"gold_loss":0,"cards_obtained":["Shame"]},{"damage_healed":0,"gold_gain":0,"player_choice":"Read","damage_taken":0,"max_hp_gain":0,"max_hp_loss":0,"event_name":"The Library","floor":21,"gold_loss":0,"cards_obtained":["Slimebound:SpikyOuterGoop"]}],"is_beta":false,"boss_relics":[{"not_picked":["SacredBark","Runic Pyramid"],"picked":"Honey Jar"}],"items_purged_floors":[20],"is_endless":false,"potions_floor_spawned":[3,6,7,11,16,18],"killed_by":"Slavers","ascension_level":0}}