{"host":"w3q5ijqu8eoknil3","time":1609009189,"event":{"mods":["AchievementEnabler","BaseMod","Block Reminder","Colored Powertips","Minty Spire (QoL Compilation)","Quick Restart","Relic Stats","ojb\u0027s Better Paths Mod","ojb\u0027s Info Mod","slay the spire mod where everything is the same but ironclad has a cowboy hat"],"gold_per_floor":[111,111,121,121,137,168,168,202,250,250,262,284,284,297,297,391,391,405,91,141,159,179,222,222,260,260,260,274,274,274],"floor_reached":29,"playtime":1081,"items_purged":["Strike_R"],"score":596,"play_id":"b7a254ec-97d9-48e6-a819-1479c0f45d0f","local_time":"20201226185949","is_ascension_mode":true,"campfire_choices":[{"floor":7,"key":"REST"},{"data":"Whirlwind","floor":10,"key":"SMITH"},{"floor":15,"key":"REST"},{"data":"Heavy Blade","floor":27,"key":"SMITH"}],"circlet_count":0,"master_deck":["AscendersBane","Strike_R","Strike_R+1","Strike_R","Strike_R","Defend_R","Defend_R+1","Defend_R","Defend_R","Bash","Cleave","Whirlwind+1","Clothesline","Juggernaut","Flex+1","Armaments+1","Spot Weakness+1","Flame Barrier+1","Impervious+1","Twin Strike","Heavy Blade+1","Shrug It Off+1","Feel No Pain+1","Disarm+1","Spot Weakness+1","Whirlwind+1"],"relics":["Sozu","Toxic Egg 2","Ancient Tea Set","Tiny Chest","Odd Mushroom","Golden Idol","Snecko Eye","Membership Card","PreservedInsect","Ginger","Pear","Frozen Egg 2","Gremlin Horn"],"acts_visited":["Exordium","TheCity"],"potions_floor_usage":[],"damage_taken":[{"damage":0,"enemies":"2 Louse","floor":1,"turns":2},{"damage":0,"enemies":"Small Slimes","floor":3,"turns":3},{"damage":0,"enemies":"Cultist","floor":5,"turns":3},{"damage":16,"enemies":"Lagavulin","floor":6,"turns":8},{"damage":26,"enemies":"Gremlin Nob","floor":8,"turns":4},{"damage":12,"enemies":"Exordium Wildlife","floor":11,"turns":2},{"damage":11,"enemies":"The Mushroom Lair","floor":12,"turns":3},{"damage":0,"enemies":"2 Fungi Beasts","floor":14,"turns":1},{"damage":16,"enemies":"The Guardian","floor":16,"turns":10},{"damage":5,"enemies":"Chosen","floor":18,"turns":5},{"damage":14,"enemies":"3 Byrds","floor":21,"turns":4},{"damage":13,"enemies":"Snecko","floor":22,"turns":5},{"damage":20,"enemies":"Book of Stabbing","floor":23,"turns":6},{"damage":0,"enemies":"Gremlin Leader","floor":25,"turns":4},{"damage":3,"enemies":"Shelled Parasite and Fungi","floor":28,"turns":5},{"damage":8,"enemies":"Snake Plant","floor":29,"turns":2}],"seed_played":"-894635315120191893","potions_obtained":[],"is_trial":false,"path_per_floor":["M","?","M","?","M","E","R","E","T","R","M","?","?","M","R","B",null,"M","$","?","M","M","E","T","E","T","R","M","M"],"character_chosen":"IRONCLAD","items_purchased":["Membership Card","PreservedInsect","Heavy Blade"],"campfire_rested":2,"item_purchase_floors":[19,19,19],"current_hp_per_floor":[68,45,45,45,45,29,51,25,25,25,13,2,2,2,22,6,53,48,48,48,34,21,1,11,11,11,11,8,0,0],"gold":274,"neow_bonus":"BOSS_RELIC","is_daily":false,"chose_seed":false,"campfire_upgraded":2,"win_rate":0.0,"timestamp":1609009189,"path_taken":["M","?","M","?","M","E","R","E","T","R","M","?","?","M","R","BOSS","M","$","?","M","M","E","?","E","T","R","M","M"],"items_purchased_type":["Relic","Relic","Card"],"build_version":"2020-12-22","purchased_purges":1,"victory":false,"max_hp_per_floor":[75,75,75,75,75,75,75,75,75,75,75,75,68,68,68,68,68,68,68,68,68,68,68,78,78,78,78,78,78,78],"relic_stats":{"Sozu":5,"Gremlin Horn":[1,1],"counters":[16,67],"Golden Idol":53,"Snecko Eye":[50,45,46,59],"Tiny Chest":1,"PreservedInsect":91,"Ginger":[2],"obtain_stats":[{"Pear":24,"Gremlin Horn":26,"Golden Idol":13,"PreservedInsect":19,"Ginger":23,"Odd Mushroom":12,"Frozen Egg 2":25,"Ancient Tea Set":8,"Burning Blood":0,"Sozu":0,"Snecko Eye":17,"Tiny Chest":9,"Membership Card":19,"Toxic Egg 2":6},{"Pear":13,"Gremlin Horn":14,"Golden Idol":7,"PreservedInsect":10,"Ginger":13,"Odd Mushroom":7,"Frozen Egg 2":14,"Ancient Tea Set":5,"Burning Blood":0,"Sozu":0,"Snecko Eye":9,"Tiny Chest":5,"Membership Card":10,"Toxic Egg 2":4},{"Pear":56,"Gremlin Horn":60,"Golden Idol":25,"PreservedInsect":41,"Ginger":56,"Odd Mushroom":25,"Frozen Egg 2":60,"Ancient Tea Set":20,"Burning Blood":0,"Sozu":0,"Snecko Eye":36,"Tiny Chest":20,"Membership Card":41,"Toxic Egg 2":16}]},"card_choices":[{"not_picked":["Body Slam","Dark Embrace"],"picked":"Cleave","floor":1},{"not_picked":["Headbutt","Entrench"],"picked":"Whirlwind","floor":3},{"not_picked":["Twin Strike","Sever Soul"],"picked":"Clothesline","floor":5},{"not_picked":["Twin Strike","Wild Strike"],"picked":"Juggernaut","floor":6},{"not_picked":["Clothesline","Sentinel+1"],"picked":"Flex+1","floor":8},{"not_picked":["Sword Boomerang","True Grit+1"],"picked":"Armaments+1","floor":11},{"not_picked":["Anger","Sentinel+1"],"picked":"Spot Weakness+1","floor":12},{"not_picked":["Corruption","Anger"],"picked":"Flame Barrier+1","floor":14},{"not_picked":["Exhume+1","Demon Form"],"picked":"Impervious+1","floor":16},{"not_picked":["Inflame","Warcry+1"],"picked":"Twin Strike","floor":18},{"not_picked":["Clothesline","Perfected Strike"],"picked":"Shrug It Off+1","floor":21},{"not_picked":["Iron Wave","Rampage"],"picked":"Feel No Pain+1","floor":22},{"not_picked":["Inflame","Armaments+1"],"picked":"Disarm+1","floor":23},{"not_picked":["Headbutt","Flex+1"],"picked":"Spot Weakness+1","floor":25},{"not_picked":["Thunderclap","Anger"],"picked":"Whirlwind+1","floor":28}],"player_experience":951859,"relics_obtained":[{"floor":6,"key":"Toxic Egg 2"},{"floor":8,"key":"Ancient Tea Set"},{"floor":9,"key":"Tiny Chest"},{"floor":12,"key":"Odd Mushroom"},{"floor":23,"key":"Ginger"},{"floor":24,"key":"Pear"},{"floor":25,"key":"Frozen Egg 2"},{"floor":26,"key":"Gremlin Horn"}],"event_choices":[{"damage_healed":0,"gold_gain":0,"player_choice":"Entered Light","damage_taken":23,"max_hp_gain":0,"max_hp_loss":0,"event_name":"Shining Light","floor":2,"gold_loss":0,"cards_upgraded":["Strike_R","Defend_R"]},{"damage_healed":0,"gold_gain":0,"player_choice":"Leave","damage_taken":0,"max_hp_gain":0,"max_hp_loss":0,"event_name":"The Cleric","floor":4,"gold_loss":0},{"damage_healed":0,"gold_gain":0,"player_choice":"Fought Mushrooms","damage_taken":0,"max_hp_gain":0,"max_hp_loss":0,"event_name":"Mushrooms","floor":12,"gold_loss":0},{"damage_healed":0,"gold_gain":0,"player_choice":"Lose Max HP","damage_taken":0,"relics_obtained":["Golden Idol"],"max_hp_gain":0,"max_hp_loss":7,"event_name":"Golden Idol","floor":13,"gold_loss":0},{"damage_healed":0,"gold_gain":50,"player_choice":"Stole From Cult","damage_taken":0,"max_hp_gain":0,"max_hp_loss":0,"event_name":"Nest","floor":20,"gold_loss":0}],"is_beta":false,"boss_relics":[{"not_picked":["Velvet Choker","Fusion Hammer"],"picked":"Snecko Eye"}],"items_purged_floors":[19],"is_endless":false,"potions_floor_spawned":[8,12,14,21,25],"killed_by":"Snake Plant","ascension_level":20}}