{"host":"a7dhdzm3fda48fos","time":1609005358,"event":{"mods":["AchievementEnabler","BaseMod","Colored Map","Gold Saver","Minty Spire (QoL Compilation)","Remove Card Discount Mod","Shop Mod","StSLib"],"gold_per_floor":[621,632,632,483,483,514,514,514,541,556,521,446,464,418,418,514,514,532,532,342,357,357,357,391,391,416,435,283,283,283],"floor_reached":29,"playtime":1198,"items_purged":["Dualcast","Gash+1","Double Energy","Beam Cell","Sweeping Beam","All For One","Rebound"],"score":239,"play_id":"bf0918be-20ff-4b22-8028-1bb0ace89c7a","local_time":"20201226185558","is_ascension_mode":false,"campfire_choices":[{"data":"Double Energy","floor":7,"key":"SMITH"},{"data":"Capacitor","floor":15,"key":"SMITH"},{"data":"Loop","floor":23,"key":"SMITH"}],"circlet_count":0,"master_deck":["Strike_B+1","Strike_B+1","Strike_B+1","Strike_B+1","Defend_B+1","Defend_B+1","Defend_B+1","Defend_B+1","Zap","Coolheaded","Defragment+1","Streamline","Double Energy+1","Sweeping Beam","Ball Lightning","Capacitor+1","FTL","Skim+1","Loop+1","Amplify"],"relics":["Cracked Core","Lantern","Anchor","Prayer Wheel","Omamori","Sozu","Bronze Scales","Nunchaku","Dream Catcher","MerchantsRug"],"acts_visited":["Exordium","TheCity"],"potions_floor_usage":[],"damage_taken":[{"damage":2,"enemies":"Cultist","floor":1,"turns":4},{"damage":8,"enemies":"2 Louse","floor":2,"turns":2},{"damage":29,"enemies":"Gremlin Nob","floor":6,"turns":4},{"damage":0,"enemies":"Jaw Worm","floor":10,"turns":3},{"damage":8,"enemies":"3 Louse","floor":13,"turns":3},{"damage":24,"enemies":"Hexaghost","floor":16,"turns":9},{"damage":16,"enemies":"3 Byrds","floor":18,"turns":4},{"damage":0,"enemies":"Chosen","floor":21,"turns":3},{"damage":20,"enemies":"Book of Stabbing","floor":24,"turns":4},{"damage":34,"enemies":"3 Cultists","floor":27,"turns":5},{"damage":15,"enemies":"Snake Plant","floor":29,"turns":2}],"seed_played":"-3923285422860453081","potions_obtained":[{"floor":2,"key":"AttackPotion"},{"floor":6,"key":"LiquidMemories"},{"floor":10,"key":"SpeedPotion"},{"floor":16,"key":"Energy Potion"}],"is_trial":false,"path_per_floor":["M","M","?","$","?","E","R","T","T","M","?","$","M","$","R","B",null,"M","?","$","M","?","R","E","?","T","M","$","M"],"character_chosen":"DEFECT","items_purchased":["Lantern","Capacitor","Rebound","Loop","Bronze Scales","MerchantsRug"],"campfire_rested":0,"item_purchase_floors":[4,12,14,20,20,28],"current_hp_per_floor":[73,65,70,70,70,41,41,41,41,41,61,61,53,53,53,29,80,64,64,64,64,64,64,44,44,44,10,10,0,0],"gold":283,"neow_bonus":"THREE_CARDS","is_daily":false,"chose_seed":false,"campfire_upgraded":3,"win_rate":0.0,"timestamp":1609005358,"path_taken":["M","?","?","$","?","E","R","?","T","M","?","?","M","$","R","BOSS","M","?","$","M","?","R","E","?","T","M","$","M"],"items_purchased_type":["Relic","Card","Card","Card","Relic","Relic"],"build_version":"2020-12-22","purchased_purges":7,"victory":false,"max_hp_per_floor":[75,75,80,80,80,80,80,80,80,80,80,80,80,80,80,80,80,80,80,80,80,80,80,80,80,80,80,80,80,80],"card_choices":[{"not_picked":["Steam","Compile Driver"],"picked":"Coolheaded","floor":0},{"not_picked":["Coolheaded","Go for the Eyes"],"picked":"Defragment","floor":1},{"not_picked":["Chaos","Cold Snap"],"picked":"Streamline","floor":2},{"not_picked":["Stack","Redo"],"picked":"Double Energy","floor":6},{"not_picked":["Ball Lightning","Coolheaded"],"picked":"Sweeping Beam","floor":10},{"not_picked":["Blizzard","Glacier"],"picked":"Ball Lightning","floor":10},{"not_picked":["Barrage","Cold Snap"],"picked":"FTL","floor":13},{"not_picked":["Steam","Fission","Leap"],"picked":"SKIP","floor":13},{"not_picked":["Multi-Cast","Fission"],"picked":"All For One","floor":16},{"not_picked":["Conserve Battery","Steam+1"],"picked":"Skim+1","floor":18},{"not_picked":["Steam Power","Leap","Auto Shields"],"picked":"SKIP","floor":18},{"not_picked":["Cold Snap","Hologram"],"picked":"Double Energy","floor":21},{"not_picked":["Barrage","Gash"],"picked":"Sweeping Beam","floor":21},{"not_picked":["Steam Power","Redo","Biased Cognition"],"picked":"SKIP","floor":24},{"not_picked":["Compile Driver","Leap"],"picked":"Gash+1","floor":27},{"not_picked":["Leap+1","Redo"],"picked":"Beam Cell","floor":27}],"player_experience":27576,"relics_obtained":[{"floor":6,"key":"Anchor"},{"floor":8,"key":"Prayer Wheel"},{"floor":9,"key":"Omamori"},{"floor":24,"key":"Nunchaku"},{"floor":26,"key":"Dream Catcher"}],"event_choices":[{"damage_healed":0,"gold_gain":0,"player_choice":"Donut","damage_taken":0,"max_hp_gain":5,"max_hp_loss":0,"event_name":"Big Fish","floor":3,"gold_loss":0},{"damage_healed":0,"gold_gain":0,"player_choice":"Grow","damage_taken":0,"max_hp_gain":0,"max_hp_loss":0,"event_name":"Living Wall","floor":5,"gold_loss":0,"cards_upgraded":["Defragment"]},{"damage_healed":20,"gold_gain":0,"player_choice":"Healed","damage_taken":0,"max_hp_gain":0,"max_hp_loss":0,"event_name":"The Cleric","floor":11,"gold_loss":35},{"damage_healed":0,"gold_gain":0,"player_choice":"Ignored","damage_taken":0,"max_hp_gain":0,"max_hp_loss":0,"event_name":"Ghosts","floor":19,"gold_loss":0},{"damage_healed":0,"gold_gain":0,"player_choice":"Read","damage_taken":0,"max_hp_gain":0,"max_hp_loss":0,"event_name":"The Library","floor":22,"gold_loss":0,"cards_obtained":["Amplify"]},{"damage_healed":0,"gold_gain":0,"player_choice":"Simplicity","damage_taken":0,"max_hp_gain":0,"max_hp_loss":0,"event_name":"Back to Basics","floor":25,"gold_loss":0,"cards_upgraded":["Strike_B","Strike_B","Strike_B","Strike_B","Defend_B","Defend_B","Defend_B","Defend_B"]}],"is_beta":false,"boss_relics":[{"not_picked":["Runic Dome","Tiny House"],"picked":"Sozu"}],"items_purged_floors":[20,28,28,28,28,28,28],"is_endless":false,"potions_floor_spawned":[2,6,10,16,21,27],"killed_by":"Snake Plant","ascension_level":0}}