{"host":"7elm0r5975gb9iir","time":1609023905,"event":{"mods":["AchievementEnabler","BaseMod","Colored Map","DeckTracker","Keyboard Shortcuts","Minty Spire (QoL Compilation)","Permanent Neow","Random Character Button","SuperFastMode"],"gold_per_floor":[213,231,231,242,262,262,290,290,313,313,346,358,358,431,431,528,528,539,539,8,22,34,34,61,61,131,131,31,31,49,149,149,254,254,270,270,270],"floor_reached":38,"playtime":2172,"items_purged":["Defend_R","Defend_R"],"score":679,"play_id":"69883bf2-9274-4956-818a-c9b90896deac","local_time":"20201227080505","is_ascension_mode":true,"campfire_choices":[{"data":"Searing Blow+1","floor":8,"key":"SMITH"},{"data":"Searing Blow+2","floor":10,"key":"SMITH"},{"data":"Searing Blow+3","floor":13,"key":"SMITH"},{"data":"Searing Blow+4","floor":15,"key":"SMITH"},{"data":"Searing Blow+5","floor":23,"key":"SMITH"},{"data":"Searing Blow+6","floor":25,"key":"SMITH"},{"data":"Searing Blow+7","floor":27,"key":"SMITH"},{"data":"Searing Blow+8","floor":29,"key":"SMITH"},{"data":"Searing Blow+9","floor":32,"key":"SMITH"}],"circlet_count":0,"master_deck":["Defend_R","Defend_R","Bash","Twin Strike","Searing Blow+10","Battle Trance","Flex","Blood for Blood","Berserk","Pommel Strike","Impervious","Warcry+1","Bite","Bite","Bite","Bite","Bite","Shrug It Off","Warcry+1","Shrug It Off+1","Flex+1","Seeing Red","Brutality"],"relics":["Burning Blood","Bronze Scales","Strawberry","Runic Cube","Bag of Preparation","White Beast Statue","Calipers","Gremlin Horn","Lizard Tail","Eternal Feather","SlaversCollar"],"acts_visited":["Exordium","TheCity","TheBeyond"],"potions_floor_usage":[4,7,16,16,24,30,35,37,37,37],"damage_taken":[{"damage":8,"enemies":"Jaw Worm","floor":1,"turns":3},{"damage":1,"enemies":"Cultist","floor":2,"turns":3},{"damage":6,"enemies":"2 Louse","floor":4,"turns":3},{"damage":12,"enemies":"Blue Slaver","floor":5,"turns":2},{"damage":26,"enemies":"Lagavulin","floor":7,"turns":5},{"damage":18,"enemies":"3 Sentries","floor":11,"turns":4},{"damage":2,"enemies":"3 Louse","floor":12,"turns":3},{"damage":23,"enemies":"Slime Boss","floor":16,"turns":5},{"damage":18,"enemies":"Shell Parasite","floor":18,"turns":3},{"damage":2,"enemies":"Chosen","floor":21,"turns":3},{"damage":27,"enemies":"Centurion and Healer","floor":22,"turns":5},{"damage":26,"enemies":"Book of Stabbing","floor":24,"turns":6},{"damage":0,"enemies":"Snake Plant","floor":30,"turns":2},{"damage":4,"enemies":"Colosseum Slavers","floor":31,"turns":3},{"damage":14,"enemies":"Colosseum Nobs","floor":31,"turns":4},{"damage":72,"enemies":"Champ","floor":33,"turns":8},{"damage":9,"enemies":"3 Shapes","floor":35,"turns":4},{"damage":109,"enemies":"Awakened One","floor":37,"turns":9}],"seed_played":"2601841359379207833","potions_obtained":[{"floor":2,"key":"Weak Potion"},{"floor":3,"key":"Block Potion"},{"floor":3,"key":"Weak Potion"},{"floor":5,"key":"AttackPotion"},{"floor":18,"key":"Strength Potion"},{"floor":21,"key":"EssenceOfSteel"},{"floor":22,"key":"DistilledChaos"},{"floor":24,"key":"Ancient Potion"},{"floor":30,"key":"CultistPotion"},{"floor":31,"key":"Fire Potion"},{"floor":33,"key":"AttackPotion"},{"floor":35,"key":"Weak Potion"}],"is_trial":false,"path_per_floor":["M","M","?","M","M","?","E","R","T","R","E","M","R","?","R","B",null,"M","?","$","M","M","R","E","R","T","R","$","R","M","?","R","B",null,"M","?","B",null],"character_chosen":"IRONCLAD","items_purchased":["Bag of Preparation","White Beast Statue","Shrug It Off"],"campfire_rested":0,"item_purchase_floors":[20,20,20],"current_hp_per_floor":[78,80,80,80,74,74,54,54,54,54,51,57,57,57,57,42,87,75,75,75,87,72,72,62,62,62,62,62,62,72,83,87,33,87,84,84,50],"gold":270,"neow_bonus":"HUNDRED_GOLD","is_daily":false,"chose_seed":false,"campfire_upgraded":9,"win_rate":0.0,"timestamp":1609023905,"path_taken":["M","M","?","M","?","?","E","R","T","R","E","M","R","?","R","BOSS","M","?","$","M","M","R","E","R","T","R","$","R","M","?","R","BOSS","M","?","BOSS"],"items_purchased_type":["Relic","Relic","Card"],"build_version":"2020-12-22","purchased_purges":2,"victory":true,"max_hp_per_floor":[80,80,80,80,80,80,80,80,80,80,87,87,87,87,87,87,87,87,87,87,87,87,87,87,87,87,87,87,87,87,87,87,87,87,87,87,87],"card_choices":[{"not_picked":["Fire Breathing","Spot Weakness"],"picked":"Twin Strike","floor":1},{"not_picked":["Cleave","Anger"],"picked":"Searing Blow","floor":2},{"not_picked":["Thunderclap","Heavy Blade"],"picked":"Battle Trance","floor":4},{"not_picked":["Clothesline","Perfected Strike"],"picked":"Flex","floor":5},{"not_picked":["Anger","Pommel Strike"],"picked":"Blood for Blood","floor":7},{"not_picked":["Disarm","Anger"],"picked":"Berserk","floor":11},{"not_picked":["Clothesline","Headbutt"],"picked":"Pommel Strike","floor":12},{"not_picked":["Berserk","Juggernaut"],"picked":"Impervious","floor":16},{"not_picked":["Burning Pact","Pummel+1"],"picked":"Warcry+1","floor":18},{"not_picked":["Thunderclap","Iron Wave"],"picked":"Warcry+1","floor":21},{"not_picked":["Body Slam","Rampage+1"],"picked":"Shrug It Off+1","floor":22},{"not_picked":["Double Tap","Armaments"],"picked":"Flex+1","floor":24},{"not_picked":["Body Slam","Dual Wield"],"picked":"Seeing Red","floor":30},{"not_picked":["Feed","Limit Break"],"picked":"Brutality","floor":33},{"not_picked":["Flex+1","Sever Soul","Blood for Blood"],"picked":"SKIP","floor":35}],"player_experience":65390,"relics_obtained":[{"floor":7,"key":"Blood Vial"},{"floor":9,"key":"Bronze Scales"},{"floor":11,"key":"Strawberry"},{"floor":24,"key":"Calipers"},{"floor":26,"key":"Gremlin Horn"},{"floor":31,"key":"Lizard Tail"},{"floor":31,"key":"Eternal Feather"}],"event_choices":[{"damage_healed":0,"gold_gain":0,"player_choice":"Got Potions","damage_taken":0,"max_hp_gain":0,"max_hp_loss":0,"event_name":"Lab","floor":3,"gold_loss":0},{"damage_healed":0,"gold_gain":0,"player_choice":"Grow","damage_taken":0,"max_hp_gain":0,"max_hp_loss":0,"event_name":"Living Wall","floor":6,"gold_loss":0,"cards_upgraded":["Searing Blow"]},{"damage_healed":0,"gold_gain":73,"player_choice":"Gained Gold","damage_taken":0,"max_hp_gain":0,"max_hp_loss":0,"event_name":"Golden Wing","floor":14,"gold_loss":0},{"damage_healed":0,"gold_gain":0,"player_choice":"Became a vampire (Vial)","damage_taken":0,"max_hp_gain":0,"max_hp_loss":0,"event_name":"Vampires","floor":19,"relics_lost":["Blood Vial"],"gold_loss":0,"cards_obtained":["Bite","Bite","Bite","Bite","Bite"]},{"damage_healed":0,"gold_gain":0,"player_choice":"Fight","damage_taken":0,"max_hp_gain":0,"max_hp_loss":0,"event_name":"Colosseum","floor":31,"gold_loss":0},{"damage_healed":0,"gold_gain":0,"player_choice":"Fought Nobs","damage_taken":0,"max_hp_gain":0,"max_hp_loss":0,"event_name":"Colosseum","floor":31,"gold_loss":0},{"damage_healed":0,"gold_gain":0,"player_choice":"Took Portal","damage_taken":0,"max_hp_gain":0,"max_hp_loss":0,"event_name":"SecretPortal","floor":36,"gold_loss":0}],"is_beta":false,"boss_relics":[{"not_picked":["Snecko Eye","Runic Dome"],"picked":"Runic Cube"},{"not_picked":["Philosopher\u0027s Stone","Astrolabe"],"picked":"SlaversCollar"}],"items_purged_floors":[20,28],"is_endless":false,"potions_floor_spawned":[2,5,18,21,22,24,30,31,31,33,35],"ascension_level":1}}