{"host":"nokkww7jwsecww7q","time":1609009904,"event":{"mods":["AchievementEnabler","BaseMod","Better Skull","Better Third Choice","BetterRewards","Colored Map","Colored Powertips","DeckTracker","Displayed Cursed Tome","Minty Spire (QoL Compilation)","Quick Restart","Relic Stats","Spicy Shops","StSLib","Thieving Mod","everything is the same but u backflip on backflip"],"gold_per_floor":[116,131,131,142,160,186,186,211,211,211,86,114,114,114,114,192,192,209,223,305,355,270,302,302,334,334,334,352,108,108,121,121,195,245,258,268,288,304,304,331,331,343,343,343,103,103,103,128,128,128,128],"floor_reached":52,"playtime":2005,"items_purged":["Strike_R","Strike_R","Strike_R","Bash+1"],"score":2057,"play_id":"3c162f8c-7f1c-4ce7-88e0-4a8aa748f751","local_time":"20201226221144","is_ascension_mode":true,"campfire_choices":[{"data":"True Grit","floor":7.0,"key":"SMITH"},{"data":"Shockwave","floor":10.0,"key":"SMITH"},{"data":"Battle Trance","floor":13.0,"key":"SMITH"},{"floor":15.0,"key":"REST"},{"data":"Shrug It Off","floor":24.0,"key":"SMITH"},{"data":"Defend_R","floor":30.0,"key":"SMITH"},{"data":"Shrug It Off","floor":32.0,"key":"SMITH"},{"data":"Impervious","floor":41,"key":"SMITH"},{"data":"Flame Barrier","floor":47,"key":"SMITH"},{"data":"Sentinel","floor":49,"key":"SMITH"}],"circlet_count":0,"master_deck":["AscendersBane","Defend_R","Defend_R","Defend_R+1","Rampage+1","Shockwave+1","Headbutt","True Grit+1","Battle Trance+1","Headbutt","Corruption+1","Exhume","Shrug It Off+1","Seeing Red+1","Shrug It Off+1","Sentinel","Barricade+1","Impervious+1","Body Slam+1","Flame Barrier+1","Sentinel+1"],"relics":["Burning Blood","Red Skull","Brimstone","Whetstone","Champion Belt","Happy Flower","Frozen Egg 2","Bottled Lightning","Strawberry","Empty Cage","Eternal Feather","Boot","Gremlin Horn","Pocketwatch","Kunai","Tiny House","Blood Vial","Bottled Flame","HornCleat","Pear","Self Forming Clay"],"acts_visited":["Exordium","TheCity","TheBeyond"],"potions_floor_usage":[48,48],"damage_taken":[{"damage":8.0,"enemies":"Jaw Worm","floor":1.0,"turns":2.0},{"damage":0.0,"enemies":"Cultist","floor":2.0,"turns":2.0},{"damage":0.0,"enemies":"2 Louse","floor":4.0,"turns":2.0},{"damage":10.0,"enemies":"Red Slaver","floor":5.0,"turns":4.0},{"damage":10.0,"enemies":"Gremlin Nob","floor":6.0,"turns":3.0},{"damage":20.0,"enemies":"3 Sentries","floor":8.0,"turns":5.0},{"damage":19.0,"enemies":"Lagavulin","floor":12.0,"turns":4.0},{"damage":14.0,"enemies":"The Guardian","floor":16.0,"turns":4.0},{"damage":12.0,"enemies":"Spheric Guardian","floor":18.0,"turns":4.0},{"damage":0.0,"enemies":"2 Thieves","floor":19.0,"turns":3.0},{"damage":19.0,"enemies":"Book of Stabbing","floor":23.0,"turns":4.0},{"damage":50.0,"enemies":"Slavers","floor":25.0,"turns":5.0},{"damage":0.0,"enemies":"Snecko","floor":28.0,"turns":4.0},{"damage":0.0,"enemies":"Snake Plant","floor":31.0,"turns":3.0},{"damage":0.0,"enemies":"Automaton","floor":33.0,"turns":4.0},{"damage":0.0,"enemies":"3 Shapes","floor":35.0,"turns":3.0},{"damage":17.0,"enemies":"3 Darklings","floor":36.0,"turns":3.0},{"damage":0.0,"enemies":"Jaw Worm Horde","floor":37.0,"turns":3.0},{"damage":2.0,"enemies":"Transient","floor":38.0,"turns":6.0},{"damage":26,"enemies":"Giant Head","floor":40,"turns":6},{"damage":0,"enemies":"Maw","floor":42,"turns":5},{"damage":39,"enemies":"Reptomancer","floor":48,"turns":6},{"damage":21,"enemies":"Time Eater","floor":50,"turns":8},{"damage":14,"enemies":"Awakened One","floor":51,"turns":8}],"seed_played":"627931268990446550","potions_obtained":[{"floor":2.0,"key":"Regen Potion"},{"floor":5.0,"key":"ElixirPotion"},{"floor":16.0,"key":"Swift Potion"},{"floor":18.0,"key":"LiquidBronze"},{"floor":33.0,"key":"Weak Potion"},{"floor":37.0,"key":"Fire Potion"}],"is_trial":false,"path_per_floor":["M","M","?","M","M","E","R","E","T","R","$","E","R","?","R","B",null,"M","M","T","?","?","E","R","E","T","?","M","$","R","M","R","B",null,"M","M","M","M","?","E","R","M","T","?","$","T","R","E","R","B","B",null],"character_chosen":"IRONCLAD","items_purchased":["Rampage","Red Skull","Brimstone","Whetstone","Seeing Red","HornCleat","Flame Barrier"],"campfire_rested":1,"item_purchase_floors":[0,0,0,0,29,45,45],"current_hp_per_floor":[31,37,37,43,39,35,35,35,35,35,35,22,22,29,53,45,73,67,73,73,73,73,60,66,22,22,22,28,28,34,40,49,55,80,86,75,81,85,85,65,74,82,82,82,82,92,97,64,76,63,57],"gold":128,"neow_bonus":"","is_daily":false,"chose_seed":false,"campfire_upgraded":9,"win_rate":0.0,"timestamp":1609009904,"path_taken":["M","M","?","?","M","E","R","E","T","R","$","E","R","?","R","BOSS","M","M","?","?","?","E","R","E","T","?","M","$","R","?","R","BOSS","M","M","M","M","?","E","R","M","T","?","$","?","R","E","R","BOSS","BOSS"],"items_purchased_type":["Card","Relic","Relic","Relic","Card","Relic","Card"],"build_version":"2020-12-22","purchased_purges":4,"victory":true,"max_hp_per_floor":[75,75,75,75,75,75,75,75,75,75,75,75,75,82,82,82,82,82,82,82,82,82,82,82,82,82,82,82,82,82,82,82,82,87,87,87,87,87,87,87,87,87,87,87,87,97,97,97,97,97,97],"relic_stats":{"Happy Flower":[27],"Gremlin Horn":[16,19],"counters":[64,267],"Self Forming Clay":[15],"Eternal Feather":47,"Whetstone":["Bash","Rampage"],"Boot":[3],"Burning Blood":354,"Blood Vial":6,"Champion Belt":[50],"Kunai":[24],"obtain_stats":[{"Tiny House":34,"Gremlin Horn":0,"Vajra":48,"Whetstone":0,"Boot":22,"Blood Vial":40,"HornCleat":45,"Sundial":31,"Strawberry":27,"Kunai":26,"Toxic Egg 2":0,"Girya":14,"Pear":46,"Happy Flower":8,"Oddly Smooth Stone":0,"Eternal Feather":20,"Pen Nib":3,"War Paint":9,"Question Card":0,"Bottled Flame":43,"Brimstone":0,"Unceasing Top":39,"Pocketwatch":25,"Regal Pillow":30,"Lantern":40,"Torii":39,"Juzu Bracelet":0,"Ancient Tea Set":0,"Smiling Mask":11,"Cursed Key":17,"Empty Cage":34,"Burning Blood":0,"ClockworkSouvenir":0,"Dream Catcher":7,"Nunchaku":10,"Mummified Hand":0,"Tiny Chest":30,"WingedGreaves":20,"Red Mask":22,"Red Skull":0,"Potion Belt":23,"Lee\u0027s Waffle":4,"Self Forming Clay":9,"Golden Idol":3,"Orichalcum":26,"Frozen Egg 2":47,"Anchor":13,"Orrery":0,"Membership Card":0,"Bottled Lightning":7,"Champion Belt":6,"TungstenRod":0},{"Tiny House":55,"Gremlin Horn":6,"Vajra":36,"Whetstone":40,"Boot":50,"Blood Vial":60,"HornCleat":61,"Sundial":29,"Strawberry":27,"Kunai":52,"Toxic Egg 2":0,"Girya":21,"Pear":61,"Happy Flower":46,"Oddly Smooth Stone":0,"Eternal Feather":50,"Pen Nib":16,"War Paint":18,"Question Card":4,"Bottled Flame":61,"Brimstone":40,"Unceasing Top":32,"Pocketwatch":52,"Regal Pillow":28,"Lantern":33,"Torii":32,"Juzu Bracelet":4,"Ancient Tea Set":6,"Smiling Mask":12,"Cursed Key":22,"Empty Cage":30,"Burning Blood":0,"ClockworkSouvenir":6,"Dream Catcher":18,"Nunchaku":19,"Mummified Hand":6,"Tiny Chest":28,"WingedGreaves":24,"Red Mask":25,"Red Skull":14,"Potion Belt":26,"Lee\u0027s Waffle":16,"Self Forming Clay":10,"Golden Idol":39,"Orichalcum":26,"Frozen Egg 2":35,"Anchor":13,"Orrery":4,"Membership Card":6,"Bottled Lightning":10,"Champion Belt":45,"TungstenRod":37},{"Tiny House":219,"Gremlin Horn":20,"Vajra":147,"Whetstone":166,"Boot":199,"Blood Vial":240,"HornCleat":245,"Sundial":122,"Strawberry":118,"Kunai":208,"Toxic Egg 2":0,"Girya":98,"Pear":245,"Happy Flower":184,"Oddly Smooth Stone":0,"Eternal Feather":199,"Pen Nib":83,"War Paint":89,"Question Card":13,"Bottled Flame":245,"Brimstone":166,"Unceasing Top":132,"Pocketwatch":208,"Regal Pillow":120,"Lantern":135,"Torii":132,"Juzu Bracelet":13,"Ancient Tea Set":20,"Smiling Mask":61,"Cursed Key":102,"Empty Cage":126,"Burning Blood":0,"ClockworkSouvenir":20,"Dream Catcher":89,"Nunchaku":92,"Mummified Hand":20,"Tiny Chest":120,"WingedGreaves":108,"Red Mask":111,"Red Skull":79,"Potion Belt":114,"Lee\u0027s Waffle":83,"Self Forming Clay":52,"Golden Idol":160,"Orichalcum":114,"Frozen Egg 2":142,"Anchor":68,"Orrery":13,"Membership Card":20,"Bottled Lightning":52,"Champion Belt":179,"TungstenRod":151}],"Pocketwatch":[27]},"card_choices":[{"not_picked":["Dual Wield","Iron Wave","Havoc"],"picked":"SKIP","floor":1.0},{"not_picked":["Fire Breathing","Intimidate"],"picked":"Shockwave","floor":2.0},{"not_picked":["Clothesline","Warcry"],"picked":"True Grit","floor":4.0},{"not_picked":["Shrug It Off","Wild Strike","Entrench"],"picked":"SKIP","floor":5.0},{"not_picked":["Rampage","Inflame"],"picked":"Battle Trance","floor":6.0},{"not_picked":["Warcry","Metallicize"],"picked":"Headbutt","floor":8.0},{"not_picked":["Feed","Anger"],"picked":"Corruption+1","floor":12.0},{"not_picked":["Brutality+1","Demon Form+1"],"picked":"Exhume","floor":16.0},{"not_picked":["Warcry","Perfected Strike","Searing Blow"],"picked":"SKIP","floor":18.0},{"not_picked":["Iron Wave","Perfected Strike","Shrug It Off"],"picked":"SKIP","floor":19.0},{"not_picked":["Iron Wave","Perfected Strike"],"picked":"Shrug It Off","floor":19.0},{"not_picked":["Corruption+1","Hemokinesis","Intimidate"],"picked":"SKIP","floor":23.0},{"not_picked":["Corruption+1","Hemokinesis","Intimidate"],"picked":"SKIP","floor":23.0},{"not_picked":["Sever Soul","Twin Strike+1","Bloodletting"],"picked":"SKIP","floor":25.0},{"not_picked":["Burning Pact","Iron Wave","Clothesline"],"picked":"SKIP","floor":28.0},{"not_picked":["Perfected Strike","Heavy Blade"],"picked":"Shrug It Off","floor":31.0},{"not_picked":["Blood for Blood+1","Dropkick"],"picked":"Sentinel","floor":35.0},{"not_picked":["Heavy Blade","Rage","Sword Boomerang"],"picked":"SKIP","floor":36.0},{"not_picked":["Infernal Blade","Perfected Strike+1"],"picked":"Barricade+1","floor":37.0},{"not_picked":["Iron Wave+1","Bloodletting","Carnage"],"picked":"SKIP","floor":38.0},{"not_picked":["Evolve+1","Havoc"],"picked":"Impervious","floor":40},{"not_picked":["Havoc+1","Anger"],"picked":"Body Slam+1","floor":42},{"not_picked":["Sentinel","Carnage","Iron Wave"],"picked":"SKIP","floor":48},{"not_picked":["Carnage","Iron Wave"],"picked":"Sentinel","floor":48}],"player_experience":541084,"relics_obtained":[{"floor":6.0,"key":"Champion Belt"},{"floor":8.0,"key":"Happy Flower"},{"floor":9.0,"key":"Frozen Egg 2"},{"floor":12.0,"key":"Bottled Lightning"},{"floor":20.0,"key":"Eternal Feather"},{"floor":23.0,"key":"Gremlin Horn"},{"floor":25.0,"key":"Pocketwatch"},{"floor":26.0,"key":"Kunai"},{"floor":40,"key":"Blood Vial"},{"floor":43,"key":"Bottled Flame"},{"floor":46,"key":"Pear"},{"floor":48,"key":"Self Forming Clay"}],"event_choices":[{"damage_healed":0.0,"max_hp_gain":0.0,"max_hp_loss":0.0,"gold_gain":0.0,"cards_transformed":["Strike_R"],"event_name":"Transmorgrifier","player_choice":"Transformed","floor":3.0,"gold_loss":0.0,"damage_taken":0.0,"cards_obtained":["Headbutt"]},{"damage_healed":0.0,"max_hp_gain":0.0,"max_hp_loss":0.0,"gold_gain":0.0,"event_name":"WeMeetAgain","player_choice":"Gave Potion","floor":14.0,"gold_loss":0.0,"damage_taken":0.0,"relics_obtained":["Strawberry"]},{"damage_healed":0.0,"max_hp_gain":0.0,"max_hp_loss":0.0,"gold_gain":50.0,"event_name":"betterThird:BetterNest","player_choice":"Steal","floor":21.0,"gold_loss":0.0,"damage_taken":0.0},{"damage_healed":0.0,"max_hp_gain":0.0,"max_hp_loss":0.0,"gold_gain":0.0,"event_name":"Addict","player_choice":"Obtained Relic","floor":22.0,"gold_loss":85.0,"damage_taken":0.0,"relics_obtained":["Boot"]},{"damage_healed":0.0,"max_hp_gain":0.0,"max_hp_loss":0.0,"gold_gain":0.0,"event_name":"Cursed Tome","player_choice":"Ignored","floor":27.0,"gold_loss":0.0,"damage_taken":0.0},{"damage_healed":0,"gold_gain":0,"player_choice":"Ignored","damage_taken":0,"max_hp_gain":0,"max_hp_loss":0,"event_name":"Mysterious Sphere","floor":39,"gold_loss":0},{"damage_healed":0,"gold_gain":0,"player_choice":"Ignored","damage_taken":0,"max_hp_gain":0,"max_hp_loss":0,"event_name":"Tomb of Lord Red Mask","floor":44,"gold_loss":0}],"is_beta":false,"boss_relics":[{"not_picked":["Velvet Choker","Busted Crown"],"picked":"Empty Cage"},{"not_picked":["Runic Cube","Black Blood"],"picked":"Tiny House"}],"items_purged_floors":[0,0,11,29],"is_endless":false,"potions_floor_spawned":[2,5,6,16,18,33,35,36,37],"ascension_level":20}}