{"host":"1g0zx6fxgd1m75qs","time":1609006354,"event":{"mods":["Act Like it!","BaseMod","GifTheSpireLib","Googly Eyes","Hallownest","Minty Spire (QoL Compilation)","StSLib","The Bug Knight"],"gold_per_floor":[117,42,57,73,93,126,126,158,207,221,181,181,197,127,127,127,127],"floor_reached":16,"playtime":972,"items_purged":[],"score":137,"play_id":"fe87c7eb-9762-481b-9840-f89631843f61","local_time":"20201226191234","is_ascension_mode":false,"campfire_choices":[{"data":"HollowMod:DescendingDark","floor":7,"key":"SMITH"},{"floor":15,"key":"REST"}],"circlet_count":0,"master_deck":["HollowMod:NailStrikeStart","HollowMod:NailStrikeStart","HollowMod:NailStrikeStart","HollowMod:NailStrikeStart","HollowMod:QuickDashStart","HollowMod:QuickDashStart","HollowMod:QuickDashStart","HollowMod:QuickDashStart","HollowMod:FocusHealStart","HollowMod:PogoStrike","HollowMod:CloakDash","HollowMod:DescendingDark+1","HollowMod:VengefulVoid","HollowMod:DescendingDark","HollowMod:ShapeofUnn","HollowMod:GoodIntentions","HollowMod:ChannelNail","HollowMod:WraithStrike"],"relics":["HollowMod:VesselMask","Hallownest:BankAccountRelic","HollowMod:LifeEnderRelic","HollowMod:MantisClawRelic","Orichalcum","Hallownest:DreamNailRelic","Hallownest:StagBellRelic1"],"acts_visited":["Hallownest:Greenpath"],"potions_floor_usage":[8,16,16],"damage_taken":[{"damage":0,"enemies":"Hallownest:monsterHuskWarrior","floor":1,"turns":4},{"damage":8,"enemies":"Hallownest:monsterHuskGuard","floor":3,"turns":5},{"damage":2,"enemies":"2_ Uuma","floor":4,"turns":4},{"damage":5,"enemies":"Hallownest:Wandering_and_Horned","floor":5,"turns":5},{"damage":0,"enemies":"Hallownest:eliteVengeflyKing","floor":6,"turns":10},{"damage":59,"enemies":"Hallownest:eliteMossKnight","floor":8,"turns":12},{"damage":0,"enemies":"Hallownest:monsterMossCharger","floor":10,"turns":1},{"damage":1,"enemies":"Hallownest:1_Baldur_1_Crawlid_1_Warrior","floor":13,"turns":1},{"damage":84,"enemies":"Hallownest:BossBrokenVessel","floor":16,"turns":11}],"seed_played":"8593459253900963387","potions_obtained":[{"floor":1,"key":"SteroidPotion"},{"floor":8,"key":"Swift Potion"},{"floor":10,"key":"Block Potion"},{"floor":13,"key":"AttackPotion"}],"is_trial":false,"path_per_floor":["M","?","M","M","M","E","R","E","T","M","?","?","M","?","R","B"],"character_chosen":"THE_BUGKNIGHT","items_purchased":[],"campfire_rested":1,"item_purchase_floors":[],"current_hp_per_floor":[82,82,74,72,67,73,73,26,26,26,54,54,53,53,77,0,0],"gold":127,"neow_bonus":"TEN_PERCENT_HP_BONUS","is_daily":false,"chose_seed":false,"campfire_upgraded":1,"win_rate":0.0,"timestamp":1609006354,"path_taken":["M","?","M","M","M","E","R","E","T","M","?","?","M","?","R","BOSS"],"items_purchased_type":[],"build_version":"2020-12-22","purchased_purges":0,"victory":false,"max_hp_per_floor":[82,82,82,82,82,82,82,82,82,82,82,82,82,82,82,82,82],"card_choices":[{"not_picked":["HollowMod:DungDefenderAura","HollowMod:RecoilStrike"],"picked":"HollowMod:CloakDash","floor":1},{"not_picked":["HollowMod:ShadowDash","HollowMod:FallenFury"],"picked":"HollowMod:DescendingDark","floor":3},{"not_picked":["HollowMod:FastStrike","HollowMod:PureVessel"],"picked":"HollowMod:VengefulVoid","floor":4},{"not_picked":["HollowMod:GreatSlash","HollowMod:ChannelNail"],"picked":"HollowMod:DescendingDark","floor":5},{"not_picked":["HollowMod:TaintedHusks","HollowMod:CycloneSlash"],"picked":"HollowMod:ShapeofUnn","floor":6},{"not_picked":["HollowMod:NewGlowingWomb","HollowMod:BrokenVessel"],"picked":"HollowMod:GoodIntentions","floor":8},{"not_picked":["HollowMod:ShapeofUnn","HollowMod:DreamGate"],"picked":"HollowMod:ChannelNail","floor":10},{"not_picked":["HollowMod:VengefulSpirit","HollowMod:QuirrelsAssistance"],"picked":"HollowMod:WraithStrike","floor":13}],"player_experience":400946,"relics_obtained":[{"floor":6,"key":"HollowMod:LifeEnderRelic"},{"floor":8,"key":"HollowMod:MantisClawRelic"},{"floor":9,"key":"Orichalcum"}],"event_choices":[],"is_beta":false,"boss_relics":[],"items_purged_floors":[],"is_endless":false,"potions_floor_spawned":[1,8,10,13],"killed_by":"Hallownest:BossBrokenVessel","ascension_level":0}}