{"host":"6r3ioyv75hs1gp74","time":1609017502,"event":{"mods":["AchievementEnabler","BaseMod","Colored Map","Colored Powertips","Minty Spire (QoL Compilation)"],"gold_per_floor":[116,116,127,4,20,20,54,66,66,66,125,141,25,41,41,144,144,157,170,23,41,0,0,0,20,20,20,20,36,126,126,126],"floor_reached":31,"playtime":3048,"items_purged":["Strike_R"],"score":237,"play_id":"1cfdfef2-50da-4542-8372-9290577308d9","local_time":"20201226211822","is_ascension_mode":false,"campfire_choices":[{"data":"Infernal Blade","floor":6,"key":"SMITH"},{"floor":10,"key":"REST"},{"floor":15,"key":"REST"},{"floor":23,"key":"REST"},{"floor":27,"key":"REST"}],"circlet_count":0,"master_deck":["Strike_R+1","Strike_R+1","Strike_R+1","Strike_R+1","Defend_R+1","Defend_R+1","Defend_R+1","Defend_R+1","Bash+1","Feel No Pain","Headbutt","Warcry","Pommel Strike","Flex","Infernal Blade+1","Iron Wave","Metallicize","Reckless Charge","Corruption","Second Wind","Intimidate","Rampage","Brutality","Seeing Red","Second Wind+1","Iron Wave","Armaments","Whirlwind","Body Slam","Flex"],"relics":["Burning Blood","PreservedInsect","Darkstone Periapt","Bottled Lightning","SlaversCollar","Meat on the Bone"],"acts_visited":["Exordium","TheCity"],"potions_floor_usage":[14,16,16,16,25,25,25,25,29,31],"damage_taken":[{"damage":8,"enemies":"Jaw Worm","floor":1,"turns":5},{"damage":6,"enemies":"Cultist","floor":3,"turns":3},{"damage":15,"enemies":"Small Slimes","floor":5,"turns":4},{"damage":30,"enemies":"Gremlin Nob","floor":7,"turns":4},{"damage":6,"enemies":"Blue Slaver","floor":8,"turns":4},{"damage":22,"enemies":"Lagavulin Event","floor":11,"turns":4},{"damage":9,"enemies":"Gremlin Gang","floor":12,"turns":5},{"damage":10,"enemies":"2 Fungi Beasts","floor":14,"turns":3},{"damage":49,"enemies":"The Guardian","floor":16,"turns":13},{"damage":28,"enemies":"3 Byrds","floor":18,"turns":8},{"damage":10,"enemies":"Chosen","floor":19,"turns":7},{"damage":51,"enemies":"Snake Plant","floor":21,"turns":6},{"damage":28,"enemies":"Cultist and Chosen","floor":25,"turns":8},{"damage":21,"enemies":"Shelled Parasite and Fungi","floor":29,"turns":8},{"damage":27,"enemies":"Chosen and Byrds","floor":31,"turns":6}],"seed_played":"-1046750016773907793","potions_obtained":[{"floor":8,"key":"BloodPotion"},{"floor":11,"key":"GamblersBrew"},{"floor":12,"key":"HeartOfIron"},{"floor":14,"key":"Weak Potion"},{"floor":19,"key":"DuplicationPotion"},{"floor":21,"key":"EntropicBrew"},{"floor":25,"key":"DuplicationPotion"}],"is_trial":false,"path_per_floor":["M","?","M","$","M","R","E","M","T","R","?","M","$","M","R","B",null,"M","M","$","M","?","R","?","M","T","R","$","M","?","M"],"character_chosen":"IRONCLAD","items_purchased":["Warcry","Pommel Strike","Flex","Second Wind","Intimidate","Iron Wave","Armaments"],"campfire_rested":4,"item_purchase_floors":[4,4,4,13,13,20,20],"current_hp_per_floor":[78,78,78,78,69,69,45,45,45,69,53,50,50,62,80,37,80,58,54,54,9,9,33,33,11,11,35,35,32,20,0,0],"gold":126,"neow_bonus":"","is_daily":false,"chose_seed":false,"campfire_upgraded":1,"win_rate":0.0,"timestamp":1609017502,"path_taken":["M","?","M","?","M","R","E","M","T","R","?","M","?","?","R","BOSS","M","?","$","M","?","R","?","M","T","R","$","M","?","?"],"items_purchased_type":["Card","Card","Card","Card","Card","Card","Card"],"build_version":"2020-12-22","purchased_purges":1,"victory":false,"max_hp_per_floor":[80,80,80,80,80,80,80,80,80,80,80,80,80,80,80,80,80,80,80,80,80,80,80,80,80,80,80,80,80,80,80,80],"card_choices":[{"not_picked":["True Grit","Ghostly Armor"],"picked":"Feel No Pain","floor":1},{"not_picked":["Sever Soul","Flex"],"picked":"Headbutt","floor":3},{"not_picked":["Flex","Reckless Charge"],"picked":"Infernal Blade","floor":5},{"not_picked":["Armaments","Berserk"],"picked":"Iron Wave","floor":7},{"not_picked":["Dark Embrace","Sword Boomerang"],"picked":"Metallicize","floor":8},{"not_picked":["Armaments","Clothesline"],"picked":"Reckless Charge","floor":11},{"not_picked":["Clash","Reckless Charge"],"picked":"Corruption","floor":12},{"not_picked":["Searing Blow","Cleave"],"picked":"Rampage","floor":14},{"not_picked":["Fiend Fire","Offering"],"picked":"Brutality","floor":16},{"not_picked":["Armaments","Infernal Blade"],"picked":"Seeing Red","floor":18},{"not_picked":["Flex","Twin Strike"],"picked":"Second Wind+1","floor":19},{"not_picked":["Bloodletting","Rage"],"picked":"Whirlwind","floor":21},{"not_picked":["Warcry","Pummel"],"picked":"Body Slam","floor":25},{"not_picked":["Uppercut","Whirlwind"],"picked":"Flex","floor":29}],"player_experience":0,"relics_obtained":[{"floor":7,"key":"PreservedInsect"},{"floor":9,"key":"Darkstone Periapt"},{"floor":11,"key":"Bottled Lightning"},{"floor":26,"key":"Meat on the Bone"}],"event_choices":[{"damage_healed":0,"gold_gain":0,"player_choice":"Forge","damage_taken":0,"max_hp_gain":0,"max_hp_loss":0,"event_name":"Accursed Blacksmith","floor":2,"gold_loss":0,"cards_upgraded":["Bash"]},{"damage_healed":0,"gold_gain":0,"player_choice":"Searched \u00271\u0027 times","damage_taken":0,"max_hp_gain":0,"max_hp_loss":0,"event_name":"Dead Adventurer","floor":11,"gold_loss":0},{"damage_healed":0,"gold_gain":0,"player_choice":"Paid Fearfully","damage_taken":0,"max_hp_gain":0,"max_hp_loss":0,"event_name":"Masked Bandits","floor":22,"gold_loss":41},{"damage_healed":0,"gold_gain":0,"player_choice":"Simplicity","damage_taken":0,"max_hp_gain":0,"max_hp_loss":0,"event_name":"Back to Basics","floor":24,"gold_loss":0,"cards_upgraded":["Strike_R","Strike_R","Strike_R","Strike_R","Defend_R","Defend_R","Defend_R","Defend_R"]},{"damage_healed":0,"gold_gain":90,"player_choice":"GOLD ","damage_taken":12,"max_hp_gain":0,"max_hp_loss":0,"event_name":"Knowing Skull","floor":30,"potions_obtained":[],"gold_loss":0,"cards_obtained":[]}],"is_beta":false,"boss_relics":[{"not_picked":["Sozu","Fusion Hammer"],"picked":"SlaversCollar"}],"items_purged_floors":[20],"is_endless":false,"potions_floor_spawned":[8,11,12,14,19,21,25],"killed_by":"Chosen and Byrds","ascension_level":0}}