{"host":"t7mx8yfj1no5p62f","time":1609003343,"event":{"mods":["BaseMod","Colored Map","Colored Powertips","Minty Spire (QoL Compilation)","Relic Stats","StSLib"],"gold_per_floor":[115,133,45,120,134,134,168,182,207,238,258,271,271,281,281,281,281],"floor_reached":16,"playtime":492,"items_purged":[],"score":228,"play_id":"d31128ed-22d7-46bd-8081-aac6e40c1ed2","local_time":"20201226122223","is_ascension_mode":true,"campfire_choices":[{"data":"Melter","floor":6,"key":"SMITH"},{"data":"Streamline","floor":15,"key":"SMITH"}],"circlet_count":0,"master_deck":["AscendersBane","Strike_B","Strike_B","Strike_B","Strike_B","Defend_B","Defend_B","Defend_B","Defend_B","Zap","Dualcast","Conserve Battery","Go for the Eyes","Melter+1","Genetic Algorithm","Loop","Chaos","Streamline+1"],"relics":["Busted Crown","MealTicket","Centennial Puzzle"],"acts_visited":["Exordium"],"potions_floor_usage":[7,10,10,16,16],"damage_taken":[{"damage":3,"enemies":"Small Slimes","floor":1,"turns":3},{"damage":0,"enemies":"Jaw Worm","floor":2,"turns":3},{"damage":1,"enemies":"2 Louse","floor":5,"turns":3},{"damage":15,"enemies":"3 Sentries","floor":7,"turns":3},{"damage":6,"enemies":"2 Fungi Beasts","floor":8,"turns":4},{"damage":8,"enemies":"Gremlin Nob","floor":10,"turns":3},{"damage":5,"enemies":"Looter","floor":11,"turns":4},{"damage":2,"enemies":"Blue Slaver","floor":12,"turns":5},{"damage":5,"enemies":"Lots of Slimes","floor":14,"turns":5},{"damage":35,"enemies":"Hexaghost","floor":16,"turns":12}],"seed_played":"6589734283905126252","potions_obtained":[{"floor":2,"key":"ColorlessPotion"},{"floor":5,"key":"Fire Potion"},{"floor":7,"key":"Fire Potion"},{"floor":12,"key":"Block Potion"},{"floor":14,"key":"Weak Potion"}],"is_trial":false,"path_per_floor":["M","M","$","?","M","R","E","M","T","E","M","M","?","M","R","B"],"character_chosen":"DEFECT","items_purchased":["Melter"],"campfire_rested":0,"item_purchase_floors":[3],"current_hp_per_floor":[61,61,61,50,49,49,34,28,28,20,15,13,36,31,31,0,0],"gold":281,"neow_bonus":"BOSS_RELIC","is_daily":false,"chose_seed":false,"campfire_upgraded":2,"win_rate":0.0,"timestamp":1609003343,"path_taken":["M","M","$","?","M","R","E","M","T","E","M","M","?","M","R","BOSS"],"items_purchased_type":["Card"],"build_version":"2020-12-22","purchased_purges":0,"victory":false,"max_hp_per_floor":[71,71,71,71,71,71,71,71,71,71,71,71,71,71,71,71,71],"relic_stats":{"Centennial Puzzle":[12],"Busted Crown":18,"counters":[10,45],"MealTicket":0,"obtain_stats":[{"Centennial Puzzle":10,"Busted Crown":0,"MealTicket":7,"Cracked Core":0},{"Centennial Puzzle":6,"Busted Crown":0,"MealTicket":4,"Cracked Core":0},{"Centennial Puzzle":19,"Busted Crown":0,"MealTicket":12,"Cracked Core":0}]},"card_choices":[{"not_picked":[],"picked":"Conserve Battery","floor":1},{"not_picked":[],"picked":"Go for the Eyes","floor":2},{"not_picked":[],"picked":"Genetic Algorithm","floor":5},{"not_picked":[],"picked":"Loop","floor":7},{"not_picked":[],"picked":"Chaos","floor":8},{"not_picked":["Scrape"],"picked":"SKIP","floor":10},{"not_picked":["Go for the Eyes"],"picked":"SKIP","floor":11},{"not_picked":["Recycle"],"picked":"SKIP","floor":12},{"not_picked":[],"picked":"Streamline","floor":14}],"player_experience":1593380,"relics_obtained":[{"floor":7,"key":"MealTicket"},{"floor":10,"key":"Centennial Puzzle"}],"event_choices":[{"damage_healed":0,"gold_gain":75,"player_choice":"Gather Gold","damage_taken":11,"max_hp_gain":0,"max_hp_loss":0,"event_name":"World of Goop","floor":4,"gold_loss":0},{"damage_healed":23,"gold_gain":0,"player_choice":"Banana","damage_taken":0,"max_hp_gain":0,"max_hp_loss":0,"event_name":"Big Fish","floor":13,"gold_loss":0}],"is_beta":false,"boss_relics":[],"items_purged_floors":[],"is_endless":false,"potions_floor_spawned":[2,5,7,12,14],"killed_by":"Hexaghost","ascension_level":20}}