{"host":"qa029bqsloh3rj2z","time":1609020662,"event":{"mods":["AchievementEnabler","BaseMod","Colored Powertips","DeckTracker","Minty Spire (QoL Compilation)"],"gold_per_floor":[110,110,110,36,52,86,86,96,149,159,172,186,186,221,221,325,325,340,340,359,379,395,427,444,476,476,476,476,391,391,391,391,391,391],"floor_reached":33,"playtime":5041,"items_purged":[],"score":297,"play_id":"6d715e32-baa3-4dbe-85eb-3eb7826b78e6","local_time":"20201226171102","is_ascension_mode":false,"campfire_choices":[{"floor":7.0,"key":"REST"},{"floor":15.0,"key":"REST"},{"floor":28,"key":"REST"},{"data":"Perfected Strike","floor":30,"key":"SMITH"},{"data":"Whirlwind","floor":32,"key":"SMITH"}],"circlet_count":0,"master_deck":["Strike_R","Strike_R+1","Strike_R","Strike_R","Defend_R","Defend_R","Defend_R","Defend_R+1","Bash","Shrug It Off+1","Uppercut","Seeing Red+1","Flame Barrier+1","Sword Boomerang","Iron Wave","Cleave+1","Anger","Demon Form","Berserk","Clash+1","Body Slam+1","Impervious","Whirlwind+1","Clash","Perfected Strike+1"],"relics":["Burning Blood","Bag of Marbles","War Paint","Lantern","Black Star","Champion Belt","Bag of Preparation","Matryoshka","Toy Ornithopter","Pantograph","Incense Burner","Gremlin Horn"],"acts_visited":["Exordium","TheCity"],"potions_floor_usage":[22,22,23,23,33,33],"damage_taken":[{"damage":7.0,"enemies":"Small Slimes","floor":1.0,"turns":4.0},{"damage":2.0,"enemies":"Jaw Worm","floor":5.0,"turns":4.0},{"damage":31.0,"enemies":"3 Sentries","floor":6.0,"turns":11.0},{"damage":0.0,"enemies":"Cultist","floor":8.0,"turns":3.0},{"damage":6.0,"enemies":"Lots of Slimes","floor":10.0,"turns":4.0},{"damage":11.0,"enemies":"Gremlin Gang","floor":11.0,"turns":6.0},{"damage":14.0,"enemies":"3 Louse","floor":12.0,"turns":4.0},{"damage":16.0,"enemies":"Gremlin Nob","floor":14.0,"turns":4.0},{"damage":34.0,"enemies":"The Guardian","floor":16.0,"turns":8.0},{"damage":15,"enemies":"Shell Parasite","floor":18,"turns":5},{"damage":36,"enemies":"Spheric Guardian","floor":20,"turns":8},{"damage":16,"enemies":"Cultist and Chosen","floor":21,"turns":6},{"damage":0,"enemies":"Chosen and Byrds","floor":22,"turns":6},{"damage":10,"enemies":"Book of Stabbing","floor":23,"turns":4},{"damage":0,"enemies":"Snake Plant","floor":24,"turns":2},{"damage":8,"enemies":"Slavers","floor":25,"turns":5},{"damage":103,"enemies":"Champ","floor":33,"turns":14}],"seed_played":"-2530821606011573655","potions_obtained":[{"floor":1.0,"key":"Swift Potion"},{"floor":8.0,"key":"BlessingOfTheForge"},{"floor":10.0,"key":"Swift Potion"},{"floor":12.0,"key":"SneckoOil"},{"floor":16.0,"key":"GamblersBrew"},{"floor":22,"key":"Weak Potion"},{"floor":24,"key":"Block Potion"},{"floor":25,"key":"FearPotion"}],"is_trial":false,"path_per_floor":["M","?","?","$","M","E","R","M","T","M","M","M","?","E","R","B",null,"M","?","M","M","M","E","M","E","T","?","R","?","R","?","R","B"],"character_chosen":"IRONCLAD","items_purchased":["Uppercut"],"campfire_rested":3,"item_purchase_floors":[4],"current_hp_per_floor":[79,72,56,56,60,35,59,65,65,65,60,52,52,42,66,38,80,71,71,41,31,37,33,39,37,37,37,61,61,61,61,61,0,0],"gold":391,"neow_bonus":"","is_daily":false,"chose_seed":false,"campfire_upgraded":2,"win_rate":0.0,"timestamp":1609020662,"path_taken":["M","?","?","$","M","E","R","M","T","M","M","M","?","E","R","BOSS","M","?","M","?","M","E","?","E","T","?","R","?","R","?","R","BOSS"],"items_purchased_type":["Card"],"build_version":"2020-12-22","purchased_purges":0,"victory":false,"max_hp_per_floor":[80,80,80,80,80,80,80,80,80,80,80,80,80,80,80,80,80,80,80,80,80,80,80,80,80,80,80,80,80,80,80,80,80,80],"card_choices":[{"not_picked":["True Grit","Body Slam"],"picked":"Shrug It Off","floor":1.0},{"not_picked":["Intimidate","Warcry"],"picked":"Seeing Red","floor":5.0},{"not_picked":["Clash","Seeing Red"],"picked":"Flame Barrier","floor":6.0},{"not_picked":["Dark Embrace","Clothesline"],"picked":"Sword Boomerang","floor":8.0},{"not_picked":["True Grit","Sword Boomerang"],"picked":"Iron Wave","floor":10.0},{"not_picked":["Flex","Power Through"],"picked":"Cleave","floor":11.0},{"not_picked":["True Grit","Dark Embrace"],"picked":"Anger","floor":12.0},{"not_picked":["Twin Strike","Warcry"],"picked":"Demon Form","floor":14.0},{"not_picked":["Barricade","Brutality"],"picked":"Berserk","floor":16.0},{"not_picked":["Fire Breathing","Ghostly Armor"],"picked":"Clash+1","floor":18},{"not_picked":["Warcry+1","Pommel Strike"],"picked":"Body Slam+1","floor":20},{"not_picked":["Clothesline","Reckless Charge+1"],"picked":"Impervious","floor":21},{"not_picked":["Clothesline","Pommel Strike"],"picked":"Whirlwind","floor":22},{"not_picked":["Cleave","Headbutt"],"picked":"Clash","floor":23},{"not_picked":["Sword Boomerang","Clothesline","Corruption"],"picked":"SKIP","floor":24},{"not_picked":["Dark Embrace+1","Ghostly Armor"],"picked":"Perfected Strike","floor":25}],"player_experience":0,"relics_obtained":[{"floor":6.0,"key":"Bag of Marbles"},{"floor":9.0,"key":"War Paint"},{"floor":14.0,"key":"Lantern"},{"floor":23,"key":"Champion Belt"},{"floor":23,"key":"Bag of Preparation"},{"floor":25,"key":"Matryoshka"},{"floor":25,"key":"Toy Ornithopter"},{"floor":26,"key":"Pantograph"},{"floor":26,"key":"Incense Burner"}],"event_choices":[{"cards_removed":["Strike_R"],"damage_healed":0.0,"max_hp_gain":0.0,"max_hp_loss":0.0,"gold_gain":0.0,"event_name":"Golden Wing","player_choice":"Card Removal","floor":2.0,"gold_loss":0.0,"damage_taken":7.0},{"damage_healed":0.0,"max_hp_gain":0.0,"max_hp_loss":0.0,"gold_gain":0.0,"event_name":"Shining Light","player_choice":"Entered Light","floor":3.0,"gold_loss":0.0,"damage_taken":16.0,"cards_upgraded":["Strike_R","Defend_R"]},{"damage_healed":0.0,"max_hp_gain":0.0,"max_hp_loss":0.0,"gold_gain":0.0,"event_name":"Accursed Blacksmith","player_choice":"Forge","floor":13.0,"gold_loss":0.0,"damage_taken":0.0,"cards_upgraded":["Cleave"]},{"damage_healed":0,"gold_gain":0,"player_choice":"Upgraded","damage_taken":0,"max_hp_gain":0,"max_hp_loss":0,"event_name":"Upgrade Shrine","floor":19,"gold_loss":0,"cards_upgraded":["Flame Barrier"]},{"damage_healed":0,"gold_gain":0,"player_choice":"Ignored","damage_taken":0,"max_hp_gain":0,"max_hp_loss":0,"event_name":"Beggar","floor":27,"gold_loss":0},{"damage_healed":0,"gold_gain":0,"player_choice":"Obtained Relic","damage_taken":0,"relics_obtained":["Gremlin Horn"],"max_hp_gain":0,"max_hp_loss":0,"event_name":"Addict","floor":29,"gold_loss":85},{"damage_healed":0,"gold_gain":0,"player_choice":"Ignored","damage_taken":0,"max_hp_gain":0,"max_hp_loss":0,"event_name":"Vampires","floor":31,"gold_loss":0}],"is_beta":false,"boss_relics":[{"not_picked":["Fusion Hammer","Cursed Key"],"picked":"Black Star"}],"items_purged_floors":[],"is_endless":false,"potions_floor_spawned":[1,8,10,12,16,22,24,25],"killed_by":"Champ","ascension_level":0}}