{"host":"d61vkvf8c80cu18y","time":1609017097,"event":{"mods":["2.2 Compatiblity","AchievementEnabler","AlwaysNeverKeys","Aspiration","BaseMod","Better Altar","Better Note","Better Sensory Stone","Better Skull","Better Third Choice","BetterRewards","Challenge The Spire","Colored Powertips","Conspire","Curses Come First","Custom Start","Downfall","Emptier Cage","Energized Spire","Force Act Four","GifTheSpireLib","Gremlin Mod","GungeonMod","Hermit","Highlight Path","Hubris","Infinite Spire","Ironclad Rager","Jess\u0027s Bottle","Marked Mod","Minty Spire (QoL Compilation)","Quick Restart","Rare Cards Sparkle","Relic Filter","Replay The Spire","Retaliation","Shade Mod","Shop Mod","Spicy Shops","Spikes Relics","StSLib","Stuff the Spire","Swap Starting Deck Mod","The Blue Laboratory","The Bug Knight","The Cursed","The Forsaken","The Marked","The Runesmith","The Sage","The Servant 0.9.4","TheVacant","Thieving Mod","Virulent Crown","thorton"],"gold_per_floor":[24,24,24,24,24,52,126,144,144,158,158,183,64,100,112,112,112,112],"floor_reached":16,"playtime":1694,"items_purged":[],"score":106,"play_id":"0db3e241-7b89-4520-a2c4-cec8fe605d50","local_time":"20201226151137","is_ascension_mode":false,"campfire_choices":[{"data":"champ:Taunt","floor":1.0,"key":"SMITH"},{"floor":9.0,"key":"REST"},{"floor":11.0,"key":"REST"}],"circlet_count":0,"master_deck":["champ:Strike","champ:Strike","champ:Strike","champ:Strike","champ:Defend","champ:Defend","champ:Defend","champ:Defend","champ:Execute","champ:Taunt+1","champ:FlashCut","champ:FanOfKnives","Flash of Steel","champ:CrookedStrike","champ:StrikeOfGenius","champ:BerserkersShout","champ:EnragedBash","champ:StanceDance","champ:CalledShot","expansioncontent:DarkVoid","champ:HeartStrike","champ:FanOfKnives"],"relics":["champ:ChampionCrown","downfall:HeartsMalice","downfall:HeartBlessingRed","champ:DefensiveTrainingManual","Rawhide","Blue Doll","Lizard Tail","theForsaken:Gavel"],"acts_visited":["Exordium"],"potions_floor_usage":[16],"damage_taken":[{"damage":0.0,"enemies":"Jaw Worm","floor":2.0,"turns":1.0},{"damage":0.0,"enemies":"2 Louse","floor":3.0,"turns":1.0},{"damage":0.0,"enemies":"Small Slimes","floor":5.0,"turns":1.0},{"damage":30.0,"enemies":"Gremlin Nob","floor":6.0,"turns":4.0},{"damage":39.0,"enemies":"Exordium Thugs","floor":8.0,"turns":5.0},{"damage":12.0,"enemies":"Large Slime","floor":10.0,"turns":6.0},{"damage":41.0,"enemies":"3 Sentries","floor":12.0,"turns":6.0},{"damage":19.0,"enemies":"downfall:FleeingMerchant","floor":13.0,"turns":4.0},{"damage":59.0,"enemies":"conspire:MimicChest","floor":14.0,"turns":7.0},{"damage":16.0,"enemies":"Blue Slaver","floor":15.0,"turns":2.0},{"damage":73,"enemies":"downfall:Silent","floor":16,"turns":8}],"seed_played":"-4225143138721476303","potions_obtained":[{"floor":6.0,"key":"Milkshake"},{"floor":8.0,"key":"blueLaboratory:FruitPunch"},{"floor":14.0,"key":"blueLaboratory:BottledHope"}],"is_trial":false,"path_per_floor":["R","M","M","?","M","E","T","M","R","M","R","E","$","?","M","B"],"character_chosen":"THE_CHAMP","items_purchased":["Lizard Tail","expansioncontent:DarkVoid"],"campfire_rested":2,"item_purchase_floors":[13,13],"current_hp_per_floor":[90,90,90,90,90,65,65,31,58,59,86,55,54,59,54,0,0,0],"gold":112,"neow_bonus":"THREE_ENEMY_KILL","is_daily":false,"chose_seed":false,"campfire_upgraded":1,"win_rate":0.0,"timestamp":1609017097,"path_taken":["R","M","M","?","M","E","T","M","R","M","R","E","$","?","M","BOSS"],"items_purchased_type":["Relic","Card"],"build_version":"2020-12-22","purchased_purges":0,"victory":false,"max_hp_per_floor":[90,90,90,90,90,90,90,90,90,92,92,92,92,92,92,92,92,92],"card_choices":[{"not_picked":["champ:StanceDance","champ:AdrenalArmor"],"picked":"champ:FlashCut","floor":2.0},{"not_picked":["champ:BringItOn","champ:BladeFlurry"],"picked":"champ:FanOfKnives","floor":3.0},{"not_picked":["ReplayTheSpireMod:Private Reserves","Enlightenment"],"picked":"Flash of Steel","floor":4.0},{"not_picked":["champ:Lariat","champ:FlashCut"],"picked":"champ:CrookedStrike","floor":5.0},{"not_picked":["champ:Circumvent","champ:PreciseThrust"],"picked":"champ:StrikeOfGenius","floor":6.0},{"not_picked":["champ:Backstep","champ:CrookedStrike"],"picked":"champ:BerserkersShout","floor":8.0},{"not_picked":["champ:FanOfKnives","champ:DefensiveShout"],"picked":"champ:EnragedBash","floor":10.0},{"not_picked":["champ:FaceSlap","champ:FocusedDefense"],"picked":"champ:StanceDance","floor":12.0},{"not_picked":["champ:BringItOn","champ:SkillfulDodge"],"picked":"champ:CalledShot","floor":13.0},{"not_picked":["champ:CrookedStrike","champ:GladiatorsShout"],"picked":"champ:HeartStrike","floor":14.0},{"not_picked":["champ:Haymaker","champ:StanceDance"],"picked":"champ:FanOfKnives","floor":15.0}],"player_experience":408426,"relics_obtained":[{"floor":6.0,"key":"champ:DefensiveTrainingManual"},{"floor":7.0,"key":"Rawhide"},{"floor":12.0,"key":"Blue Doll"},{"floor":14.0,"key":"theForsaken:Gavel"}],"event_choices":[{"damage_healed":0.0,"max_hp_gain":0.0,"max_hp_loss":0.0,"gold_gain":1.0,"event_name":"betterStone:BetterStone","player_choice":"1","floor":4.0,"gold_loss":0.0,"damage_taken":0.0}],"is_beta":false,"boss_relics":[],"items_purged_floors":[],"is_endless":false,"potions_floor_spawned":[6,8,14,15],"killed_by":"downfall:Silent","ascension_level":0}}