{"host":"oeh4wb93hhtrshvk","time":1609002420,"event":{"mods":["2.2 Compatiblity","AchievementEnabler","Act Like it!","Aspiration","BaseMod","Better Skull","Better Third Choice","Block Reminder","Card Filter","Colored Powertips","Conspire","Curses Come First","Defuse TimeMaze Blight","Displayed Cursed Tome","Downfall","Energized Spire","GifTheSpireLib","Hermit","Hubris","Infinite Spire","Marisa????????","Minty Spire (QoL Compilation)","Pale of the Ancients","Quick Restart","Rare Cards Sparkle","Relic Filter","Replay The Spire","Shop Mod","Spicy Shops","StSLib","The Blue Laboratory","The Cursed","The Disciple","Transform Curses","Wandering Minibosses","vexMod"],"gold_per_floor":[119,11,0,35,35,35,63,80,80,80,80,80],"floor_reached":10,"playtime":487,"items_purged":[],"score":64,"play_id":"9bb611b8-f9ae-4f13-9bff-ac34f9354ec7","local_time":"20201226180700","daily_mods":["Heirloom","DeadlyEvents"],"is_ascension_mode":false,"campfire_choices":[{"data":"champ:DefensiveStyle","floor":6,"key":"SMITH"},{"data":"champ:ShieldWall","floor":6,"key":"SMITH"}],"circlet_count":0,"master_deck":["champ:Strike","champ:Strike","champ:Strike","champ:Strike","champ:Defend","champ:Defend","champ:Defend","champ:Defend","champ:Execute","champ:Taunt","champ:GutPunch","champ:ShieldWall+1","champ:DefensiveStyle+1","champ:HeavySlash","champ:FaceSlap"],"relics":["champ:ChampionCrown","Replay:Arrowhead","Nunchaku","infinitespire:Bottled Soul","ReplayFunnel","Chameleon Ring"],"acts_visited":["Exordium"],"potions_floor_usage":[4],"damage_taken":[{"damage":21,"enemies":"Jaw Worm","floor":1,"turns":6},{"damage":8,"enemies":"conspire:MimicChest","floor":4,"turns":6},{"damage":38,"enemies":"Gremlin Nob","floor":7,"turns":4},{"damage":22,"enemies":"2 Louse","floor":8,"turns":2},{"damage":37,"enemies":"3 Sentries","floor":10,"turns":5}],"seed_played":"-2388627659058804099","potions_obtained":[{"floor":1,"key":"blueLaboratory:FrostheartPotion"},{"floor":7,"key":"FearPotion"}],"is_trial":true,"path_per_floor":["M","$","?","?","T","R","E","M","T","E"],"character_chosen":"THE_CHAMP","items_purchased":["champ:ShieldWall"],"campfire_rested":0,"item_purchase_floors":[2],"current_hp_per_floor":[79,79,79,79,79,79,51,37,37,0,0,0],"gold":80,"neow_bonus":"","is_daily":false,"chose_seed":false,"campfire_upgraded":2,"win_rate":0.0,"timestamp":1609002420,"path_taken":["M","$","?","?","?","R","E","M","T","E"],"items_purchased_type":["Card"],"build_version":"2020-12-22","purchased_purges":0,"victory":false,"max_hp_per_floor":[90,90,90,90,90,90,90,90,90,90,90,90],"card_choices":[{"not_picked":["champ:BringItOn","champ:FightOn"],"picked":"champ:GutPunch","floor":1},{"not_picked":["champ:GutPunch","champ:BladeFlurry"],"picked":"champ:DefensiveStyle","floor":4},{"not_picked":["champ:Haymaker","champ:FocusedDefense"],"picked":"champ:HeavySlash","floor":7},{"not_picked":["champ:AdrenalArmor","champ:BerserkersShout"],"picked":"champ:FaceSlap","floor":8}],"player_experience":632952,"relics_obtained":[{"floor":4,"key":"Nunchaku"},{"floor":5,"key":"infinitespire:Bottled Soul"},{"floor":7,"key":"ReplayFunnel"},{"floor":9,"key":"Chameleon Ring"}],"event_choices":[],"is_beta":false,"boss_relics":[],"items_purged_floors":[],"is_endless":false,"potions_floor_spawned":[1,7],"killed_by":"3 Sentries","ascension_level":0}}