{"host":"byk3qgk4ssu2vqk6","time":1609006421,"event":{"mods":["BaseMod","Better Altar","Better Match","Better Sensory Stone","Better Skull","Better Third Choice","Block Reminder","Colored Map","Colored Powertips","Communication Mod","DeckTracker","Highlight Path","Minty Spire (QoL Compilation)","Permanent Neow","StSLib"],"gold_per_floor":[111,61,61,61,73,105,105,30,54,78,89,99,99,29,29,126,126,136,0,0,10,28,45,45,59,83,83,102,102,102,30,30,134,134,149,199,199,199,199,199,0,0,25,54,78,90,127,157,169,181,181],"floor_reached":50,"playtime":1834,"items_purged":["Regret"],"score":543,"play_id":"5946f3f8-0c7f-4410-9c7a-c05b5507ecea","local_time":"20201226131341","is_ascension_mode":false,"campfire_choices":[{"data":"Defragment","floor":15.0,"key":"SMITH"},{"data":"Storm","floor":24.0,"key":"SMITH"},{"floor":30.0,"key":"REST"},{"floor":32.0,"key":"REST"},{"data":"Echo Form","floor":40.0,"key":"SMITH"},{"floor":49.0,"key":"REST"}],"circlet_count":0,"master_deck":["Strike_B","Strike_B","Strike_B","Defend_B","Defend_B","Defend_B","Zap","Dualcast","Turbo","Decay","Auto Shields","Storm+1","Parasite","Beam Cell","Melter+1","Defragment+1","Thunder Strike","Melter","Self Repair","Static Discharge","Static Discharge","Echo Form+1","Defragment","Conserve Battery","Ball Lightning+1","Ball Lightning+1","Amplify"],"relics":["Cracked Core","Centennial Puzzle","MealTicket","Orichalcum","Vajra","DataDisk","CaptainsWheel","Snecko Eye","Anchor","Sozu","Thread and Needle","Symbiotic Virus","Red Mask","MawBank","Boot"],"acts_visited":["Exordium","TheCity","TheBeyond"],"potions_floor_usage":[],"damage_taken":[{"damage":6.0,"enemies":"Jaw Worm","floor":1.0,"turns":3.0},{"damage":14.0,"enemies":"Small Slimes","floor":5.0,"turns":3.0},{"damage":36.0,"enemies":"3 Sentries","floor":6.0,"turns":9.0},{"damage":1.0,"enemies":"2 Louse","floor":11.0,"turns":2.0},{"damage":18.0,"enemies":"Lots of Slimes","floor":12.0,"turns":6.0},{"damage":0.0,"enemies":"Slime Boss","floor":16.0,"turns":4.0},{"damage":1.0,"enemies":"Spheric Guardian","floor":18.0,"turns":3.0},{"damage":1.0,"enemies":"Chosen","floor":21.0,"turns":4.0},{"damage":30.0,"enemies":"3 Cultists","floor":22.0,"turns":5.0},{"damage":11.0,"enemies":"Chosen and Byrds","floor":23.0,"turns":4.0},{"damage":25.0,"enemies":"Centurion and Healer","floor":25.0,"turns":5.0},{"damage":5.0,"enemies":"Sentry and Sphere","floor":28.0,"turns":4.0},{"damage":53.0,"enemies":"Collector","floor":33.0,"turns":6.0},{"damage":6.0,"enemies":"3 Darklings","floor":35.0,"turns":3.0},{"damage":0.0,"enemies":"Mind Bloom Boss Battle","floor":36.0,"turns":3.0},{"damage":35.0,"enemies":"3 Shapes","floor":44.0,"turns":4.0},{"damage":0.0,"enemies":"3 Darklings","floor":45.0,"turns":4.0},{"damage":42.0,"enemies":"Nemesis","floor":47.0,"turns":5.0},{"damage":0.0,"enemies":"Sphere and 2 Shapes","floor":48.0,"turns":3.0},{"damage":65,"enemies":"Donu and Deca","floor":50,"turns":5}],"seed_played":"7488794469918986947","potions_obtained":[{"floor":5.0,"key":"Block Potion"},{"floor":6.0,"key":"Dexterity Potion"},{"floor":12.0,"key":"PowerPotion"},{"floor":21.0,"key":"Swift Potion"},{"floor":22.0,"key":"Explosive Potion"},{"floor":25.0,"key":"Weak Potion"}],"is_trial":false,"path_per_floor":["M","?","?","?","M","E","?","$","T","T","M","M","T","$","R","B",null,"M","?","?","M","M","M","R","M","T","?","M","?","R","$","R","B",null,"M","?","?","T","?","R","?","$","T","M","M","$","E","M","R","B"],"character_chosen":"DEFECT","items_purchased":["Defragment","Defragment"],"campfire_rested":3,"item_purchase_floors":[14,31],"current_hp_per_floor":[69,69,69,69,55,19,37,52,52,52,51,33,33,48,48,48,75,74,74,74,73,50,46,46,28,28,28,30,15,37,52,74,28,75,75,75,71,71,71,71,71,71,71,36,50,65,37,44,65,0,0],"gold":181,"neow_bonus":"RANDOM_COMMON_RELIC","is_daily":false,"chose_seed":false,"campfire_upgraded":3,"win_rate":0.0,"timestamp":1609006421,"path_taken":["M","?","?","?","?","E","?","?","T","?","M","M","?","$","R","BOSS","M","?","?","?","M","M","R","M","T","?","M","?","R","?","R","BOSS","M","?","?","?","?","R","?","$","T","M","?","?","E","M","R","BOSS"],"items_purchased_type":["Card","Card"],"build_version":"2020-12-22","purchased_purges":1,"victory":false,"max_hp_per_floor":[75,75,75,75,75,75,75,75,75,75,75,75,75,75,75,75,75,75,75,75,75,75,75,75,75,75,75,75,75,75,75,75,75,75,75,75,71,71,71,71,71,71,71,71,71,71,71,71,71,71,71],"card_choices":[{"not_picked":["Coolheaded","Fusion"],"picked":"Turbo","floor":1.0},{"not_picked":["Redo","Steam"],"picked":"Auto Shields","floor":5.0},{"not_picked":["Steam","Aggregate"],"picked":"Storm","floor":6.0},{"not_picked":["Coolheaded","Reprogram"],"picked":"Beam Cell","floor":11.0},{"not_picked":["Gash","Cold Snap"],"picked":"Melter","floor":12.0},{"not_picked":["Reboot","Core Surge"],"picked":"Thunder Strike","floor":16.0},{"not_picked":["Doom and Gloom","Ball Lightning"],"picked":"Melter","floor":18.0},{"not_picked":["Turbo","FTL+1"],"picked":"Self Repair","floor":21.0},{"not_picked":["FTL+1","Darkness","Gash"],"picked":"SKIP","floor":22.0},{"not_picked":["FTL+1","Aggregate","Coolheaded"],"picked":"SKIP","floor":23.0},{"not_picked":["Cold Snap+1","Rebound"],"picked":"Static Discharge","floor":25.0},{"not_picked":["Rebound","Ball Lightning"],"picked":"Static Discharge","floor":28.0},{"not_picked":["Beam Cell","Chill"],"picked":"Conserve Battery","floor":35.0},{"not_picked":["Steam","Redo+1"],"picked":"Ball Lightning+1","floor":44.0},{"not_picked":["Barrage","Turbo+1"],"picked":"Ball Lightning+1","floor":45.0},{"not_picked":["Coolheaded","Blizzard+1","Heatsinks"],"picked":"SKIP","floor":47.0},{"not_picked":["Capacitor","Hologram"],"picked":"Amplify","floor":48.0}],"player_experience":336633,"relics_obtained":[{"floor":6.0,"key":"Orichalcum"},{"floor":9.0,"key":"Vajra"},{"floor":10.0,"key":"DataDisk"},{"floor":13.0,"key":"CaptainsWheel"},{"floor":26.0,"key":"Anchor"},{"floor":36.0,"key":"Thread and Needle"},{"floor":38.0,"key":"Symbiotic Virus"},{"floor":43.0,"key":"MawBank"},{"floor":47.0,"key":"Boot"}],"event_choices":[{"cards_removed":["Strike_B"],"damage_healed":0.0,"max_hp_gain":0.0,"max_hp_loss":0.0,"gold_gain":0.0,"event_name":"The Cleric","player_choice":"Card Removal","floor":2.0,"gold_loss":50.0,"damage_taken":0.0},{"damage_healed":0.0,"max_hp_gain":0.0,"max_hp_loss":0.0,"gold_gain":0.0,"event_name":"Big Fish","player_choice":"Box","floor":3.0,"gold_loss":0.0,"damage_taken":0.0,"relics_obtained":["MealTicket"],"cards_obtained":["Regret"]},{"damage_healed":0.0,"max_hp_gain":0.0,"max_hp_loss":0.0,"gold_gain":0.0,"event_name":"Wheel of Change","player_choice":"Cursed","floor":4.0,"gold_loss":0.0,"damage_taken":0.0,"cards_obtained":["Decay"]},{"damage_healed":18.0,"max_hp_gain":0.0,"max_hp_loss":0.0,"gold_gain":0.0,"event_name":"Mushrooms","player_choice":"Healed and dodged fight","floor":7.0,"gold_loss":0.0,"damage_taken":0.0,"cards_obtained":["Parasite"]},{"damage_healed":0.0,"max_hp_gain":0.0,"max_hp_loss":0.0,"gold_gain":0.0,"event_name":"Masked Bandits","player_choice":"Paid Fearfully","floor":19.0,"gold_loss":136.0,"damage_taken":0.0},{"damage_healed":0.0,"max_hp_gain":0.0,"max_hp_loss":0.0,"gold_gain":0.0,"event_name":"Accursed Blacksmith","player_choice":"Forge","floor":20.0,"gold_loss":0.0,"damage_taken":0.0,"cards_upgraded":["Melter"]},{"damage_healed":0.0,"max_hp_gain":0.0,"max_hp_loss":0.0,"gold_gain":0.0,"event_name":"Ghosts","player_choice":"Ignored","floor":27.0,"gold_loss":0.0,"damage_taken":0.0},{"damage_healed":0.0,"max_hp_gain":0.0,"max_hp_loss":15.0,"gold_gain":2.0,"event_name":"betterStone:BetterStone","player_choice":"2","floor":29.0,"gold_loss":0.0,"damage_taken":0.0},{"damage_healed":0.0,"max_hp_gain":0.0,"max_hp_loss":0.0,"gold_gain":0.0,"event_name":"MindBloom","player_choice":"Fight","floor":36.0,"gold_loss":0.0,"damage_taken":0.0},{"damage_healed":0.0,"max_hp_gain":0.0,"max_hp_loss":4.0,"gold_gain":0.0,"event_name":"Winding Halls","player_choice":"Max HP","floor":37.0,"gold_loss":0.0,"damage_taken":0.0},{"cards_removed":["Defend_B"],"damage_healed":0.0,"max_hp_gain":0.0,"max_hp_loss":0.0,"gold_gain":0.0,"event_name":"Falling","player_choice":"Removed Skill","floor":39.0,"gold_loss":0.0,"damage_taken":0.0},{"damage_healed":0.0,"max_hp_gain":0.0,"max_hp_loss":0.0,"gold_gain":0.0,"event_name":"Tomb of Lord Red Mask","player_choice":"Paid","floor":41.0,"gold_loss":199.0,"damage_taken":0.0,"relics_obtained":["Red Mask"]}],"is_beta":false,"boss_relics":[{"not_picked":["Ectoplasm","Cursed Key"],"picked":"Snecko Eye"},{"not_picked":["Calling Bell","Velvet Choker"],"picked":"Sozu"}],"items_purged_floors":[8],"is_endless":false,"potions_floor_spawned":[5,6,12,21,22,25,44,45,48],"killed_by":"Donu and Deca","ascension_level":0}}