{"host":"31s8hzukbhz1k6i6","time":1609019271,"event":{"mods":["BaseMod","Colored Map","Minty Spire (QoL Compilation)","Relic Stats","UnlockEverythingMod"],"gold_per_floor":[109,109,121,136,136,136,156,190,227,189,220,260,297,320,332,442,454,486,498,510,69,88,88,102,145,169,203,251,251,272,283,283,387,387,408,462,75,0,26,26,61,61,61,90,109,6,6,49,49,49,49],"floor_reached":50,"playtime":2236,"items_purged":["Accuracy+1","Dash"],"score":711,"play_id":"25bd3aa0-9e0a-4aa5-9079-eab4abad9dbd","local_time":"20201226134751","is_ascension_mode":true,"campfire_choices":[{"data":"Predator","floor":6.0,"key":"SMITH"},{"floor":15.0,"key":"REST"},{"data":"Deadly Poison","floor":23.0,"key":"SMITH"},{"floor":29.0,"key":"REST"},{"data":"Footwork","floor":32.0,"key":"SMITH"},{"data":"Footwork","floor":40.0,"key":"SMITH"},{"data":"Catalyst","floor":42.0,"key":"SMITH"},{"data":"Catalyst","floor":47.0,"key":"SMITH"},{"data":"Night Terror","floor":49.0,"key":"SMITH"}],"circlet_count":0,"master_deck":["Defend_G+1","Defend_G+1","Defend_G+1","Defend_G+1","Survivor","Neutralize","Predator+1","Acrobatics","Deadly Poison+1","Footwork+1","Deadly Poison","Die Die Die","Catalyst+1","Venomology+1","Footwork+1","Blur","Catalyst+1","PiercingWail","Acrobatics","Well Laid Plans","Escape Plan+1","Night Terror+1","Backflip+1","Catalyst+1","Noxious Fumes","Acrobatics","Deflect+1","Corpse Explosion","Dodge and Roll+1","Crippling Poison","Acrobatics+1"],"relics":["Empty Cage","Dream Catcher","MawBank","Omamori","Ninja Scroll","Bronze Scales","Astrolabe","Lantern","Oddly Smooth Stone","CeramicFish","Letter Opener","Potion Belt","Cursed Key","Peace Pipe","ClockworkSouvenir","Red Mask","PreservedInsect","Bottled Lightning","Happy Flower"],"acts_visited":["Exordium","TheCity","TheBeyond"],"potions_floor_usage":[],"damage_taken":[{"damage":2.0,"enemies":"Small Slimes","floor":1.0,"turns":3.0},{"damage":2.0,"enemies":"2 Louse","floor":3.0,"turns":4.0},{"damage":0.0,"enemies":"Jaw Worm","floor":4.0,"turns":4.0},{"damage":9.0,"enemies":"Exordium Wildlife","floor":7.0,"turns":5.0},{"damage":22.0,"enemies":"Lagavulin","floor":8.0,"turns":7.0},{"damage":1.0,"enemies":"Blue Slaver","floor":11.0,"turns":3.0},{"damage":15.0,"enemies":"3 Sentries","floor":12.0,"turns":9.0},{"damage":4.0,"enemies":"2 Fungi Beasts","floor":14.0,"turns":2.0},{"damage":27.0,"enemies":"Slime Boss","floor":16.0,"turns":9.0},{"damage":15.0,"enemies":"2 Thieves","floor":18.0,"turns":4.0},{"damage":0.0,"enemies":"3 Byrds","floor":22.0,"turns":4.0},{"damage":21.0,"enemies":"Sentry and Sphere","floor":24.0,"turns":7.0},{"damage":9.0,"enemies":"Book of Stabbing","floor":25.0,"turns":4.0},{"damage":11.0,"enemies":"Gremlin Leader","floor":27.0,"turns":7.0},{"damage":8.0,"enemies":"Shelled Parasite and Fungi","floor":30.0,"turns":5.0},{"damage":0.0,"enemies":"Centurion and Healer","floor":31.0,"turns":7.0},{"damage":11.0,"enemies":"Champ","floor":33.0,"turns":8.0},{"damage":0.0,"enemies":"3 Shapes","floor":35.0,"turns":3.0},{"damage":16.0,"enemies":"2 Orb Walkers","floor":36.0,"turns":6.0},{"damage":0.0,"enemies":"Orb Walker","floor":39.0,"turns":2.0},{"damage":18.0,"enemies":"Reptomancer","floor":41.0,"turns":5.0},{"damage":6.0,"enemies":"Maw","floor":44.0,"turns":3.0},{"damage":5.0,"enemies":"Jaw Worm Horde","floor":45.0,"turns":3.0},{"damage":12.0,"enemies":"Nemesis","floor":48.0,"turns":5.0},{"damage":0,"enemies":"Donu and Deca","floor":50,"turns":1}],"seed_played":"-9130428997987421846","potions_obtained":[{"floor":4.0,"key":"Swift Potion"},{"floor":7.0,"key":"EssenceOfSteel"},{"floor":12.0,"key":"GamblersBrew"},{"floor":14.0,"key":"PowerPotion"},{"floor":22.0,"key":"Explosive Potion"},{"floor":25.0,"key":"Fire Potion"},{"floor":33.0,"key":"Dexterity Potion"},{"floor":35.0,"key":"Poison Potion"}],"is_trial":false,"path_per_floor":["M","?","M","M","?","R","M","E","T","?","M","E","T","M","R","B",null,"M","?","?","$","M","R","M","E","T","E","T","R","M","M","R","B",null,"M","?","$","?","M","R","E","R","T","M","M","$","R","E","R","B"],"character_chosen":"THE_SILENT","items_purchased":["Catalyst","Lantern","Oddly Smooth Stone","Catalyst","Noxious Fumes","ClockworkSouvenir","Acrobatics","GhostInAJar"],"campfire_rested":2,"item_purchase_floors":[21,21,21,37,37,37,37,46],"current_hp_per_floor":[68,65,63,63,63,63,54,32,32,32,31,16,16,12,33,6,70,55,55,55,55,55,55,34,25,25,14,14,35,27,27,27,16,70,70,66,66,66,66,66,48,48,48,42,37,37,37,25,25,25,25],"gold":49,"neow_bonus":"BOSS_RELIC","is_daily":false,"chose_seed":false,"campfire_upgraded":7,"win_rate":0.0,"timestamp":1609019271,"path_taken":["M","?","M","M","?","R","M","E","T","?","M","E","?","M","R","BOSS","M","?","?","?","M","R","M","E","T","E","?","R","?","M","R","BOSS","M","?","$","?","M","R","E","R","T","M","M","?","R","E","R","BOSS"],"items_purchased_type":["Card","Relic","Relic","Card","Card","Relic","Card","Potion"],"build_version":"2020-12-22","purchased_purges":2,"victory":false,"max_hp_per_floor":[70,70,70,70,70,70,70,70,70,70,70,70,70,70,70,70,70,70,70,70,70,70,70,70,70,70,70,70,70,70,70,70,70,70,70,70,70,70,70,70,70,70,70,70,70,70,70,70,70,70,70],"relic_stats":{"Peace Pipe":0,"Dream Catcher":2,"Happy Flower":[0],"counters":[25,120],"Bronze Scales":[202],"Astrolabe":["Catalyst","Accuracy","Venomology"],"CeramicFish":108,"PreservedInsect":47,"Letter Opener":[214],"MawBank":156,"Cursed Key":1,"obtain_stats":[{"Potion Belt":28,"Lantern":21,"Happy Flower":48,"Astrolabe":17,"CeramicFish":25,"Oddly Smooth Stone":21,"PreservedInsect":41,"Omamori":9,"Letter Opener":27,"Empty Cage":0,"MawBank":8,"Cursed Key":34,"ClockworkSouvenir":37,"Peace Pipe":36,"Dream Catcher":2,"Ninja Scroll":12,"Bronze Scales":13,"Red Mask":38,"Bottled Lightning":43,"Ring of the Snake":0},{"Potion Belt":14,"Lantern":10,"Happy Flower":24,"Astrolabe":9,"CeramicFish":13,"Oddly Smooth Stone":10,"PreservedInsect":21,"Omamori":5,"Letter Opener":14,"Empty Cage":0,"MawBank":5,"Cursed Key":17,"ClockworkSouvenir":19,"Peace Pipe":19,"Dream Catcher":1,"Ninja Scroll":7,"Bronze Scales":7,"Red Mask":19,"Bottled Lightning":21,"Ring of the Snake":0},{"Potion Belt":72,"Lantern":50,"Happy Flower":119,"Astrolabe":46,"CeramicFish":65,"Oddly Smooth Stone":50,"PreservedInsect":108,"Omamori":23,"Letter Opener":72,"Empty Cage":0,"MawBank":23,"Cursed Key":92,"ClockworkSouvenir":101,"Peace Pipe":101,"Dream Catcher":3,"Ninja Scroll":35,"Bronze Scales":35,"Red Mask":101,"Bottled Lightning":108,"Ring of the Snake":0}]},"card_choices":[{"not_picked":["PiercingWail","Dagger Spray"],"picked":"Predator","floor":1.0},{"not_picked":["Prepared","Caltrops"],"picked":"Acrobatics","floor":3.0},{"not_picked":["Reflex","Acrobatics"],"picked":"Dash","floor":4.0},{"not_picked":["Footwork","Sucker Punch"],"picked":"Deadly Poison","floor":7.0},{"not_picked":["Grand Finale","Accuracy","Quick Slash"],"picked":"SKIP","floor":8.0},{"not_picked":["Bane","Flechettes","Flying Knee"],"picked":"SKIP","floor":11.0},{"not_picked":["Eviscerate","Caltrops","Expertise"],"picked":"SKIP","floor":12.0},{"not_picked":["Reflex","Flechettes"],"picked":"Footwork","floor":14.0},{"not_picked":["Sucker Punch","Cloak And Dagger"],"picked":"Deadly Poison","floor":15.0},{"not_picked":["Unload","Phantasmal Killer"],"picked":"Die Die Die","floor":16.0},{"not_picked":["PiercingWail","Heel Hook+1"],"picked":"Footwork","floor":18.0},{"not_picked":["Skewer","Tactician"],"picked":"PiercingWail","floor":22.0},{"not_picked":["Poisoned Stab","Prepared"],"picked":"Acrobatics","floor":24.0},{"not_picked":["Quick Slash+1","Cloak And Dagger"],"picked":"Well Laid Plans","floor":25.0},{"not_picked":["Masterful Stab","Blade Dance+1","Phantasmal Killer"],"picked":"SKIP","floor":27.0},{"not_picked":["Deadly Poison","Masterful Stab"],"picked":"Escape Plan+1","floor":30.0},{"not_picked":["Underhanded Strike+1","Deadly Poison","Night Terror"],"picked":"SKIP","floor":31.0},{"not_picked":["A Thousand Cuts","Doppelganger"],"picked":"Night Terror","floor":33.0},{"not_picked":["Bouncing Flask","Prepared"],"picked":"Backflip+1","floor":35.0},{"not_picked":["Bane+1","Riddle With Holes"],"picked":"Deflect+1","floor":39.0},{"not_picked":["Bouncing Flask","Quick Slash+1"],"picked":"Corpse Explosion","floor":41.0},{"not_picked":["Poisoned Stab+1","Deadly Poison+1"],"picked":"Dodge and Roll+1","floor":44.0},{"not_picked":["Underhanded Strike","Dash+1"],"picked":"Crippling Poison","floor":45.0},{"not_picked":["Deflect+1","Deadly Poison"],"picked":"Acrobatics+1","floor":48.0}],"player_experience":16791,"relics_obtained":[{"floor":8.0,"key":"MawBank"},{"floor":9.0,"key":"Omamori"},{"floor":12.0,"key":"Ninja Scroll"},{"floor":13.0,"key":"Bronze Scales"},{"floor":25.0,"key":"CeramicFish"},{"floor":27.0,"key":"Letter Opener"},{"floor":28.0,"key":"Potion Belt"},{"floor":36.0,"key":"Peace Pipe"},{"floor":41.0,"key":"PreservedInsect"},{"floor":43.0,"key":"Bottled Lightning"},{"floor":48.0,"key":"Happy Flower"}],"event_choices":[{"damage_healed":0.0,"max_hp_gain":0.0,"max_hp_loss":0.0,"gold_gain":0.0,"event_name":"Scrap Ooze","player_choice":"Success","floor":2.0,"gold_loss":0.0,"damage_taken":3.0,"relics_obtained":["Dream Catcher"]},{"damage_healed":0.0,"max_hp_gain":0.0,"max_hp_loss":0.0,"gold_gain":0.0,"event_name":"Liars Game","player_choice":"Ignored","floor":5.0,"gold_loss":0.0,"damage_taken":0.0},{"cards_removed":["Strike_G"],"damage_healed":0.0,"max_hp_gain":0.0,"max_hp_loss":0.0,"gold_gain":0.0,"event_name":"The Cleric","player_choice":"Card Removal","floor":10.0,"gold_loss":50.0,"damage_taken":0.0},{"damage_healed":0.0,"max_hp_gain":0.0,"max_hp_loss":0.0,"gold_gain":0.0,"event_name":"Back to Basics","player_choice":"Simplicity","floor":19.0,"gold_loss":0.0,"damage_taken":0.0,"cards_upgraded":["Defend_G","Defend_G","Defend_G","Defend_G"]},{"damage_healed":0.0,"max_hp_gain":0.0,"max_hp_loss":0.0,"gold_gain":0.0,"event_name":"The Library","player_choice":"Read","floor":20.0,"gold_loss":0.0,"damage_taken":0.0,"cards_obtained":["Blur"]},{"damage_healed":0.0,"max_hp_gain":0.0,"max_hp_loss":0.0,"gold_gain":0.0,"event_name":"Mysterious Sphere","player_choice":"Fight","floor":36.0,"gold_loss":0.0,"damage_taken":0.0},{"damage_healed":0.0,"max_hp_gain":0.0,"max_hp_loss":0.0,"gold_gain":0.0,"event_name":"Tomb of Lord Red Mask","player_choice":"Paid","floor":38.0,"gold_loss":75.0,"damage_taken":0.0,"relics_obtained":["Red Mask"]}],"is_beta":false,"boss_relics":[{"not_picked":["Tiny House","Runic Pyramid"],"picked":"Astrolabe"},{"not_picked":["WristBlade","Velvet Choker"],"picked":"Cursed Key"}],"items_purged_floors":[21,37],"is_endless":false,"potions_floor_spawned":[4,7,12,14,22,25,33,35,45,48],"killed_by":"Donu and Deca","ascension_level":3}}