{"host":"zt8a6xk8zi449pm4","time":1609012789,"event":{"mods":["AchievementEnabler","Aspiration","BaseMod","Conspire","Energized Spire","Infinite Spire","Minty Spire (QoL Compilation)","Rare Cards Sparkle","Relic Stats","Replay The Spire","StSLib"],"gold_per_floor":[111,131,149,20,33,33,64,64,137,137,312,312,347,223,223,351,351,365,384,354,354,83,83,102,102,176,196,235,273,273,292,292,417,417,433,451,467,417,486,486,519,519,546,565,73,73,73,96,96,96,96],"floor_reached":50,"playtime":9596,"items_purged":["Strike_G","Doubt","Injury","conspire:SpireCoStock"],"score":650,"play_id":"dba62b0e-4f4d-461f-867d-9d0ce842301f","local_time":"20201226195949","is_ascension_mode":true,"campfire_choices":[{"data":"Prepared","floor":6.0,"key":"SMITH"},{"data":"Reflex","floor":8.0,"key":"SMITH"},{"data":"Underhanded Strike","floor":15.0,"key":"SMITH"},{"data":"Caltrops","floor":23.0,"key":"SMITH"},{"floor":25,"key":"REST"},{"data":"ReplayTheSpireMod:Speed Training","floor":30,"key":"SMITH"},{"data":"Venomology","floor":40,"key":"SMITH"},{"data":"Bullet Time","floor":42,"key":"SMITH"},{"floor":49,"key":"REST"}],"circlet_count":0,"master_deck":["Strike_G","Strike_G","Strike_G","Strike_G","Defend_G","Defend_G","Defend_G","Defend_G","Defend_G","Survivor","Neutralize","Underhanded Strike+1","Dagger Throw","Prepared+1","Prepared","Dagger Throw","Reflex+1","Prepared","Dagger Throw","Flying Knee","Acrobatics+1","Caltrops+1","Acrobatics","PiercingWail","Dagger Throw","ReplayTheSpireMod:Speed Training+1","Well Laid Plans+1","Poisoned Stab","Bullet Time+1","Concentrate","Escape Plan","Calculated Gamble","Venomology+1","Eviscerate","Underhanded Strike","Dagger Throw","infinitespire:FinalStrike","Tactician+1"],"relics":["Cracked Core","aspiration:Nostalgia","Burning Blood","Happy Flower","Replay:WaspNest","Golden Idol","infinitespire:Cubic Diamond","infinitespire:BottledMercury","Honey Jar","infinitespire:EmpoweringShard","ReplayTheSpireMod:Lightbulb","ReplayTheSpireMod:Shallot","Red Mask","Lantern","energizedSpire:DeadBattery","conspire:GiftBox","Boot","Oddly Smooth Stone","aspiration:SneckoTail"],"acts_visited":["Exordium","TheCity","TheBeyond"],"potions_floor_usage":[24,27,28,29,33,33,37,37,41,41,44,50,50,50],"damage_taken":[{"damage":4.0,"enemies":"Cultist","floor":1.0,"turns":6.0},{"damage":2.0,"enemies":"Small Slimes","floor":2.0,"turns":4.0},{"damage":4.0,"enemies":"conspire:RoseBush","floor":3.0,"turns":3.0},{"damage":3.0,"enemies":"3 Louse","floor":5.0,"turns":3.0},{"damage":8.0,"enemies":"Lagavulin","floor":7.0,"turns":5.0},{"damage":13.0,"enemies":"3 Sentries","floor":13.0,"turns":7.0},{"damage":20.0,"enemies":"The Guardian","floor":16.0,"turns":8.0},{"damage":24.0,"enemies":"conspire:FuzzyDice","floor":18.0,"turns":6.0},{"damage":0.0,"enemies":"Spheric Guardian","floor":19.0,"turns":3.0},{"damage":15,"enemies":"Snecko","floor":24,"turns":4},{"damage":4,"enemies":"Shelled Parasite and Fungi","floor":27,"turns":5},{"damage":5,"enemies":"Masked Bandits","floor":28,"turns":5},{"damage":1,"enemies":"Replay:Snechameleon","floor":29,"turns":5},{"damage":3,"enemies":"Centurion and Healer","floor":31,"turns":5},{"damage":25,"enemies":"Collector","floor":33,"turns":10},{"damage":0,"enemies":"Orb Walker","floor":35,"turns":3},{"damage":15,"enemies":"3 Shapes","floor":36,"turns":4},{"damage":0,"enemies":"3 Darklings","floor":37,"turns":4},{"damage":18,"enemies":"2 Orb Walkers","floor":39,"turns":5},{"damage":0,"enemies":"Giant Head","floor":41,"turns":6},{"damage":35,"enemies":"Jaw Worm Horde","floor":44,"turns":4},{"damage":20,"enemies":"4 Shapes","floor":48,"turns":4},{"damage":45,"enemies":"conspire:OrnateMirror","floor":50,"turns":9}],"seed_played":"-6606978906198086560","potions_obtained":[{"floor":3.0,"key":"Flashbang"},{"floor":5.0,"key":"Explosive Potion"},{"floor":13.0,"key":"BlessingOfTheForge"},{"floor":18.0,"key":"Energy Potion"},{"floor":20.0,"key":"Flashbang"},{"floor":20.0,"key":"BlessingOfTheForge"},{"floor":24,"key":"Dexterity Potion"},{"floor":27,"key":"Dexterity Potion"},{"floor":33,"key":"Block Potion"},{"floor":36,"key":"Explosive Potion"},{"floor":39,"key":"LifebloodPotion"},{"floor":48,"key":"AttackPotion"}],"is_trial":false,"path_per_floor":["M","M","M","$","M","R","E","R","T","?","?","?","E","$","R","B",null,"M","M","?","AVR","$","R","M","R","T","M","?","E","R","M","R","B",null,"M","M","M","?","?","R","E","R","T","M","?","AVR","?","M","R","B"],"character_chosen":"THE_SILENT","items_purchased":["Prepared","Dagger Throw","Caltrops","ReplayTheSpireMod:Lightbulb"],"campfire_rested":2,"item_purchase_floors":[4,14,22,22],"current_hp_per_floor":[70,70,70,70,70,70,68,68,68,68,68,68,61,61,61,47,70,52,58,58,58,58,58,49,70,70,70,70,70,70,70,70,51,70,70,61,67,67,55,55,61,61,61,32,32,32,32,18,39,0,0],"gold":96,"neow_bonus":"NOSTALGIA","is_daily":false,"chose_seed":false,"campfire_upgraded":7,"win_rate":0.0,"timestamp":1609012789,"path_taken":["M","M","M","?","M","R","E","R","T","?","?","?","E","$","R","BOSS","M","M","?","AVR","?","R","M","R","T","?","?","E","R","M","R","BOSS","M","M","M","?","?","R","E","R","T","M","?","AVR","?","M","R","BOSS"],"items_purchased_type":["Card","Card","Card","Relic"],"build_version":"2020-12-22","purchased_purges":4,"victory":false,"max_hp_per_floor":[70,70,70,70,70,70,70,70,70,70,70,70,70,70,70,70,70,70,70,70,70,70,70,70,70,70,70,70,70,70,70,70,70,70,70,70,70,70,70,70,70,70,70,70,70,70,70,70,70,70,70],"relic_stats":{"Happy Flower":[32],"counters":[23,118],"Golden Idol":133,"Boot":[0],"obtain_stats":[{"infinitespire:BottledMercury":13,"Lantern":29,"Happy Flower":7,"aspiration:SneckoTail":46,"aspiration:Nostalgia":0,"Golden Idol":10,"Oddly Smooth Stone":43,"Replay:WaspNest":9,"infinitespire:Cubic Diamond":12,"energizedSpire:DeadBattery":34,"Boot":41,"Burning Blood":0,"conspire:GiftBox":39,"ReplayTheSpireMod:Shallot":26,"Honey Jar":17,"infinitespire:EmpoweringShard":21,"Red Mask":28,"Cracked Core":12,"ReplayTheSpireMod:Lightbulb":22,"Ring of the Snake":0},{"infinitespire:BottledMercury":6,"Lantern":13,"Happy Flower":5,"aspiration:SneckoTail":21,"aspiration:Nostalgia":0,"Golden Idol":5,"Oddly Smooth Stone":20,"Replay:WaspNest":5,"infinitespire:Cubic Diamond":5,"energizedSpire:DeadBattery":15,"Boot":20,"Burning Blood":0,"conspire:GiftBox":19,"ReplayTheSpireMod:Shallot":10,"Honey Jar":7,"infinitespire:EmpoweringShard":9,"Red Mask":12,"Cracked Core":5,"ReplayTheSpireMod:Lightbulb":9,"Ring of the Snake":0},{"infinitespire:BottledMercury":28,"Lantern":64,"Happy Flower":21,"aspiration:SneckoTail":105,"aspiration:Nostalgia":0,"Golden Idol":21,"Oddly Smooth Stone":101,"Replay:WaspNest":21,"infinitespire:Cubic Diamond":21,"energizedSpire:DeadBattery":79,"Boot":101,"Burning Blood":0,"conspire:GiftBox":95,"ReplayTheSpireMod:Shallot":49,"Honey Jar":36,"infinitespire:EmpoweringShard":45,"Red Mask":59,"Cracked Core":21,"ReplayTheSpireMod:Lightbulb":45,"Ring of the Snake":0}],"Burning Blood":104},"card_choices":[{"not_picked":["PiercingWail","Quick Slash"],"picked":"Underhanded Strike","floor":1.0},{"not_picked":["Expertise","Bane"],"picked":"Dagger Throw","floor":2.0},{"not_picked":["Toxin Wave","Finisher"],"picked":"Prepared","floor":3.0},{"not_picked":["Fluid Movement","PiercingWail"],"picked":"Dagger Throw","floor":5.0},{"not_picked":["aspiration:Lunge","Cloak And Dagger"],"picked":"Reflex","floor":7.0},{"not_picked":["Noxious Fumes","Blade Dance"],"picked":"Prepared","floor":13.0},{"not_picked":["Envenom","infinitespire:Neurotoxin"],"picked":"Burst","floor":16.0},{"not_picked":["Hidden Blade","conspire:PoisonWeapons","Cloak And Dagger"],"picked":"Flying Knee","floor":18.0},{"not_picked":["ReplayTheSpireMod:The Works","Bane","Bouncing Flask"],"picked":"Acrobatics+1","floor":19.0},{"not_picked":["Dagger Spray+1","Backflip","Leg Sweep"],"picked":"Acrobatics","floor":24},{"not_picked":["conspire:DoublingDagger","Hidden Blade+1","Bane"],"picked":"PiercingWail","floor":27},{"not_picked":["Poisoned Stab","Deflect","ReplayTheSpireMod:Exploit Weakness"],"picked":"Dagger Throw","floor":28},{"not_picked":["Calculated Gamble","infinitespire:Neurotoxin","conspire:DoublingDagger"],"picked":"ReplayTheSpireMod:Speed Training","floor":29},{"not_picked":["Flying Knee","ReplayTheSpireMod:Tripwire+1","Sucker Punch"],"picked":"Well Laid Plans+1","floor":31},{"not_picked":["Storm of Steel","ReplayTheSpireMod:Necrosis","Die Die Die"],"picked":"Bullet Time","floor":33},{"not_picked":["Cloak And Dagger","Dagger Throw+1","Dodge and Roll+1"],"picked":"Concentrate","floor":35},{"not_picked":["Draining Mist","Sucker Punch","Poisoned Stab"],"picked":"Escape Plan","floor":36},{"not_picked":["Flying Knee","Glass Knife","Cloak And Dagger+1"],"picked":"Calculated Gamble","floor":37},{"not_picked":["Unload","Doppelganger"],"picked":"Venomology","floor":39},{"not_picked":["Blade Dance","Underhanded Strike+1","Storm of Steel"],"picked":"Eviscerate","floor":39},{"not_picked":["Catalyst+1","Hidden Blade+1","Acrobatics"],"picked":"Underhanded Strike","floor":41},{"not_picked":["PiercingWail","Riddle With Holes","Replay:Poison Smokescreen+1"],"picked":"Dagger Throw","floor":44},{"not_picked":["infinitespire:NeuralNetwork","infinitespire:UltimateForm"],"picked":"infinitespire:FinalStrike","floor":45},{"not_picked":["Acrobatics","Deflect+1","Slice"],"picked":"Tactician+1","floor":48}],"player_experience":229141,"relics_obtained":[{"floor":7.0,"key":"Happy Flower"},{"floor":9.0,"key":"Replay:WaspNest"},{"floor":13.0,"key":"infinitespire:BottledMercury"},{"floor":26,"key":"ReplayTheSpireMod:Shallot"},{"floor":28,"key":"Red Mask"},{"floor":29,"key":"Lantern"},{"floor":39,"key":"conspire:GiftBox"},{"floor":41,"key":"Boot"},{"floor":43,"key":"Oddly Smooth Stone"}],"event_choices":[{"damage_healed":0.0,"max_hp_gain":0.0,"max_hp_loss":0.0,"gold_gain":0.0,"event_name":"Golden Idol","player_choice":"Take Wound","floor":10.0,"gold_loss":0.0,"damage_taken":0.0,"relics_obtained":["Golden Idol"],"cards_obtained":["Injury"]},{"damage_healed":0.0,"max_hp_gain":0.0,"max_hp_loss":0.0,"gold_gain":175.0,"event_name":"Liars Game","player_choice":"AGREE","floor":11.0,"gold_loss":0.0,"damage_taken":0.0,"cards_obtained":["Doubt"]},{"damage_healed":0.0,"max_hp_gain":0.0,"max_hp_loss":0.0,"gold_gain":0.0,"event_name":"The Woman in Blue","player_choice":"Bought 2 Potions","floor":20.0,"gold_loss":0.0,"damage_taken":0.0},{"damage_healed":0,"gold_gain":0,"player_choice":"Fought Bandits","damage_taken":0,"max_hp_gain":0,"max_hp_loss":0,"event_name":"Masked Bandits","floor":28,"gold_loss":0},{"damage_healed":0,"gold_gain":0,"player_choice":"Invest 1","damage_taken":0,"max_hp_gain":0,"max_hp_loss":0,"event_name":"conspire:Investor","floor":38,"gold_loss":0},{"damage_healed":0,"gold_gain":0,"player_choice":"Fight","damage_taken":0,"max_hp_gain":0,"max_hp_loss":0,"event_name":"Mysterious Sphere","floor":39,"gold_loss":0}],"is_beta":false,"boss_relics":[{"not_picked":["Painkiller Herb","energizedSpire:EnergizedDie"],"picked":"Honey Jar"},{"not_picked":["Sozu","aspiration:SecretTechniqueScroll"],"picked":"energizedSpire:DeadBattery"}],"items_purged_floors":[4,14,21,46],"is_endless":false,"potions_floor_spawned":[3,5,13,18,24,27,33,36,39,48],"killed_by":"conspire:OrnateMirror","ascension_level":2}}