{"host":"ormi09wwzv7sq47a","time":1609021174,"event":{"mods":["2.2 Compatiblity","AchievementEnabler","Act Like it!","BaseMod","Bestiary","Better Altar","Better Note","Better Sensory Stone","Better Skull","Better Third Choice","Better Vampires","BetterRewards","Block Reminder","Card Forge","Colored Map","Colored Powertips","Curses Come First","DeckTracker","Downfall","Highlight Path","Minty Spire (QoL Compilation)","Permanent Neow","Quick Restart","Rare Cards Sparkle","Relic Stats","Shop Mod","StSLib","The Jungle","The Servant 0.9.4"],"gold_per_floor":[116,116,127,0,15,48,65,65,90,108,126,4,4,16,16,112,112,128,203,215,215,215,215,231,231,257,257,54,54,80,90,90,90,90],"floor_reached":33,"playtime":1507,"items_purged":["Strike_G","Strike_G","Defend_G"],"score":594,"play_id":"cd5a38ca-0706-4275-8cee-55fe37320715","local_time":"20201226191934","is_ascension_mode":true,"campfire_choices":[{"data":"Infinite Blades","floor":8.0,"key":"SMITH"},{"floor":13.0,"key":"REST"},{"data":"Strike_G","floor":15.0,"key":"PURGE"},{"data":"Accuracy","floor":23.0,"key":"SMITH"},{"data":"Accuracy","floor":25.0,"key":"SMITH"},{"data":"Blade Dance","floor":32.0,"key":"SMITH"}],"circlet_count":0,"master_deck":["AscendersBane","Strike_G+1","Defend_G","Defend_G","Defend_G","Survivor","Neutralize+1","Cloak And Dagger","Accuracy+1","Panache","Leg Sweep","Quick Slash","Enlightenment","PiercingWail","Infinite Blades+1","Flechettes","PiercingWail","Malaise","Dodge and Roll+1","Accuracy+1","Accuracy","A Thousand Cuts","Blade Dance+1"],"relics":["Ring of the Snake","Hammer of Thor","Seething Fire","Anvil of the Gods","Membership Card","Peace Pipe","Centennial Puzzle","Nunchaku","Bag of Marbles","WristBlade","Strawberry","Toy Ornithopter","Mercury Hourglass","Letter Opener","MutagenicStrength","Omamori"],"acts_visited":["Exordium","TheCity"],"potions_floor_usage":[],"damage_taken":[{"damage":0.0,"enemies":"2 Louse","floor":1.0,"turns":4.0},{"damage":0.0,"enemies":"Jaw Worm","floor":3.0,"turns":5.0},{"damage":0.0,"enemies":"Cultist","floor":5.0,"turns":4.0},{"damage":25.0,"enemies":"Lagavulin","floor":6.0,"turns":10.0},{"damage":7.0,"enemies":"Blue Slaver","floor":7.0,"turns":3.0},{"damage":6.0,"enemies":"Large Slime","floor":10.0,"turns":5.0},{"damage":0.0,"enemies":"Looter","floor":11.0,"turns":2.0},{"damage":0.0,"enemies":"3 Louse","floor":14.0,"turns":3.0},{"damage":5.0,"enemies":"Hexaghost","floor":16.0,"turns":11.0},{"damage":4.0,"enemies":"Chosen","floor":18.0,"turns":4.0},{"damage":0.0,"enemies":"3 Byrds","floor":20.0,"turns":5.0},{"damage":26.0,"enemies":"Shelled Parasite and Fungi","floor":24.0,"turns":5.0},{"damage":20.0,"enemies":"Slavers","floor":30.0,"turns":5.0},{"damage":19.0,"enemies":"Centurion and Healer","floor":31.0,"turns":6.0},{"damage":79,"enemies":"Automaton","floor":33,"turns":6}],"seed_played":"7613092316952697492","potions_obtained":[{"floor":5.0,"key":"SteroidPotion"},{"floor":7.0,"key":"sneckomod:MuddlingPotion"},{"floor":10.0,"key":"DuplicationPotion"},{"floor":11.0,"key":"EssenceOfSteel"},{"floor":16.0,"key":"Fire Potion"},{"floor":24.0,"key":"Strength Potion"},{"floor":30.0,"key":"Poison Potion"}],"is_trial":false,"path_per_floor":["M","?","M","?","M","E","M","R","T","M","M","$","R","M","R","B",null,"M","?","M","?","?","R","M","R","T","T","$","?","E","M","R","B"],"character_chosen":"THE_SILENT","items_purchased":["Membership Card","Cloak And Dagger","Accuracy","Panache","Fruit Juice","Energy Potion","Leg Sweep","Bag of Marbles","Letter Opener","Accuracy"],"campfire_rested":1,"item_purchase_floors":[0,0,0,0,0,0,0,12,28,28],"current_hp_per_floor":[61,46,46,52,52,27,20,20,20,14,14,14,38,38,38,33,69,65,57,57,81,88,88,62,62,62,62,62,62,47,38,38,0,0],"gold":90,"neow_bonus":"","is_daily":false,"chose_seed":false,"campfire_upgraded":4,"win_rate":0.0,"timestamp":1609021174,"path_taken":["M","?","M","?","M","E","M","R","T","M","M","$","R","M","R","BOSS","M","?","?","?","?","R","M","R","T","?","?","?","E","?","R","BOSS"],"items_purchased_type":["Relic","Card","Card","Card","Potion","Potion","Card","Relic","Relic","Card"],"build_version":"2020-12-22","purchased_purges":3,"victory":false,"max_hp_per_floor":[75,75,75,81,81,81,81,81,81,81,81,81,81,81,81,81,81,81,81,81,81,88,88,88,88,88,88,88,88,88,88,88,88,88],"relic_stats":{"Peace Pipe":1,"Centennial Puzzle":[24],"Nunchaku":[36],"counters":[57,296],"Letter Opener":[30],"obtain_stats":[{"Gremlin Horn":26,"Snake Skull":2,"Hammer of Thor":0,"Whetstone":6,"Empty Cage":17,"Nunchaku":2,"Centennial Puzzle":6,"WristBlade":17,"Strawberry":0,"Pantograph":22,"MealTicket":11,"Kunai":45,"Ring of the Snake":0,"Potion Belt":40,"The Specimen":9,"Golden Idol":3,"Pen Nib":7,"Omamori":30,"Seething Fire":0,"Letter Opener":28,"MawBank":9,"Akabeko":21,"Mercury Hourglass":27,"Peace Pipe":0,"Anchor":8,"Anvil of the Gods":0,"MutagenicStrength":29,"Molten Egg 2":43,"Art of War":9,"Bag of Marbles":12,"Membership Card":0,"StrikeDummy":12,"Ring of the Serpent":34,"Toy Ornithopter":26},{"Gremlin Horn":30,"Snake Skull":1,"Hammer of Thor":0,"Whetstone":24,"Empty Cage":7,"Nunchaku":20,"Centennial Puzzle":46,"WristBlade":28,"Strawberry":12,"Pantograph":30,"MealTicket":18,"Kunai":39,"Ring of the Snake":0,"Potion Belt":38,"The Specimen":3,"Golden Idol":14,"Pen Nib":3,"Omamori":55,"Seething Fire":0,"Letter Opener":54,"MawBank":24,"Akabeko":30,"Mercury Hourglass":54,"Peace Pipe":42,"Anchor":24,"Anvil of the Gods":0,"MutagenicStrength":54,"Molten Egg 2":38,"Art of War":16,"Bag of Marbles":49,"Membership Card":42,"StrikeDummy":5,"Ring of the Serpent":33,"Toy Ornithopter":54},{"Gremlin Horn":150,"Snake Skull":4,"Hammer of Thor":0,"Whetstone":127,"Empty Cage":40,"Nunchaku":112,"Centennial Puzzle":241,"WristBlade":143,"Strawberry":61,"Pantograph":150,"MealTicket":99,"Kunai":196,"Ring of the Snake":0,"Potion Belt":190,"The Specimen":13,"Golden Idol":69,"Pen Nib":13,"Omamori":284,"Seething Fire":0,"Letter Opener":279,"MawBank":127,"Akabeko":150,"Mercury Hourglass":279,"Peace Pipe":218,"Anchor":127,"Anvil of the Gods":0,"MutagenicStrength":279,"Molten Egg 2":190,"Art of War":79,"Bag of Marbles":251,"Membership Card":218,"StrikeDummy":24,"Ring of the Serpent":166,"Toy Ornithopter":279}],"Toy Ornithopter":15,"Ring of the Snake":[30],"Mercury Hourglass":[87]},"card_choices":[{"not_picked":["Prepared","Catalyst"],"picked":"Quick Slash","floor":1.0},{"not_picked":["Dodge and Roll","Deadly Poison","Masterful Stab"],"picked":"SKIP","floor":3.0},{"not_picked":["Dagger Spray","Bouncing Flask"],"picked":"PiercingWail","floor":5.0},{"not_picked":["Flying Knee","Setup","Underhanded Strike"],"picked":"SKIP","floor":6.0},{"not_picked":["Flying Knee","Acrobatics"],"picked":"Infinite Blades","floor":7.0},{"not_picked":["Slice","Expertise"],"picked":"Flechettes","floor":10.0},{"not_picked":["Outmaneuver","Expertise"],"picked":"PiercingWail","floor":11.0},{"not_picked":["Sucker Punch","Predator","Reflex"],"picked":"SKIP","floor":14.0},{"not_picked":["Grand Finale","Unload"],"picked":"Malaise","floor":16.0},{"not_picked":["Dagger Throw","Outmaneuver"],"picked":"Dodge and Roll+1","floor":18.0},{"not_picked":["Expertise","Poisoned Stab","Skewer"],"picked":"SKIP","floor":20.0},{"not_picked":["Quick Slash+1","Prepared+1"],"picked":"Accuracy","floor":24.0},{"not_picked":["Prepared","Deflect"],"picked":"A Thousand Cuts","floor":30.0},{"not_picked":["Calculated Gamble","All Out Attack"],"picked":"Blade Dance","floor":31.0}],"player_experience":799072,"relics_obtained":[{"floor":6.0,"key":"Centennial Puzzle"},{"floor":9.0,"key":"Nunchaku"},{"floor":26.0,"key":"Toy Ornithopter"},{"floor":27.0,"key":"Mercury Hourglass"},{"floor":30.0,"key":"Omamori"}],"event_choices":[{"damage_healed":61.0,"max_hp_gain":0.0,"max_hp_loss":75.0,"gold_gain":0.0,"event_name":"betterThird:BetterShining","player_choice":"Upgrade","floor":2.0,"gold_loss":0.0,"damage_taken":15.0,"cards_upgraded":["Strike_G","Neutralize"]},{"damage_healed":0.0,"max_hp_gain":0.0,"max_hp_loss":0.0,"gold_gain":0.0,"event_name":"betterThird:BetterSerpent","player_choice":"RENOUNCE","floor":4.0,"gold_loss":127.0,"damage_taken":127.0,"cards_obtained":["Enlightenment"]},{"damage_healed":0.0,"max_hp_gain":0.0,"max_hp_loss":0.0,"gold_gain":75.0,"event_name":"FaceTrader","player_choice":"Touch","floor":19.0,"gold_loss":0.0,"damage_taken":8.0},{"damage_healed":27.0,"max_hp_gain":0.0,"max_hp_loss":0.0,"gold_gain":0.0,"event_name":"The Library","player_choice":"Heal","floor":21.0,"gold_loss":0.0,"damage_taken":0.0},{"damage_healed":0.0,"max_hp_gain":0.0,"max_hp_loss":0.0,"gold_gain":0.0,"event_name":"The Mausoleum","player_choice":"Opened","floor":22.0,"gold_loss":0.0,"damage_taken":0.0,"relics_obtained":["Strawberry"]},{"damage_healed":0.0,"max_hp_gain":0.0,"max_hp_loss":0.0,"gold_gain":0.0,"event_name":"Drug Dealer","player_choice":"Inject Mutagens","floor":29.0,"gold_loss":0.0,"damage_taken":0.0,"relics_obtained":["MutagenicStrength"]}],"is_beta":false,"boss_relics":[{"not_picked":["Coffee Dripper","Empty Cage"],"picked":"WristBlade"}],"items_purged_floors":[0,12,28],"is_endless":false,"potions_floor_spawned":[5,7,10,11,16,24,30],"killed_by":"Automaton","ascension_level":11}}