{"host":"g1wmg2w41xhsnw8g","time":1609017433,"event":{"mods":["2.2 Compatiblity","Act Like it!","BaseMod","Better Altar","Better Match","Better Note","Better Sensory Stone","Better Skull","Better Third Choice","BetterRewards","Booster Modes","CapriCore","Colored Map","Colored Powertips","Curses Come First","Defuse TimeMaze Blight","Displayed Cursed Tome","Friendly Minions","GifTheSpireLib","Googly Eyes","Infinite Spire","Minty Spire (QoL Compilation)","Red Circlet Mod","Relic Sorter","Robot Space Explorer","SCP261 Mod","Shop Mod","Spicy Shops","StSLib","The Animator","The Sage","Transform Curses","Wandering Minibosses","????"],"gold_per_floor":[116,128,128,48,62,88,88,88,88,100,120,130,143,163,163,264,314,333,333,346,360,380,51,65,99,99,99,116,150,170,193,45,141,141,160,160,177,177,191,217,74,109,109,109,123,134,134,152,6,6,6],"floor_reached":50,"playtime":3695,"items_purged":["RobotSpaceExplorer:Defend","RobotSpaceExplorer:Strike","RobotSpaceExplorer:Strike"],"score":708,"play_id":"9de18816-79d7-4b82-bfea-ac54922f27b4","local_time":"20201226161713","is_ascension_mode":true,"campfire_choices":[{"data":"RobotSpaceExplorer:MiniBoosters","floor":8.0,"key":"SMITH"},{"data":"infinitespire:Collect","floor":15.0,"key":"SMITH"},{"data":"RobotSpaceExplorer:DroneSwarm","floor":27.0,"key":"SMITH"},{"data":"RobotSpaceExplorer:TrailblazerForm","floor":44.0,"key":"SMITH"}],"circlet_count":0,"master_deck":["RobotSpaceExplorer:Strike","RobotSpaceExplorer:Defend","RobotSpaceExplorer:Scan","RobotSpaceExplorer:MiniLasers","RobotSpaceExplorer:MiniBoosters+1","RobotSpaceExplorer:Pulsar+1","infinitespire:Collect+1","RobotSpaceExplorer:StunGrenade","RobotSpaceExplorer:ScrapToss","RobotSpaceExplorer:ImprovisedAttack","RobotSpaceExplorer:Blitz","RobotSpaceExplorer:MiniDrones","RobotSpaceExplorer:DualCore+1","RobotSpaceExplorer:DroneSwarm+1","RobotSpaceExplorer:DoubleBlock","RobotSpaceExplorer:Autoloader","RobotSpaceExplorer:SurgingStrike","RobotSpaceExplorer:DoubleFind","RobotSpaceExplorer:MiniDrones+1","RobotSpaceExplorer:TrailblazerForm+1","RobotSpaceExplorer:Discharger+1","RobotSpaceExplorer:Fix+1","RobotSpaceExplorer:GlueShot","RobotSpaceExplorer:PowerCollector+1","RobotSpaceExplorer:StarLightning+1","RobotSpaceExplorer:ScrapShield+1","Madness","Madness"],"relics":["infinitespire:Cupcake","infinitespire:ShieldingShard","Smiling Mask","Question Card","Akabeko","MerchantsRug","infinitespire:CheckeredPen","sagemod:Creepy_Carousel","Boot","infinitespire:PuzzleCube","Bronze Scales","wanderingMiniBosses:AbyssPearl","infinitespire:Lucky Rock","Sling","PreservedInsect","infinitespire:Satchel","Chemical X"],"acts_visited":["Exordium","TheCity","TheBeyond"],"potions_floor_usage":[50],"damage_taken":[{"damage":0.0,"enemies":"Small Slimes","floor":1.0,"turns":3.0},{"damage":2.0,"enemies":"2 Louse","floor":2.0,"turns":3.0},{"damage":0.0,"enemies":"Cultist","floor":5.0,"turns":3.0},{"damage":0.0,"enemies":"3 Sentries","floor":6.0,"turns":8.0},{"damage":0.0,"enemies":"Exordium Thugs","floor":10.0,"turns":3.0},{"damage":3.0,"enemies":"Lots of Slimes","floor":11.0,"turns":3.0},{"damage":5.0,"enemies":"Gremlin Gang","floor":12.0,"turns":3.0},{"damage":0.0,"enemies":"Looter","floor":13.0,"turns":1.0},{"damage":1.0,"enemies":"2 Fungi Beasts","floor":14.0,"turns":2.0},{"damage":9.0,"enemies":"The Guardian","floor":16.0,"turns":10.0},{"damage":4.0,"enemies":"3 Byrds","floor":18.0,"turns":5.0},{"damage":0.0,"enemies":"Chosen","floor":20.0,"turns":5.0},{"damage":9.0,"enemies":"Snake Plant","floor":21.0,"turns":6.0},{"damage":0.0,"enemies":"Snecko","floor":22.0,"turns":6.0},{"damage":0.0,"enemies":"Centurion and Healer","floor":24.0,"turns":5.0},{"damage":26.0,"enemies":"Book of Stabbing","floor":25.0,"turns":6.0},{"damage":5.0,"enemies":"Chosen and Byrds","floor":28.0,"turns":6.0},{"damage":0.0,"enemies":"Gremlin Leader","floor":29.0,"turns":4.0},{"damage":2.0,"enemies":"Snake Plant","floor":30.0,"turns":3.0},{"damage":34.0,"enemies":"Collector","floor":33.0,"turns":7.0},{"damage":33.0,"enemies":"3 Darklings","floor":35.0,"turns":6.0},{"damage":0.0,"enemies":"3 Shapes","floor":37.0,"turns":4.0},{"damage":0.0,"enemies":"Maw","floor":39.0,"turns":7.0},{"damage":0.0,"enemies":"Giant Head","floor":40.0,"turns":7.0},{"damage":26.0,"enemies":"Nemesis","floor":42.0,"turns":7.0},{"damage":8.0,"enemies":"4 Shapes","floor":45.0,"turns":3.0},{"damage":0.0,"enemies":"Transient","floor":46.0,"turns":5.0},{"damage":0.0,"enemies":"Spire Growth","floor":48.0,"turns":3.0},{"damage":43,"enemies":"Awakened One","floor":50,"turns":2}],"seed_played":"-1225634665829623684","potions_obtained":[{"floor":2.0,"key":"RobotSpaceExplorer:RecyclePotion"},{"floor":5.0,"key":"SCP261:GirlTearsPotion"},{"floor":6.0,"key":"BlessingOfTheForge"},{"floor":10.0,"key":"Energy Potion"},{"floor":17.0,"key":"Energy Potion"},{"floor":20.0,"key":"FearPotion"},{"floor":21.0,"key":"SteroidPotion"},{"floor":22.0,"key":"SkillPotion"},{"floor":24.0,"key":"SCP261:AppleJuicePotion"},{"floor":30.0,"key":"SCP261:BlastolaColaPotion"},{"floor":39.0,"key":"AttackPotion"},{"floor":40.0,"key":"AttackPotion"},{"floor":42.0,"key":"RobotSpaceExplorer:RecyclePotion"},{"floor":46.0,"key":"Dexterity Potion"}],"is_trial":false,"path_per_floor":["M","M","?","?","M","E","T","R","T","M","M","M","M","M","R","B",null,"M","?","M","M","M","R","M","E","T","R","M","E","M","T","R","B",null,"M","?","M","T","M","E","$","E","T","R","M","M","?","M","R","B"],"character_chosen":"RobotSpaceExplorer","items_purchased":["Lee\u0027s Waffle","MerchantsRug","Bronze Scales","Sling","Chemical X"],"campfire_rested":0,"item_purchase_floors":[23,23,32,41,49],"current_hp_per_floor":[75,73,55,55,55,55,55,55,55,55,52,47,47,46,46,37,80,76,76,76,67,67,87,87,69,69,69,64,64,62,62,62,28,95,62,62,62,62,62,62,62,36,36,36,34,40,28,34,34,0,0],"gold":6,"neow_bonus":"BOSS_RELIC","is_daily":false,"chose_seed":false,"campfire_upgraded":4,"win_rate":0.0,"timestamp":1609017433,"path_taken":["M","M","?","?","?","E","?","R","T","?","?","M","M","M","R","BOSS","M","?","M","?","M","R","M","E","T","R","?","E","M","?","R","BOSS","M","?","?","?","?","E","$","E","T","R","M","M","?","M","R","BOSS"],"items_purchased_type":["Relic","Relic","Relic","Relic","Relic"],"build_version":"2020-12-22","purchased_purges":3,"victory":false,"max_hp_per_floor":[75,75,75,75,75,75,75,75,75,75,75,75,75,75,75,75,80,80,80,80,80,80,87,87,95,95,95,95,95,95,95,95,95,95,95,95,95,95,95,95,95,95,95,95,95,95,95,95,95,95,95],"card_choices":[{"not_picked":["RobotSpaceExplorer:ShovelStrike","RobotSpaceExplorer:Counterblock"],"picked":"RobotSpaceExplorer:MiniBoosters","floor":1.0},{"not_picked":["RobotSpaceExplorer:StarDust","RobotSpaceExplorer:ShockKick"],"picked":"RobotSpaceExplorer:Pulsar","floor":2.0},{"not_picked":["infinitespire:SevenWalls","infinitespire:Fortify"],"picked":"infinitespire:Collect","floor":3.0},{"not_picked":["RobotSpaceExplorer:Blitz","RobotSpaceExplorer:Ammunition"],"picked":"RobotSpaceExplorer:StunGrenade","floor":5.0},{"not_picked":["RobotSpaceExplorer:ScrapMissile","RobotSpaceExplorer:LuckyStrike"],"picked":"RobotSpaceExplorer:ScrapToss","floor":6.0},{"not_picked":["RobotSpaceExplorer:ScrapToss","RobotSpaceExplorer:SlimeMissile","RobotSpaceExplorer:ShovelStrike"],"picked":"RobotSpaceExplorer:ImprovisedAttack","floor":10.0},{"not_picked":["RobotSpaceExplorer:Comet","RobotSpaceExplorer:MetalStrike","RobotSpaceExplorer:PowerCollector"],"picked":"RobotSpaceExplorer:Blitz","floor":11.0},{"not_picked":["RobotSpaceExplorer:Blitz","RobotSpaceExplorer:ShockKick","RobotSpaceExplorer:SlimeMissile"],"picked":"RobotSpaceExplorer:MiniDrones","floor":12.0},{"not_picked":["RobotSpaceExplorer:ScrapToss","RobotSpaceExplorer:FranticSearch","RobotSpaceExplorer:SwiftStep","RobotSpaceExplorer:SlimeMissile"],"picked":"SKIP","floor":13.0},{"not_picked":["RobotSpaceExplorer:StarLightning","RobotSpaceExplorer:TurboDodge","RobotSpaceExplorer:ShockKick"],"picked":"RobotSpaceExplorer:DualCore","floor":14.0},{"not_picked":["RobotSpaceExplorer:HighVoltage","RobotSpaceExplorer:Comet","RobotSpaceExplorer:Multitool"],"picked":"RobotSpaceExplorer:DroneSwarm","floor":16.0},{"not_picked":["RobotSpaceExplorer:Probe","RobotSpaceExplorer:Pulsar","RobotSpaceExplorer:PlasmaMissile"],"picked":"RobotSpaceExplorer:DoubleBlock","floor":17.0},{"not_picked":["RobotSpaceExplorer:GlueShot+1","RobotSpaceExplorer:Electropulse","RobotSpaceExplorer:ExhaustFan"],"picked":"RobotSpaceExplorer:Autoloader","floor":18.0},{"not_picked":["RobotSpaceExplorer:TurboDodge","RobotSpaceExplorer:MiniDrones","RobotSpaceExplorer:SlimeMissile","RobotSpaceExplorer:Smokescreen"],"picked":"SKIP","floor":20.0},{"not_picked":["RobotSpaceExplorer:ShockKick","RobotSpaceExplorer:Ammunition","RobotSpaceExplorer:GlueShot+1"],"picked":"RobotSpaceExplorer:DoubleFind","floor":21.0},{"not_picked":["RobotSpaceExplorer:SlimeMissile","RobotSpaceExplorer:Blaster","RobotSpaceExplorer:Ammunition","RobotSpaceExplorer:Counterblock+1"],"picked":"SKIP","floor":22.0},{"not_picked":["RobotSpaceExplorer:ShovelStrike","RobotSpaceExplorer:MiniDrones","RobotSpaceExplorer:SwiftStep","RobotSpaceExplorer:ExhaustFan"],"picked":"SKIP","floor":24.0},{"not_picked":["RobotSpaceExplorer:RigExplosive","RobotSpaceExplorer:Electropulse","RobotSpaceExplorer:BigMissile","RobotSpaceExplorer:StarDust+1"],"picked":"SKIP","floor":25.0},{"not_picked":["RobotSpaceExplorer:Counterblock","RobotSpaceExplorer:Pulsar","RobotSpaceExplorer:Asteroid","RobotSpaceExplorer:SwiftStep"],"picked":"SKIP","floor":28.0},{"not_picked":["RobotSpaceExplorer:Smokescreen+1","RobotSpaceExplorer:DroneSwarm","RobotSpaceExplorer:Electropulse+1"],"picked":"RobotSpaceExplorer:MiniDrones+1","floor":29.0},{"not_picked":["RobotSpaceExplorer:SlimeMissile+1","RobotSpaceExplorer:MakeshiftVolley","RobotSpaceExplorer:Counterblock+1","RobotSpaceExplorer:Blitz+1"],"picked":"SKIP","floor":30.0},{"not_picked":["RobotSpaceExplorer:Multitool","RobotSpaceExplorer:Wormhole","RobotSpaceExplorer:Scanner"],"picked":"RobotSpaceExplorer:TrailblazerForm","floor":33.0},{"not_picked":["RobotSpaceExplorer:FranticSearch","RobotSpaceExplorer:SurgingShield","RobotSpaceExplorer:FrostMissile"],"picked":"RobotSpaceExplorer:Discharger+1","floor":35.0},{"not_picked":["RobotSpaceExplorer:ScrapMissile+1","RobotSpaceExplorer:Counterblock+1","RobotSpaceExplorer:ShockKick","RobotSpaceExplorer:MakeshiftVolley+1"],"picked":"SKIP","floor":37.0},{"not_picked":["RobotSpaceExplorer:MetalStrike+1","RobotSpaceExplorer:Probe+1","RobotSpaceExplorer:Jetpack+1"],"picked":"RobotSpaceExplorer:Fix","floor":39.0},{"not_picked":["RobotSpaceExplorer:Scanner","RobotSpaceExplorer:MiniDrones","RobotSpaceExplorer:SurgingShield+1"],"picked":"RobotSpaceExplorer:GlueShot","floor":40.0},{"not_picked":["RobotSpaceExplorer:TurboDodge","RobotSpaceExplorer:ShockKick","RobotSpaceExplorer:GlueShot+1"],"picked":"RobotSpaceExplorer:PowerCollector+1","floor":42.0},{"not_picked":["RobotSpaceExplorer:FrostMissile+1","RobotSpaceExplorer:SurgingStrike+1","RobotSpaceExplorer:Electroshield"],"picked":"RobotSpaceExplorer:StarLightning+1","floor":45.0},{"not_picked":["RobotSpaceExplorer:ImprovisedAttack+1","RobotSpaceExplorer:SlimeMissile+1","RobotSpaceExplorer:MiniDrones"],"picked":"RobotSpaceExplorer:ScrapShield+1","floor":46.0},{"not_picked":["RobotSpaceExplorer:GlueShot+1","RobotSpaceExplorer:StarDust+1","RobotSpaceExplorer:Counterblock+1","RobotSpaceExplorer:StarLightning"],"picked":"SKIP","floor":48.0}],"player_experience":984667,"relics_obtained":[{"floor":6.0,"key":"Smiling Mask"},{"floor":7.0,"key":"Question Card"},{"floor":9.0,"key":"Akabeko"},{"floor":25.0,"key":"infinitespire:CheckeredPen"},{"floor":26.0,"key":"sagemod:Creepy_Carousel"},{"floor":29.0,"key":"Boot"},{"floor":31.0,"key":"infinitespire:PuzzleCube"},{"floor":35.0,"key":"wanderingMiniBosses:AbyssPearl"},{"floor":38.0,"key":"infinitespire:Lucky Rock"},{"floor":40.0,"key":"War Paint"},{"floor":42.0,"key":"PreservedInsect"},{"floor":43.0,"key":"infinitespire:Satchel"}],"event_choices":[{"damage_healed":0.0,"max_hp_gain":0.0,"max_hp_loss":0.0,"gold_gain":0.0,"event_name":"WeMeetAgain","player_choice":"Paid Gold","floor":4.0,"gold_loss":80.0,"damage_taken":0.0,"relics_obtained":["infinitespire:ShieldingShard"]},{"damage_healed":0.0,"max_hp_gain":0.0,"max_hp_loss":0.0,"gold_gain":0.0,"cards_transformed":["RobotSpaceExplorer:Defend"],"event_name":"Transmorgrifier","player_choice":"Transformed","floor":19.0,"gold_loss":0.0,"damage_taken":0.0,"cards_obtained":["RobotSpaceExplorer:SurgingStrike"]},{"damage_healed":0.0,"max_hp_gain":0.0,"max_hp_loss":0.0,"gold_gain":0.0,"event_name":"betterThird:BetterPortal","player_choice":"Random: Yellow","floor":36.0,"gold_loss":0.0,"damage_taken":0.0},{"damage_healed":0.0,"max_hp_gain":0.0,"max_hp_loss":0.0,"gold_gain":0.0,"event_name":"betterNote:BetterNote","player_choice":"Ignored","floor":36.0,"gold_loss":0.0,"damage_taken":0.0,"cards_obtained":["animator:KrulTepes"]},{"damage_healed":0.0,"max_hp_gain":0.0,"max_hp_loss":0.0,"gold_gain":0.0,"event_name":"Winding Halls","player_choice":"Embrace Madness","floor":47.0,"gold_loss":0.0,"damage_taken":12.0,"cards_obtained":["Madness","Madness"]}],"is_beta":false,"boss_relics":[{"not_picked":["Coffee Dripper","Fusion Hammer"],"picked":"Tiny House"},{"not_picked":["Black Star","Velvet Choker"],"picked":"Empty Cage"}],"items_purged_floors":[23,32,41],"is_endless":false,"potions_floor_spawned":[2,5,6,10,20,21,22,24,30,39,40,42,46],"killed_by":"Awakened One","ascension_level":1}}