{"host":"3jpwrwmmgyabjceh","time":1609009427,"event":{"mods":["AchievementEnabler","BaseMod","Colored Map","Colored Powertips","Highlight Path","Minty Spire (QoL Compilation)","Quick Restart","StSLib"],"gold_per_floor":[109,184,184,196,207,207,382,382,382,382,36,36,36,61,61,159,159,179,278,278,30,45,45,77,77,102,115,115,115],"floor_reached":28,"playtime":751,"items_purged":["Doubt","Strike_R"],"score":321,"play_id":"d7a15310-8c6e-4806-b630-edc7f2267794","local_time":"20201226220347","is_ascension_mode":true,"campfire_choices":[{"data":"Demon Form","floor":6.0,"key":"SMITH"},{"data":"Armaments","floor":8.0,"key":"SMITH"},{"data":"Bash","floor":10.0,"key":"SMITH"},{"data":"Heavy Blade","floor":12.0,"key":"SMITH"},{"data":"Limit Break","floor":15.0,"key":"SMITH"},{"floor":23,"key":"REST"},{"floor":25,"key":"REST"}],"circlet_count":0,"master_deck":["Strike_R","Strike_R","Strike_R","Defend_R+1","Defend_R+1","Defend_R","Defend_R","Bash+1","Demon Form+1","Battle Trance","Armaments+1","Heavy Blade+1","Thunderclap","Rampage","Bloodletting","Thunderclap","Twin Strike","Feed","Limit Break+1","Barricade","Ghostly Armor"],"relics":["Burning Blood","War Paint","Orrery","Tiny Chest","Velvet Choker","ClockworkSouvenir","Unceasing Top","Orichalcum"],"acts_visited":["Exordium","TheCity"],"potions_floor_usage":[16,28],"damage_taken":[{"damage":6.0,"enemies":"2 Louse","floor":1.0,"turns":4.0},{"damage":4.0,"enemies":"Small Slimes","floor":4.0,"turns":3.0},{"damage":3.0,"enemies":"Jaw Worm","floor":5.0,"turns":5.0},{"damage":22.0,"enemies":"Lagavulin","floor":14.0,"turns":5.0},{"damage":39,"enemies":"Hexaghost","floor":16,"turns":6},{"damage":45,"enemies":"Spheric Guardian","floor":18,"turns":6},{"damage":4,"enemies":"Chosen","floor":22,"turns":3},{"damage":51,"enemies":"Gremlin Leader","floor":24,"turns":8},{"damage":23,"enemies":"Snake Plant","floor":27,"turns":5},{"damage":21,"enemies":"3 Cultists","floor":28,"turns":4}],"seed_played":"5164547892311818453","potions_obtained":[{"floor":1.0,"key":"FearPotion"},{"floor":4.0,"key":"DuplicationPotion"},{"floor":18,"key":"SteroidPotion"},{"floor":27,"key":"Dexterity Potion"}],"is_trial":false,"path_per_floor":["M","?","?","M","M","R","?","R","T","R","$","R","?","E","R","B",null,"M","?","?","$","M","R","E","R","T","M","M"],"character_chosen":"IRONCLAD","items_purchased":["Thunderclap","Rampage","Orrery","ClockworkSouvenir"],"campfire_rested":2,"item_purchase_floors":[11,11,11,21],"current_hp_per_floor":[80,69,62,64,67,67,67,67,67,67,67,67,67,51,51,18,65,26,26,26,26,28,52,7,31,31,17,0,0],"gold":115,"neow_bonus":"ONE_RANDOM_RARE_CARD","is_daily":false,"chose_seed":false,"campfire_upgraded":5,"win_rate":0.0,"timestamp":1609009427,"path_taken":["M","?","?","M","M","R","?","R","T","R","?","R","?","E","R","BOSS","M","?","?","$","?","R","E","R","T","M","M"],"items_purchased_type":["Card","Card","Relic","Relic"],"build_version":"2020-12-22","purchased_purges":2,"victory":false,"max_hp_per_floor":[80,80,80,80,80,80,80,80,80,80,80,80,80,80,80,80,80,80,80,80,80,80,80,80,80,80,83,86,86],"card_choices":[{"not_picked":["Perfected Strike","True Grit"],"picked":"Battle Trance","floor":1.0},{"not_picked":["Anger","Combust"],"picked":"Armaments","floor":4.0},{"not_picked":["Body Slam","Clothesline"],"picked":"Heavy Blade","floor":5.0},{"not_picked":["Sentinel","Infernal Blade"],"picked":"Bloodletting","floor":11.0},{"not_picked":["Power Through","Shockwave"],"picked":"Thunderclap","floor":11.0},{"not_picked":["Metallicize","Thunderclap"],"picked":"Twin Strike","floor":11.0},{"not_picked":["Flex","Armaments"],"picked":"Feed","floor":11.0},{"not_picked":["Havoc","Armaments"],"picked":"Limit Break","floor":14.0},{"not_picked":["Corruption","Brutality"],"picked":"Barricade","floor":16},{"not_picked":["Pommel Strike+1","Clothesline","Sword Boomerang"],"picked":"SKIP","floor":18},{"not_picked":["Pommel Strike","Clothesline"],"picked":"Ghostly Armor","floor":22},{"not_picked":["Limit Break","Uppercut","Body Slam+1"],"picked":"SKIP","floor":24},{"not_picked":["Headbutt","Rage","Carnage"],"picked":"SKIP","floor":27}],"player_experience":290339,"relics_obtained":[{"floor":14.0,"key":"Tiny Chest"},{"floor":24,"key":"Unceasing Top"},{"floor":26,"key":"Orichalcum"}],"event_choices":[{"damage_healed":0.0,"max_hp_gain":0.0,"max_hp_loss":0.0,"gold_gain":75.0,"event_name":"World of Goop","player_choice":"Gather Gold","floor":2.0,"gold_loss":0.0,"damage_taken":11.0},{"damage_healed":0.0,"max_hp_gain":0.0,"max_hp_loss":0.0,"gold_gain":0.0,"event_name":"Scrap Ooze","player_choice":"Success","floor":3.0,"gold_loss":0.0,"damage_taken":7.0,"relics_obtained":["War Paint"]},{"damage_healed":0.0,"max_hp_gain":0.0,"max_hp_loss":0.0,"gold_gain":175.0,"event_name":"Liars Game","player_choice":"AGREE","floor":7.0,"gold_loss":0.0,"damage_taken":0.0,"cards_obtained":["Doubt"]},{"cards_removed":["Strike_R"],"damage_healed":0.0,"max_hp_gain":0.0,"max_hp_loss":0.0,"gold_gain":0.0,"event_name":"Living Wall","player_choice":"Forget","floor":13.0,"gold_loss":0.0,"damage_taken":0.0},{"damage_healed":0,"gold_gain":99,"player_choice":"Stole From Cult","damage_taken":0,"max_hp_gain":0,"max_hp_loss":0,"event_name":"Nest","floor":19,"gold_loss":0},{"damage_healed":0,"gold_gain":0,"player_choice":"Bought 0 Potions","damage_taken":0,"max_hp_gain":0,"max_hp_loss":0,"event_name":"The Woman in Blue","floor":20,"gold_loss":0}],"is_beta":false,"boss_relics":[{"not_picked":["Ectoplasm","Black Blood"],"picked":"Velvet Choker"}],"items_purged_floors":[11,21],"is_endless":false,"potions_floor_spawned":[1,4,18,27],"killed_by":"3 Cultists","ascension_level":5}}