{"host":"joxnbq9hujdt0xua","time":1609007673,"event":{"mods":["Act Like it!","BaseMod","Colored Powertips","Downfall","Hallownest","Hermit","Minty Spire (QoL Compilation)","Quick Restart","Relic Stats","Replay The Spire","StSLib"],"gold_per_floor":[112,43,43,53,5,5,5,23,23,38,27,27,46,64,64,165,165,149,160,170,188,45,80,100,0,0,0,18,18,18,38,38,137,137,157,157,167,235,235,235,245,245,121,132,184,184,184,198,198,248,248,248],"floor_reached":53,"playtime":2595,"items_purged":["Strike_G","Strike_G"],"score":598,"play_id":"864ec6bd-870b-49a2-be6d-d24cfe1b9722","local_time":"20201227023433","is_ascension_mode":false,"campfire_choices":[{"data":"Accuracy","floor":6.0,"key":"SMITH"},{"data":"Blade Dance","floor":12.0,"key":"SMITH"},{"data":"Blade Dance","floor":15.0,"key":"SMITH"},{"data":"Malaise","floor":27.0,"key":"SMITH"},{"data":"Cloak And Dagger","floor":29.0,"key":"SMITH"},{"data":"Cloak And Dagger","floor":32.0,"key":"SMITH"},{"data":"expansioncontent:QuickStudy","floor":42.0,"key":"SMITH"},{"data":"Bullet Time","floor":47.0,"key":"SMITH"},{"data":"expansioncontent:Chronoboost","floor":51.0,"key":"SMITH"}],"circlet_count":0,"master_deck":["Strike_G","Strike_G","Strike_G","Defend_G","Defend_G","Defend_G","Defend_G","Defend_G","Survivor","Neutralize","Accuracy+1","Cloak And Dagger+1","Blade Dance+1","Acrobatics","Blade Dance+1","Malaise+1","Cloak And Dagger+1","Outmaneuver+1","Backflip","Reflex","Tools of the Trade","Bullet Time+1","expansioncontent:QuickStudy+1","Secret Weapon","expansioncontent:Chronoboost+1","Replay:SS_forest_2","Reflex+1"],"relics":["Ring of the Serpent","Snack Pack","Replay:Bronze Core","Iron Hammer","Singing Bowl","Replay:Ringing Soul","ReplayTheSpireMod:ShopPack","Blue Doll","Calipers"],"acts_visited":["Exordium","TheCity","TheBeyond"],"potions_floor_usage":[52,52,52,52,52],"damage_taken":[{"damage":4.0,"enemies":"Cultist","floor":1.0,"turns":4.0},{"damage":3.0,"enemies":"Jaw Worm","floor":4.0,"turns":3.0},{"damage":7.0,"enemies":"2 Louse","floor":8.0,"turns":4.0},{"damage":10.0,"enemies":"Large Slime","floor":10.0,"turns":5.0},{"damage":15.0,"enemies":"Exordium Thugs","floor":11.0,"turns":4.0},{"damage":20.0,"enemies":"3 Louse","floor":13.0,"turns":5.0},{"damage":0.0,"enemies":"2 Fungi Beasts","floor":14.0,"turns":2.0},{"damage":12.0,"enemies":"Slime Boss","floor":16.0,"turns":3.0},{"damage":8.0,"enemies":"2 Thieves","floor":18.0,"turns":5.0},{"damage":5.0,"enemies":"3 Byrds","floor":19.0,"turns":5.0},{"damage":10.0,"enemies":"Centurion and Healer","floor":20.0,"turns":6.0},{"damage":39.0,"enemies":"Snecko","floor":21.0,"turns":8.0},{"damage":30.0,"enemies":"Replay:Snechameleon","floor":23.0,"turns":14.0},{"damage":0.0,"enemies":"Snake Plant","floor":24.0,"turns":6.0},{"damage":10.0,"enemies":"Sentry and Sphere","floor":28.0,"turns":4.0},{"damage":1.0,"enemies":"Centurion and Healer","floor":31.0,"turns":3.0},{"damage":41.0,"enemies":"Champ","floor":33.0,"turns":13.0},{"damage":6.0,"enemies":"Orb Walker","floor":35.0,"turns":3.0},{"damage":10.0,"enemies":"3 Shapes","floor":37.0,"turns":7.0},{"damage":34.0,"enemies":"Sphere and 2 Shapes","floor":41.0,"turns":6.0},{"damage":32.0,"enemies":"4 Shapes","floor":44.0,"turns":5.0},{"damage":34.0,"enemies":"Transient","floor":48.0,"turns":5.0},{"damage":1.0,"enemies":"Mind Bloom Boss Battle","floor":50.0,"turns":7.0},{"damage":35,"enemies":"Replay:Hell Engine","floor":52,"turns":10}],"seed_played":"-5240210395460666159","potions_obtained":[{"floor":4.0,"key":"Guardian:BlockOnCardUsePotion"},{"floor":8.0,"key":"EntropicBrew"},{"floor":13.0,"key":"Death Potion"},{"floor":16.0,"key":"LiquidMemories"},{"floor":23.0,"key":"Milkshake"},{"floor":44.0,"key":"CultistPotion"}],"is_trial":false,"path_per_floor":["M","$","?","M","$","R","$","M","T","M","M","R","M","M","R","B",null,"M","M","M","M","$","E","M","$","T","R","M","R","?","M","R","B",null,"M","?","M","T","PTL","PTL","M","R","$","M","T","?","R","M","?","?","R","B",null],"character_chosen":"THE_SILENT","items_purchased":["Accuracy","Cloak And Dagger","Reflex","ReplayTheSpireMod:ShopPack"],"campfire_rested":0,"item_purchase_floors":[2,5,22,43],"current_hp_per_floor":[73,73,78,75,75,75,75,68,68,64,53,53,37,39,39,31,82,78,82,80,49,49,41,49,49,49,49,53,53,37,44,44,49,91,92,82,80,80,80,80,64,64,71,49,49,93,93,74,74,85,85,66],"gold":248,"neow_bonus":"TEN_PERCENT_HP_BONUS","is_daily":false,"chose_seed":false,"campfire_upgraded":9,"win_rate":0.0,"timestamp":1609007673,"path_taken":["M","?","?","M","?","R","$","M","T","M","M","R","M","M","R","BOSS","M","M","?","M","$","E","M","?","T","R","M","R","?","M","R","BOSS","M","?","M","?","PTL","PTL","M","R","$","M","T","?","R","M","?","?","R","BOSS"],"items_purchased_type":["Card","Card","Card","Relic"],"build_version":"2020-12-22","purchased_purges":2,"victory":true,"max_hp_per_floor":[77,77,82,82,82,82,82,82,82,82,82,82,82,82,82,82,82,82,82,82,82,82,82,82,82,82,82,84,84,89,91,91,91,91,93,93,95,95,95,95,97,97,104,106,106,93,93,96,96,98,98,98],"relic_stats":{"Singing Bowl":18,"counters":[24,137],"obtain_stats":[{"Replay:Ringing Soul":38,"Calipers":50,"Singing Bowl":26,"Replay:Bronze Core":17,"Blue Doll":45,"Iron Hammer":23,"Snack Pack":9,"Ring of the Serpent":34,"Ring of the Snake":0,"ReplayTheSpireMod:ShopPack":43},{"Replay:Ringing Soul":19,"Calipers":23,"Singing Bowl":14,"Replay:Bronze Core":8,"Blue Doll":21,"Iron Hammer":13,"Snack Pack":3,"Ring of the Serpent":17,"Ring of the Snake":0,"ReplayTheSpireMod:ShopPack":20},{"Replay:Ringing Soul":104,"Calipers":127,"Singing Bowl":74,"Replay:Bronze Core":30,"Blue Doll":115,"Iron Hammer":68,"Snack Pack":11,"Ring of the Serpent":94,"Ring of the Snake":0,"ReplayTheSpireMod:ShopPack":110}]},"card_choices":[{"not_picked":["Slice","Bane","Deflect"],"picked":"SKIP","floor":1.0},{"not_picked":["Toxin Wave","ReplayTheSpireMod:Speed Training","Dagger Throw"],"picked":"SKIP","floor":4.0},{"not_picked":["Dash","Bouncing Flask"],"picked":"Blade Dance","floor":8.0},{"not_picked":["Dagger Throw","Deflect","Quick Slash"],"picked":"SKIP","floor":10.0},{"not_picked":["Cloak And Dagger","Hidden Blade"],"picked":"Acrobatics","floor":11.0},{"not_picked":["Acrobatics","Backflip"],"picked":"Blade Dance","floor":13.0},{"not_picked":["Quick Slash","Underhanded Strike","Bane"],"picked":"SKIP","floor":14.0},{"not_picked":["Night Terror","Die Die Die"],"picked":"Malaise","floor":16.0},{"not_picked":["Prepared","Deadly Poison"],"picked":"Cloak And Dagger","floor":18.0},{"not_picked":["Leg Sweep","Toxin Wave"],"picked":"Outmaneuver+1","floor":19.0},{"not_picked":["Endless Agony+1","Deadly Poison+1"],"picked":"Backflip","floor":20.0},{"not_picked":["Deadly Poison","Dagger Spray","ReplayTheSpireMod:The Works"],"picked":"SKIP","floor":21.0},{"not_picked":["Bane","Replay:Poison Smokescreen"],"picked":"Tools of the Trade","floor":23.0},{"not_picked":["Prepared","PiercingWail","Choke"],"picked":"SKIP","floor":24.0},{"not_picked":["PiercingWail","Infinite Blades","Quick Slash"],"picked":"Singing Bowl","floor":28.0},{"not_picked":["Prepared","Flechettes+1","Caltrops+1"],"picked":"Singing Bowl","floor":31.0},{"not_picked":["Wraith Form v2","ReplayTheSpireMod:Necrosis"],"picked":"Bullet Time","floor":33.0},{"not_picked":["ReplayTheSpireMod:Tripwire+1","Underhanded Strike+1","All Out Attack"],"picked":"Singing Bowl","floor":35.0},{"not_picked":["expansioncontent:LastStand","Midas Touch"],"picked":"expansioncontent:QuickStudy","floor":36.0},{"not_picked":["expansioncontent:Torchfire","expansioncontent:Collect"],"picked":"Secret Weapon","floor":36.0},{"not_picked":["expansioncontent:LastStand","Transmutation"],"picked":"expansioncontent:Chronoboost","floor":36.0},{"not_picked":["Bane","Calculated Gamble+1","Dagger Spray+1"],"picked":"Singing Bowl","floor":37.0},{"not_picked":["Underhanded Strike","Hidden Blade","PiercingWail+1"],"picked":"Singing Bowl","floor":41.0},{"not_picked":["Metamorphosis","ReplayTheSpireMod:Necrogeddon","Crow Ritual"],"picked":"Singing Bowl","floor":43.0},{"not_picked":["expansioncontent:CaCaw","Panache","Replay:SS_fish_2"],"picked":"Singing Bowl","floor":43.0},{"not_picked":["expansioncontent:Chronoboost","expansioncontent:GoopSpray"],"picked":"Replay:SS_forest_2","floor":43.0},{"not_picked":["Acrobatics+1","Sucker Punch","PiercingWail"],"picked":"Singing Bowl","floor":44.0},{"not_picked":["Well Laid Plans","Masterful Stab+1"],"picked":"Reflex+1","floor":48.0},{"not_picked":["Calculated Gamble+1","Blur","Flechettes+1"],"picked":"Singing Bowl","floor":50.0}],"player_experience":79968,"relics_obtained":[{"floor":9.0,"key":"Snack Pack"},{"floor":23.0,"key":"Iron Hammer"},{"floor":26.0,"key":"Singing Bowl"},{"floor":38.0,"key":"Replay:Ringing Soul"},{"floor":45.0,"key":"Blue Doll"},{"floor":50.0,"key":"Calipers"}],"event_choices":[{"damage_healed":0.0,"max_hp_gain":5.0,"max_hp_loss":0.0,"gold_gain":0.0,"event_name":"Big Fish","player_choice":"Donut","floor":3.0,"gold_loss":0.0,"damage_taken":0.0},{"damage_healed":0.0,"max_hp_gain":5.0,"max_hp_loss":0.0,"gold_gain":0.0,"event_name":"Forgotten Altar","player_choice":"Shed Blood","floor":30.0,"gold_loss":0.0,"damage_taken":21.0},{"damage_healed":0.0,"max_hp_gain":0.0,"max_hp_loss":0.0,"gold_gain":0.0,"event_name":"SensoryStone","player_choice":"Memory 3","floor":36.0,"gold_loss":0.0,"damage_taken":10.0},{"damage_healed":93.0,"max_hp_gain":0.0,"max_hp_loss":13.0,"gold_gain":0.0,"event_name":"The Moai Head","player_choice":"Heal","floor":46.0,"gold_loss":0.0,"damage_taken":0.0},{"damage_healed":0.0,"max_hp_gain":0.0,"max_hp_loss":0.0,"gold_gain":0.0,"event_name":"Tomb of Lord Red Mask","player_choice":"Ignored","floor":49.0,"gold_loss":0.0,"damage_taken":0.0},{"damage_healed":0.0,"max_hp_gain":0.0,"max_hp_loss":0.0,"gold_gain":0.0,"event_name":"MindBloom","player_choice":"Fight","floor":50.0,"gold_loss":0.0,"damage_taken":0.0}],"is_beta":false,"boss_relics":[{"not_picked":["Busted Crown","Snecko Scales"],"picked":"Replay:Bronze Core"},{"not_picked":["Fusion Hammer","Ring of Chaos"],"picked":"Ring of the Serpent"}],"items_purged_floors":[22,25],"is_endless":false,"potions_floor_spawned":[4,8,13,14,16,23,24,28,31,33,41,44,48],"ascension_level":0}}