{"host":"uflv0e3ja7hvnij7","time":1609010860,"event":{"mods":["BaseMod","Better Altar","Better Match","Better Note","Better Sensory Stone","Better Skull","Better Third Choice","Infinite Spire","Minty Spire (QoL Compilation)","Permanent Neow","Replay The Spire","Shop Mod","StSLib"],"gold_per_floor":[217,233,246,171,182,182,47,77,77,89,89,89,89,89,89,89,89],"floor_reached":16,"playtime":814,"items_purged":["Strike_R","Defend_R"],"score":125,"play_id":"f92d10c2-bb98-41e6-8087-cda1fb337b9d","local_time":"20201226142740","is_ascension_mode":true,"campfire_choices":[{"data":"Bash","floor":6,"key":"SMITH"},{"floor":12,"key":"REST"},{"floor":15,"key":"REST"}],"circlet_count":0,"master_deck":["Strike_R+1","Strike_R+1","Strike_R","Strike_R","Defend_R","Defend_R","Defend_R","Bash+1","Headbutt","Headbutt","Inflame","Flame Barrier","Shrug It Off"],"relics":["Burning Blood","Letter Opener","Potion Belt"],"acts_visited":["Exordium"],"potions_floor_usage":[8],"damage_taken":[{"damage":6,"enemies":"Cultist","floor":1,"turns":3},{"damage":14,"enemies":"Jaw Worm","floor":2,"turns":3},{"damage":0,"enemies":"Small Slimes","floor":3,"turns":2},{"damage":14,"enemies":"Exordium Wildlife","floor":5,"turns":8},{"damage":24,"enemies":"Gremlin Nob","floor":8,"turns":4},{"damage":10,"enemies":"Red Slaver","floor":10,"turns":5},{"damage":83,"enemies":"Slime Boss","floor":16,"turns":18}],"seed_played":"2092796749659044693","potions_obtained":[{"floor":3,"key":"Explosive Potion"}],"is_trial":false,"path_per_floor":["M","M","M","$","M","R","$","E","T","M","?","R","$","?","R","B"],"character_chosen":"IRONCLAD","items_purchased":["Flame Barrier"],"campfire_rested":2,"item_purchase_floors":[7],"current_hp_per_floor":[80,72,78,78,70,70,70,52,52,48,32,56,56,60,80,0,0],"gold":89,"neow_bonus":"HUNDRED_GOLD","is_daily":false,"chose_seed":false,"campfire_upgraded":1,"win_rate":0.0,"timestamp":1609010860,"path_taken":["M","?","M","$","M","R","$","E","T","M","?","R","$","?","R","BOSS"],"items_purchased_type":["Card"],"build_version":"2020-12-22","purchased_purges":2,"victory":false,"max_hp_per_floor":[80,80,80,80,80,80,80,80,80,80,80,80,80,80,80,80,80],"card_choices":[{"not_picked":["Wild Strike","Body Slam"],"picked":"Headbutt","floor":1},{"not_picked":["Feel No Pain","Burning Pact","Warcry"],"picked":"SKIP","floor":2},{"not_picked":["Clothesline","Twin Strike"],"picked":"Headbutt","floor":3},{"not_picked":["Flex","Rupture"],"picked":"Inflame","floor":5},{"not_picked":["Sword Boomerang","Pommel Strike"],"picked":"Shrug It Off","floor":8},{"not_picked":["Fire Breathing","Iron Wave","Havoc"],"picked":"SKIP","floor":10}],"player_experience":414502,"relics_obtained":[{"floor":8,"key":"Letter Opener"},{"floor":9,"key":"Potion Belt"}],"event_choices":[{"damage_healed":48,"gold_gain":0,"player_choice":"Upgrade","damage_taken":16,"max_hp_gain":0,"max_hp_loss":80,"event_name":"betterThird:BetterShining","floor":11,"gold_loss":0,"cards_upgraded":["Strike_R","Strike_R"]},{"damage_healed":4,"gold_gain":0,"player_choice":"LEAVE ","damage_taken":0,"relics_obtained":[],"max_hp_gain":0,"max_hp_loss":0,"event_name":"betterSkull:BetterSkull","floor":14,"gold_loss":0,"cards_upgraded":[]}],"is_beta":false,"boss_relics":[],"items_purged_floors":[4,7],"is_endless":false,"potions_floor_spawned":[3],"killed_by":"Slime Boss","ascension_level":5}}