{"host":"1shobamjx3kfwgso","time":1609007112,"event":{"mods":["2.2 Compatiblity","AchievementEnabler","Act Like it!","Aspiration","BaseMod","Beaked The Cultist","Better Altar","Better Match","Better Note","Better Sensory Stone","Better Skull","Better Third Choice","BetterRewards","Block Reminder","CCEM","CapriCore","Challenge The Spire","Clockwork Mod","Colored Map","Colored Powertips","Conjunction","Conspire","Defuse TimeMaze Blight","Downfall","Elementarium","Energized Spire","Exacting","FoggyMod","GifTheSpireLib","Halation","Hallownest","Hermit","Highlight Path","Hubris","Infinite Spire","Ironclad Rager","JesterMod","Lobotomy","LobotomyExtend","Mimic Mod","Minty Spire (QoL Compilation)","Pale of the Ancients","Quick Restart","Relic Sorter","Replay The Spire","Shade Mod","Shop Mod","StSLib","Stuff the Spire","The Bladedancer","The Bug Knight","The Construct","The Cursed","The Dragon Tamer","The Druid","The Gatherer","The Immortal","The Juggle","The Marked","The Mystic","The Sage","The Servant 0.9.4","TheFirefly","TheVacant","Uncapped","vexMod"],"gold_per_floor":[131,131,146,146,146,146,165,165,165,7,7,17,17,17,17,129,129,140,140,140,140,140,140,140,140,140,140,7,7,7,7,7,107,107,118,118,130,150,150,150,150,129,160,460,460,460,460,552,552,106],"floor_reached":51,"playtime":2882,"items_purged":[],"score":846,"play_id":"0c004fcb-cd7e-4939-898c-e585e8a2e0b3","local_time":"20201226132512","is_ascension_mode":false,"metric_token":4243,"campfire_choices":[{"data":"DTMod:Training","floor":6.0,"key":"SMITH"},{"data":"DTMod:Training","floor":8.0,"key":"SMITH"},{"floor":13.0,"key":"REST"},{"data":"DTMod:Training","floor":15.0,"key":"SMITH"},{"data":"DTMod:HeadStart","floor":23.0,"key":"SMITH"},{"floor":25.0,"key":"REST"},{"floor":25.0,"key":"RECALL"},{"data":"DTMod:Harmonize","floor":27.0,"key":"SMITH"},{"data":"DTMod:SwitchingTactic","floor":29.0,"key":"SMITH"},{"data":"DTMod:InvisibleFlame+1","floor":32.0,"key":"SMITH"},{"data":"ReplayTheSpireMod:Book of Names","floor":40.0,"key":"SMITH"},{"floor":47,"key":"REST"},{"data":"StuffTheSpire:Innocence","floor":47,"key":"SMITH"},{"floor":49,"key":"REST"},{"data":"DTMod:Shift","floor":49,"key":"SMITH"}],"dtmod_dragon_data":[0,58,3,0,6,0],"circlet_count":0,"master_deck":["DTMod:Strike+1","DTMod:Strike+1","DTMod:Strike+1","DTMod:DoubleHit+1","DTMod:TargetDefense+1","DTMod:TargetDefense+1","DTMod:TargetDefense+1","DTMod:TargetDefense+1","DTMod:SwitchingTactic+1","DTMod:Training+1","DTMod:Training+1","DTMod:Training+1","DTMod:HeadStart+1","DTMod:LastStand+1","DTMod:Harmonize+1","MHz","DTMod:InvisibleFlame+2","Pain","DTMod:LightShield+1","DTMod:DragonDance+1","ReplayTheSpireMod:Book of Names+1","Freischutz","DTMod:TagTeam+1","DTMod:FlameSlash+1","DTMod:Training+1","theMarked:Polarize+1","Writhe","StuffTheSpire:Innocence+1","DTMod:Shift+1"],"relics":["DTMod:PactStone","halation:PinkSoulGem","CogitoBucket","RabbitCall","LetterFromLob","ReplayFunnel","Counterbalance","ShedSkin_r","infinitespire:Magic Flask","hubris:Backtick","vexMod:RedPlottingStone","BehaviorAdjustment","hubris:Towel","conspire:InfiniteJournal","StuffTheSpire:Saxophone","WarpedTongs","Black Star","Lantern","vexMod:ImprovementManual","halation:EternalFortune","sagemod:Creepy_Carousel","halation:VictoryRuler","halation:SwordOfLegend","Lizard Tail","Old Coin"],"acts_visited":["Exordium","TheCity","TheBeyond"],"potions_floor_usage":[],"damage_taken":[{"damage":0.0,"enemies":"Small Slimes","floor":1.0,"turns":4.0},{"damage":0.0,"enemies":"Cultist","floor":3.0,"turns":3.0},{"damage":0.0,"enemies":"Jaw Worm","floor":7.0,"turns":5.0},{"damage":0.0,"enemies":"Red Slaver","floor":12.0,"turns":4.0},{"damage":0.0,"enemies":"Slime Boss","floor":16.0,"turns":9.0},{"damage":21.0,"enemies":"Shell Parasite","floor":18.0,"turns":5.0},{"damage":11.0,"enemies":"Collector","floor":33.0,"turns":10.0},{"damage":0.0,"enemies":"3 Darklings","floor":35.0,"turns":6.0},{"damage":0.0,"enemies":"Orb Walker","floor":37.0,"turns":3.0},{"damage":0.0,"enemies":"Maw","floor":38.0,"turns":8.0},{"damage":14.0,"enemies":"Mind Bloom Boss Battle","floor":42.0,"turns":5.0},{"damage":10.0,"enemies":"Spire Growth","floor":43.0,"turns":9.0},{"damage":7,"enemies":"Spire Growth","floor":48,"turns":5},{"damage":0,"enemies":"Donu and Deca","floor":50,"turns":4},{"damage":23,"enemies":"Malkuth","floor":51,"turns":11},{"damage":42,"enemies":"Yesod","floor":51,"turns":15}],"seed_played":"-8929338915316527780","potions_obtained":[{"floor":16.0,"key":"sagemod:Wine"},{"floor":18.0,"key":"ColorlessPotion"},{"floor":19.0,"key":"GamblersBrew"},{"floor":37.0,"key":"SteroidPotion"}],"is_trial":false,"path_per_floor":["M","?","M","M","?","R","M","R","T","$","E","M","R","T","R","B",null,"M","M","M","?","?","R","?","R","T","R","$","R","?","?","R","B",null,"M","AVR","M","M","?","R","?","?","MIM","M","M","?","R","MIM","R","B",null],"character_chosen":"THE_DT","items_purchased":["DTMod:HeadStart","StuffTheSpire:Saxophone"],"campfire_rested":4,"item_purchase_floors":[10,28],"current_hp_per_floor":[45,45,45,50,50,50,50,50,50,50,31,31,46,46,46,46,50,29,29,29,29,29,29,29,44,44,44,44,44,44,44,44,33,50,52,52,52,52,55,55,55,41,31,31,31,45,55,48,55,55],"gold":6,"neow_bonus":"","is_daily":false,"chose_seed":false,"campfire_upgraded":10,"win_rate":0.0,"timestamp":1609007112,"path_taken":["M","?","?","?","?","R","?","R","T","?","E","?","R","?","R","BOSS","M","?","?","?","?","R","?","R","T","R","$","R","?","?","R","BOSS","M","AVR","?","?","?","R","?","?","MIM","?","?","?","R","?","R","BOSS"],"items_purchased_type":["Card","Relic"],"build_version":"2020-12-22","purchased_purges":0,"victory":true,"max_hp_per_floor":[45,45,45,50,50,50,50,50,50,50,50,50,50,50,50,50,50,50,50,50,50,50,50,50,50,50,50,50,50,50,50,50,50,50,52,52,52,52,55,55,55,55,55,55,55,55,55,55,55,55],"card_choices":[{"not_picked":["DTMod:BurningEnergy","DTMod:Astonish"],"picked":"DTMod:Training","floor":1.0},{"not_picked":["Wellcheers","Scorched"],"picked":"DespairKnight","floor":1.0},{"not_picked":["DTMod:ForkedFire","DTMod:BreakAttack"],"picked":"DTMod:Training","floor":3.0},{"not_picked":["Wellcheers","Scorched","VoidDream"],"picked":"Singing Bowl","floor":3.0},{"not_picked":["OldLady","OSAHOGD","Porccubus"],"picked":"Singing Bowl","floor":7.0},{"not_picked":["DTMod:Weaken","DTMod:GhostSkin"],"picked":"DTMod:Training","floor":7.0},{"not_picked":["Laetitia","NakedNest","OldLady"],"picked":"Singing Bowl","floor":12.0},{"not_picked":["DTMod:MaximumCharge","DTMod:RecklessFlurry"],"picked":"DTMod:LastStand","floor":12.0},{"not_picked":["ShyLook","CherryBlossoms","QueenBee"],"picked":"Singing Bowl","floor":16.0},{"not_picked":["DTMod:GearUp","DTMod:LightShield"],"picked":"DTMod:Harmonize","floor":16.0},{"not_picked":["VoidDream","LaLuna"],"picked":"MHz","floor":18.0},{"not_picked":["DTMod:ShieldDrain","DTMod:Conduct"],"picked":"DTMod:InvisibleFlame","floor":18.0},{"not_picked":["DTMod:Prediction","DTMod:ExcessFootwork"],"picked":"DTMod:LightShield","floor":33.0},{"not_picked":["QueenOfHatred","SpiderBud","SingingMachine"],"picked":"Singing Bowl","floor":33.0},{"not_picked":["SpiderBud","QueenBee","PunishingBird"],"picked":"Singing Bowl","floor":35.0},{"not_picked":["DTMod:HeatWave+1","DTMod:GhostSkin+1"],"picked":"DTMod:DragonDance","floor":35.0},{"not_picked":["SilentOrchestra","OldLady","BodiesMountain"],"picked":"Singing Bowl","floor":37.0},{"not_picked":["GreedKing","BeautyBeast"],"picked":"Freischutz","floor":37.0},{"not_picked":["DTMod:BreakAttack","DTMod:MagicField+1"],"picked":"DTMod:TagTeam+1","floor":37.0},{"not_picked":["WallGazer","LaLuna","LittlePrince"],"picked":"Singing Bowl","floor":38.0},{"not_picked":["DTMod:Observe","DTMod:Astonish"],"picked":"DTMod:FlameSlash+1","floor":38.0},{"not_picked":["RedShoes","Rudolta","WhiteNight"],"picked":"Singing Bowl","floor":42.0},{"not_picked":["BlackSwan","QueenBee","SingingMachine"],"picked":"Singing Bowl","floor":43.0},{"not_picked":["DTMod:FlameSlash","DTMod:GearUp"],"picked":"DTMod:Training+1","floor":43.0},{"not_picked":["HeroicMonk","QueenOfHatred","Porccubus"],"picked":"Singing Bowl","floor":48},{"not_picked":["DTMod:Dissolve","DTMod:HeatWave"],"picked":"DTMod:Shift","floor":48}],"player_experience":285957,"relics_obtained":[{"floor":1.0,"key":"LetterFromLob"},{"floor":9.0,"key":"Counterbalance"},{"floor":14.0,"key":"infinitespire:Magic Flask"},{"floor":26.0,"key":"conspire:InfiniteJournal"},{"floor":42.0,"key":"sagemod:Creepy_Carousel"},{"floor":43.0,"key":"halation:VictoryRuler"},{"floor":43.0,"key":"halation:SwordOfLegend"},{"floor":48,"key":"Lizard Tail"},{"floor":48,"key":"Old Coin"}],"event_choices":[{"cards_removed":["DespairKnight"],"damage_healed":0.0,"max_hp_gain":0.0,"max_hp_loss":0.0,"gold_gain":0.0,"event_name":"WeMeetAgain","player_choice":"Gave Card","floor":2.0,"gold_loss":0.0,"damage_taken":0.0,"relics_obtained":["ReplayFunnel"]},{"damage_healed":0.0,"max_hp_gain":5.0,"max_hp_loss":0.0,"gold_gain":0.0,"event_name":"Big Fish","player_choice":"Donut","floor":4.0,"gold_loss":0.0,"damage_taken":0.0},{"damage_healed":0.0,"max_hp_gain":0.0,"max_hp_loss":0.0,"gold_gain":0.0,"event_name":"Purifier","player_choice":"Ignored","floor":5.0,"gold_loss":0.0,"damage_taken":0.0},{"damage_healed":0.0,"max_hp_gain":0.0,"max_hp_loss":0.0,"gold_gain":0.0,"event_name":"Lab","player_choice":"Got Potions","floor":19.0,"gold_loss":0.0,"damage_taken":0.0},{"damage_healed":0.0,"max_hp_gain":0.0,"max_hp_loss":8.0,"gold_gain":0.0,"event_name":"betterThird:BetterWriting","player_choice":"Simplicity","floor":21.0,"gold_loss":0.0,"damage_taken":0.0},{"damage_healed":0.0,"max_hp_gain":0.0,"max_hp_loss":0.0,"gold_gain":0.0,"event_name":"conspire:Investor","player_choice":"Leave","floor":24.0,"gold_loss":0.0,"damage_taken":0.0},{"damage_healed":0.0,"max_hp_gain":0.0,"max_hp_loss":0.0,"gold_gain":0.0,"event_name":"betterNote:BetterNote","player_choice":"Ignored","floor":30.0,"gold_loss":0.0,"damage_taken":0.0,"cards_obtained":["theMarked:Polarize"]},{"damage_healed":0.0,"max_hp_gain":0.0,"max_hp_loss":0.0,"gold_gain":0.0,"event_name":"Accursed Blacksmith","player_choice":"Rummage","floor":31.0,"gold_loss":0.0,"damage_taken":0.0,"relics_obtained":["WarpedTongs"],"cards_obtained":["Pain"]},{"cards_removed":["DTMod:Strike"],"damage_healed":0.0,"max_hp_gain":0.0,"max_hp_loss":0.0,"gold_gain":0.0,"event_name":"Falling","player_choice":"Removed Attack","floor":41.0,"gold_loss":0.0,"damage_taken":0.0},{"damage_healed":0.0,"max_hp_gain":0.0,"max_hp_loss":0.0,"gold_gain":0.0,"event_name":"MindBloom","player_choice":"Fight","floor":42.0,"gold_loss":0.0,"damage_taken":0.0},{"damage_healed":0.0,"max_hp_gain":0.0,"max_hp_loss":0.0,"gold_gain":300.0,"event_name":"Wheel of Change","player_choice":"Gold","floor":44.0,"gold_loss":0.0,"damage_taken":0.0},{"damage_healed":0,"gold_gain":3,"player_choice":"4","damage_taken":0,"max_hp_gain":0,"max_hp_loss":0,"event_name":"betterStone:BetterStone","floor":45,"gold_loss":0,"cards_obtained":["theMarked:Polarize"]},{"damage_healed":14,"gold_gain":0,"player_choice":"Writhe","damage_taken":0,"max_hp_gain":0,"max_hp_loss":0,"event_name":"Winding Halls","floor":46,"gold_loss":0,"cards_obtained":["Writhe"]}],"is_beta":false,"boss_relics":[{"not_picked":["vexMod:MegatonBomb","construct:WeddingRing"],"picked":"hubris:Backtick"},{"not_picked":["halation:Prosthetics","Painkiller Herb"],"picked":"Black Star"}],"items_purged_floors":[],"is_endless":false,"potions_floor_spawned":[16,18,37],"ascension_level":0}}