{"host":"2yqfi47fogfu1ic4","time":1609006267,"event":{"mods":["AchievementEnabler","BaseMod","Colored Map","Colored Powertips","Highlight Path","Minty Spire (QoL Compilation)","Permanent Neow","Relic Stats","StSLib"],"gold_per_floor":[99,99,99,99,99,99,99,99,99,99,99,99,99,99,99,99,99],"floor_reached":16,"playtime":802,"items_purged":[],"score":204,"play_id":"523e2c15-5306-469e-94b6-2a9f2f5faddc","local_time":"20201226191107","is_ascension_mode":true,"campfire_choices":[{"data":"Bouncing Flask","floor":6,"key":"SMITH"},{"data":"Sucker Punch","floor":8,"key":"SMITH"},{"data":"Die Die Die","floor":15,"key":"SMITH"}],"circlet_count":0,"master_deck":["AscendersBane","Strike_G","Strike_G","Strike_G","Strike_G","Strike_G","Defend_G","Defend_G","Defend_G","Defend_G","Defend_G","Survivor","Neutralize","Bouncing Flask+1","Sucker Punch+1","PiercingWail","Poisoned Stab","Die Die Die+1","Dagger Spray"],"relics":["Ectoplasm","Anchor","Blood Vial"],"acts_visited":["Exordium"],"potions_floor_usage":[3,10,10],"damage_taken":[{"damage":3,"enemies":"2 Louse","floor":1,"turns":2},{"damage":0,"enemies":"Small Slimes","floor":2,"turns":4},{"damage":4,"enemies":"Jaw Worm","floor":3,"turns":2},{"damage":7,"enemies":"3 Louse","floor":5,"turns":3},{"damage":18,"enemies":"3 Sentries","floor":10,"turns":7},{"damage":1,"enemies":"2 Fungi Beasts","floor":12,"turns":3},{"damage":0,"enemies":"Blue Slaver","floor":14,"turns":2},{"damage":40,"enemies":"The Guardian","floor":16,"turns":10}],"seed_played":"4108408285471477294","potions_obtained":[{"floor":2,"key":"ColorlessPotion"},{"floor":3,"key":"SkillPotion"},{"floor":5,"key":"Poison Potion"}],"is_trial":false,"path_per_floor":["M","M","M","$","M","R","?","R","T","E","?","M","?","M","R","B"],"character_chosen":"THE_SILENT","items_purchased":[],"campfire_rested":0,"item_purchase_floors":[],"current_hp_per_floor":[56,56,52,52,45,45,45,45,45,27,32,33,33,35,35,0,0],"gold":99,"neow_bonus":"BOSS_RELIC","is_daily":false,"chose_seed":false,"campfire_upgraded":3,"win_rate":0.0,"timestamp":1609006267,"path_taken":["M","M","M","$","M","R","?","R","T","E","?","M","?","M","R","BOSS"],"items_purchased_type":[],"build_version":"2020-12-22","purchased_purges":0,"victory":false,"max_hp_per_floor":[66,66,66,66,66,66,66,66,66,66,71,71,71,71,71,71,71],"relic_stats":{"Blood Vial":6,"counters":[8,33],"Ectoplasm":148,"obtain_stats":[{"Blood Vial":10,"Anchor":9,"Ectoplasm":0,"Ring of the Snake":0},{"Blood Vial":5,"Anchor":4,"Ectoplasm":0,"Ring of the Snake":0},{"Blood Vial":18,"Anchor":11,"Ectoplasm":0,"Ring of the Snake":0}]},"card_choices":[{"not_picked":["Slice","Caltrops"],"picked":"Bouncing Flask","floor":1},{"not_picked":["Escape Plan","Slice"],"picked":"Sucker Punch","floor":2},{"not_picked":["Underhanded Strike","Dagger Throw"],"picked":"PiercingWail","floor":3},{"not_picked":["Dagger Throw","Accuracy"],"picked":"Poisoned Stab","floor":5},{"not_picked":["Caltrops","Predator"],"picked":"Die Die Die","floor":10},{"not_picked":["Acrobatics","Underhanded Strike"],"picked":"Dagger Spray","floor":12},{"not_picked":["Quick Slash","Cloak And Dagger","Poisoned Stab"],"picked":"SKIP","floor":14}],"player_experience":1840690,"relics_obtained":[{"floor":9,"key":"Anchor"},{"floor":10,"key":"Blood Vial"}],"event_choices":[{"damage_healed":0,"gold_gain":0,"player_choice":"Ignored","damage_taken":0,"max_hp_gain":0,"max_hp_loss":0,"event_name":"Shining Light","floor":7,"gold_loss":0},{"damage_healed":0,"gold_gain":0,"player_choice":"Donut","damage_taken":0,"max_hp_gain":5,"max_hp_loss":0,"event_name":"Big Fish","floor":11,"gold_loss":0},{"damage_healed":0,"gold_gain":0,"player_choice":"Leave","damage_taken":0,"max_hp_gain":0,"max_hp_loss":0,"event_name":"The Cleric","floor":13,"gold_loss":0}],"is_beta":false,"boss_relics":[],"items_purged_floors":[],"is_endless":false,"potions_floor_spawned":[2,3,5],"killed_by":"The Guardian","ascension_level":20}}