{"host":"tjq6rykv202u6iqx","time":1609009537,"event":{"mods":["AchievementEnabler","BaseMod","Minty Spire (QoL Compilation)","Rare Cards Sparkle","Relic Stats"],"gold_per_floor":[115,115,115,139,163,198,198,232,256,256,32,32,68,84,84,177,177,200,200,200,200,214,214,258,271,271,309,329,369,369,30,30,119,119,144,66,81,81,94,94,125,149,149,192,208,244,0,34,34,34,34,34,34,72,72],"floor_reached":56,"playtime":6780,"items_purged":["Strike_B","Dualcast"],"score":2139,"play_id":"71b99548-588e-4588-8c57-88a0b95ecf26","local_time":"20201226130537","is_ascension_mode":true,"campfire_choices":[{"data":"Chill","floor":7.0,"key":"SMITH"},{"data":"Defragment","floor":10.0,"key":"SMITH"},{"data":"Capacitor","floor":15.0,"key":"SMITH"},{"data":"Multi-Cast","floor":23.0,"key":"SMITH"},{"data":"Defragment","floor":30,"key":"SMITH"},{"data":"Seek","floor":32,"key":"SMITH"},{"data":"Fission","floor":40,"key":"SMITH"},{"floor":49,"key":"RECALL"},{"data":"Amplify","floor":52,"key":"SMITH"}],"circlet_count":0,"master_deck":["AscendersBane","Zap","Chill+1","Ball Lightning","Rebound","Glacier","Defragment+1","Conserve Battery","Capacitor+1","Multi-Cast+1","Sweeping Beam","Coolheaded","Redo","Defragment+1","Amplify+1","Compile Driver","Lockon+1","Static Discharge+1","Steam+1","Seek","Seek+1","Fission+1","Barrage+1","Skim+1","Aggregate+1","Reboot+1","Turbo+1"],"relics":["Cracked Core","Golden Idol","Anchor","Tiny Chest","Nunchaku","ClockworkSouvenir","Symbiotic Virus","Mercury Hourglass","Pandora\u0027s Box","Peace Pipe","Potion Belt","Molten Egg 2","MealTicket","Gremlin Horn","Bottled Lightning","Coffee Dripper","Incense Burner","CaptainsWheel","StrikeDummy","Toxic Egg 2","Bronze Scales","Eternal Feather","PreservedInsect","Pen Nib"],"acts_visited":["Exordium","TheCity","TheBeyond","TheEnding"],"potions_floor_usage":[27,33,46,50,55,55,55],"damage_taken":[{"damage":0.0,"enemies":"2 Louse","floor":1.0,"turns":2.0},{"damage":4.0,"enemies":"Cultist","floor":4.0,"turns":4.0},{"damage":0.0,"enemies":"Small Slimes","floor":5.0,"turns":3.0},{"damage":14.0,"enemies":"Gremlin Nob","floor":6.0,"turns":4.0},{"damage":11.0,"enemies":"3 Sentries","floor":8.0,"turns":8.0},{"damage":12.0,"enemies":"Gremlin Nob","floor":13.0,"turns":3.0},{"damage":0.0,"enemies":"Exordium Wildlife","floor":14.0,"turns":4.0},{"damage":0.0,"enemies":"Hexaghost","floor":16.0,"turns":7.0},{"damage":0.0,"enemies":"Chosen","floor":18.0,"turns":4.0},{"damage":6.0,"enemies":"Spheric Guardian","floor":22.0,"turns":3.0},{"damage":1,"enemies":"Slavers","floor":24,"turns":5},{"damage":0,"enemies":"Cultist and Chosen","floor":25,"turns":5},{"damage":23,"enemies":"Gremlin Leader","floor":27,"turns":7},{"damage":2,"enemies":"Centurion and Healer","floor":28,"turns":5},{"damage":2,"enemies":"Slavers","floor":29,"turns":5},{"damage":7,"enemies":"Automaton","floor":33,"turns":7},{"damage":0,"enemies":"3 Darklings","floor":35,"turns":5},{"damage":4,"enemies":"Orb Walker","floor":37,"turns":3},{"damage":0,"enemies":"Jaw Worm Horde","floor":39,"turns":4},{"damage":0,"enemies":"Mind Bloom Boss Battle","floor":41,"turns":5},{"damage":0,"enemies":"3 Darklings","floor":42,"turns":4},{"damage":0,"enemies":"Reptomancer","floor":44,"turns":5},{"damage":11,"enemies":"Transient","floor":45,"turns":5},{"damage":17,"enemies":"Nemesis","floor":46,"turns":3},{"damage":6,"enemies":"Giant Head","floor":48,"turns":8},{"damage":9,"enemies":"Awakened One","floor":50,"turns":12},{"damage":0,"enemies":"Shield and Spear","floor":54,"turns":3},{"damage":6,"enemies":"The Heart","floor":55,"turns":7}],"seed_played":"-1999805859587909242","potions_obtained":[{"floor":1.0,"key":"Block Potion"},{"floor":4.0,"key":"ColorlessPotion"},{"floor":8.0,"key":"AttackPotion"},{"floor":13.0,"key":"EssenceOfDarkness"},{"floor":18.0,"key":"DuplicationPotion"},{"floor":24,"key":"Block Potion"},{"floor":28,"key":"SteroidPotion"},{"floor":29,"key":"SkillPotion"},{"floor":33,"key":"Explosive Potion"},{"floor":37,"key":"Ancient Potion"},{"floor":39,"key":"LiquidBronze"},{"floor":45,"key":"AttackPotion"},{"floor":46,"key":"EssenceOfSteel"}],"is_trial":false,"path_per_floor":["M","?","?","M","M","E","R","E","T","R","$","?","E","M","R","B",null,"M","?","?","T","M","R","E","M","T","E","M","E","R","$","R","B",null,"M","?","M","T","M","R","?","M","T","E","M","E","$","E","R","B",null,"R","$","E","B",null],"character_chosen":"DEFECT","items_purchased":["ClockworkSouvenir","Bottled Lightning","Eternal Feather"],"campfire_rested":0,"item_purchase_floors":[11,31,47],"current_hp_per_floor":[71,52,52,48,48,34,34,23,23,23,23,23,11,11,11,11,61,61,61,61,61,55,55,54,54,54,31,29,27,27,42,42,35,67,67,67,63,63,63,63,63,63,63,63,52,35,50,44,59,50,71,78,78,78,72],"gold":72,"neow_bonus":"TEN_PERCENT_HP_BONUS","is_daily":false,"chose_seed":false,"campfire_upgraded":8,"win_rate":0.0,"timestamp":1609009537,"path_taken":["M","?","?","?","M","E","R","E","T","R","$","?","E","M","R","BOSS","M","?","?","?","M","R","E","M","T","E","?","E","R","?","R","BOSS","M","?","M","?","M","R","?","M","T","E","M","E","?","E","R","BOSS","R","$","E","BOSS"],"items_purchased_type":["Relic","Relic","Relic"],"build_version":"2020-12-22","purchased_purges":2,"victory":true,"max_hp_per_floor":[78,78,78,78,78,78,78,78,78,78,78,78,78,78,78,78,78,78,78,78,78,78,78,78,78,78,78,78,78,78,78,78,78,78,78,78,78,78,78,78,78,78,78,78,78,78,78,78,78,78,78,78,78,78,78],"relic_stats":{"Gremlin Horn":[11,13],"counters":[28,140],"Golden Idol":204,"Eternal Feather":22,"PreservedInsect":77,"Pen Nib":[1],"Mercury Hourglass":[471],"Peace Pipe":0,"Nunchaku":[19],"Bronze Scales":[180],"Tiny Chest":2,"Pandora\u0027s Box":["Sweeping Beam","Reprogram","Coolheaded","Redo","Defragment","Amplify"],"MealTicket":30,"obtain_stats":[{"Potion Belt":24,"Gremlin Horn":29,"Golden Idol":2,"Eternal Feather":47,"PreservedInsect":48,"Pen Nib":54,"Incense Burner":36,"ClockworkSouvenir":11,"Mercury Hourglass":13,"Peace Pipe":21,"Anchor":6,"Nunchaku":9,"CaptainsWheel":41,"Bronze Scales":46,"Tiny Chest":8,"Pandora\u0027s Box":17,"Molten Egg 2":26,"MealTicket":27,"Coffee Dripper":34,"Bottled Lightning":31,"Toxic Egg 2":44,"Cracked Core":0,"Symbiotic Virus":12,"StrikeDummy":43},{"Potion Belt":11,"Gremlin Horn":15,"Golden Idol":1,"Eternal Feather":24,"PreservedInsect":25,"Pen Nib":27,"Incense Burner":17,"ClockworkSouvenir":5,"Mercury Hourglass":6,"Peace Pipe":9,"Anchor":4,"Nunchaku":5,"CaptainsWheel":20,"Bronze Scales":24,"Tiny Chest":5,"Pandora\u0027s Box":8,"Molten Egg 2":12,"MealTicket":13,"Coffee Dripper":16,"Bottled Lightning":15,"Toxic Egg 2":22,"Cracked Core":0,"Symbiotic Virus":5,"StrikeDummy":21},{"Potion Belt":47,"Gremlin Horn":69,"Golden Idol":2,"Eternal Feather":110,"PreservedInsect":118,"Pen Nib":133,"Incense Burner":81,"ClockworkSouvenir":21,"Mercury Hourglass":24,"Peace Pipe":39,"Anchor":13,"Nunchaku":21,"CaptainsWheel":93,"Bronze Scales":110,"Tiny Chest":21,"Pandora\u0027s Box":35,"Molten Egg 2":52,"MealTicket":59,"Coffee Dripper":76,"Bottled Lightning":69,"Toxic Egg 2":102,"Cracked Core":0,"Symbiotic Virus":21,"StrikeDummy":97}]},"card_choices":[{"not_picked":["Leap","Undo"],"picked":"Chill","floor":1.0},{"not_picked":["White Noise","Rebound"],"picked":"Ball Lightning","floor":4.0},{"not_picked":["Gash","Barrage"],"picked":"Rebound","floor":5.0},{"not_picked":["Consume","Steam Power"],"picked":"Glacier","floor":6.0},{"not_picked":["Steam","Stack"],"picked":"Defragment","floor":8.0},{"not_picked":["Leap","Redo"],"picked":"Conserve Battery","floor":13.0},{"not_picked":["Hello World","Conserve Battery"],"picked":"Capacitor","floor":14.0},{"not_picked":["Thunder Strike","Reboot"],"picked":"Multi-Cast","floor":16.0},{"not_picked":["Recycle","Capacitor","Gash"],"picked":"SKIP","floor":18.0},{"not_picked":["Rebound","Double Energy"],"picked":"Lockon+1","floor":22.0},{"not_picked":["Conserve Battery","Capacitor"],"picked":"Static Discharge+1","floor":24},{"not_picked":["Rebound","Gash"],"picked":"Steam+1","floor":25},{"not_picked":["Turbo","Glacier"],"picked":"Seek","floor":27},{"not_picked":["Redo","Stack","Skim"],"picked":"SKIP","floor":28},{"not_picked":["Beam Cell+1","Compile Driver+1"],"picked":"Seek","floor":29},{"not_picked":["Meteor Strike+1","Reboot"],"picked":"Fission","floor":33},{"not_picked":["Rebound+1","Cold Snap+1","Reinforced Body"],"picked":"SKIP","floor":35},{"not_picked":["Doom and Gloom+1","Skim"],"picked":"Barrage+1","floor":37},{"not_picked":["Gash+1","Streamline+1","Compile Driver+1"],"picked":"SKIP","floor":39},{"not_picked":["Barrage+1","Stack","Compile Driver+1"],"picked":"SKIP","floor":42},{"not_picked":["Go for the Eyes+1","FTL+1"],"picked":"Skim+1","floor":44},{"not_picked":["Sweeping Beam+1","Force Field+1"],"picked":"Aggregate+1","floor":45},{"not_picked":["Genetic Algorithm+1","Amplify+1","Ball Lightning+1"],"picked":"SKIP","floor":46},{"not_picked":["Rebound+1","Compile Driver+1"],"picked":"Reboot+1","floor":48},{"not_picked":["Coolheaded+1","Doom and Gloom+1"],"picked":"Turbo+1","floor":54}],"player_experience":784738,"relics_obtained":[{"floor":6.0,"key":"Anchor"},{"floor":8.0,"key":"Tiny Chest"},{"floor":9.0,"key":"Nunchaku"},{"floor":13.0,"key":"Mercury Hourglass"},{"floor":21.0,"key":"Peace Pipe"},{"floor":24,"key":"Potion Belt"},{"floor":26,"key":"Molten Egg 2"},{"floor":27,"key":"MealTicket"},{"floor":29,"key":"Gremlin Horn"},{"floor":41,"key":"CaptainsWheel"},{"floor":43,"key":"StrikeDummy"},{"floor":44,"key":"Toxic Egg 2"},{"floor":46,"key":"Bronze Scales"},{"floor":48,"key":"PreservedInsect"},{"floor":54,"key":"Pen Nib"}],"event_choices":[{"damage_healed":0.0,"max_hp_gain":0.0,"max_hp_loss":0.0,"gold_gain":0.0,"event_name":"Golden Idol","player_choice":"Take Damage","floor":2.0,"gold_loss":0.0,"damage_taken":19.0,"relics_obtained":["Golden Idol"]},{"cards_removed":["Strike_B"],"damage_healed":0.0,"max_hp_gain":0.0,"max_hp_loss":0.0,"gold_gain":0.0,"event_name":"Purifier","player_choice":"Purged","floor":3.0,"gold_loss":0.0,"damage_taken":0.0},{"damage_healed":0.0,"max_hp_gain":0.0,"max_hp_loss":0.0,"gold_gain":0.0,"event_name":"Dead Adventurer","player_choice":"Searched \u00271\u0027 times","floor":12.0,"gold_loss":0.0,"damage_taken":0.0,"relics_obtained":["Symbiotic Virus"]},{"damage_healed":0.0,"max_hp_gain":0.0,"max_hp_loss":0.0,"gold_gain":0.0,"event_name":"The Library","player_choice":"Read","floor":19.0,"gold_loss":0.0,"damage_taken":0.0,"cards_obtained":["Compile Driver"]},{"cards_removed":["Reprogram"],"damage_healed":0.0,"max_hp_gain":0.0,"max_hp_loss":0.0,"gold_gain":0.0,"event_name":"Back to Basics","player_choice":"Elegance","floor":20.0,"gold_loss":0.0,"damage_taken":0.0},{"damage_healed":0,"gold_gain":0,"player_choice":"Paid Gold","damage_taken":0,"relics_obtained":["Incense Burner"],"max_hp_gain":0,"max_hp_loss":0,"event_name":"WeMeetAgain","floor":36,"gold_loss":78},{"damage_healed":0,"gold_gain":0,"player_choice":"Fight","damage_taken":0,"max_hp_gain":0,"max_hp_loss":0,"event_name":"MindBloom","floor":41,"gold_loss":0}],"is_beta":false,"boss_relics":[{"not_picked":["SacredBark","Astrolabe"],"picked":"Pandora\u0027s Box"},{"not_picked":["Snecko Eye","Tiny House"],"picked":"Coffee Dripper"}],"items_purged_floors":[11,31],"is_endless":false,"potions_floor_spawned":[1,4,8,13,14,18,24,28,29,33,37,39,41,45,46],"ascension_level":14}}