{"host":"ezkqjaqywejtjag1","time":1609015538,"event":{"mods":["BaseMod","Colored Map","Infinite Spire","Minty Spire (QoL Compilation)","StSLib"],"gold_per_floor":[117,136,146,156,156,156,174,185,185,201,236,250,250,263,263,364,364,379,398,409,420,420,420,448,448,473,130,130,130,229,245,245,347,347,361,361,28,46,56,56,69,103,103,123,123,123],"floor_reached":45,"playtime":2624,"items_purged":[],"score":673,"play_id":"43181c82-abff-4f5e-81b2-36be61ba8885","local_time":"20201226154538","daily_mods":["SealedDeck","Hoarder"],"is_ascension_mode":false,"campfire_choices":[{"data":"Static Discharge","floor":6.0,"key":"SMITH"},{"data":"Creative AI","floor":13.0,"key":"SMITH"},{"data":"Creative AI","floor":15.0,"key":"SMITH"},{"floor":23.0,"key":"REST"},{"floor":28.0,"key":"REST"},{"floor":32.0,"key":"REST"},{"floor":40.0,"key":"REST"}],"circlet_count":0,"master_deck":["Fusion","Fusion","Fusion","Compile Driver","Compile Driver","Compile Driver","Chaos","Chaos","Chaos","Leap","Leap","Leap","Static Discharge+1","Static Discharge+1","Static Discharge","Steam","Steam","Steam","Turbo","Turbo","Turbo","Steam","Steam","Steam","Gash","Gash","Gash","Gash","Gash","Gash","Melter","Melter","Melter","Steam","Steam","Steam","Turbo","Turbo","Turbo","Streamline","Streamline","Creative AI+1","Creative AI+1","Creative AI","Beam Cell","Beam Cell","Beam Cell","BootSequence","BootSequence","BootSequence","Loop","Loop","Loop","Buffer","Buffer","Buffer","Stack","Stack","Stack","Glacier+1","Glacier+1","Glacier+1","Conserve Battery","Conserve Battery","Conserve Battery","Gash+1","Gash+1","Gash+1","Barrage","Barrage","Barrage","infinitespire:Gouge","infinitespire:Gouge","infinitespire:Gouge","Storm","Storm","Storm","BootSequence+1","BootSequence+1","BootSequence+1","Thunder Strike","Thunder Strike","Thunder Strike","Stack+1","Stack+1","Stack+1","Defragment","Defragment","Defragment","Chill","Chill","Chill","Redo+1","Redo+1","Redo+1","Parasite","Parasite","Parasite","Turbo+1","Turbo+1","Turbo+1","Conserve Battery+1","Conserve Battery+1","Conserve Battery+1","Stack","Stack","Stack"],"relics":["Cracked Core","Ice Cream","Fusion Hammer","Sozu","Gremlin Horn","Boot","Orichalcum","Torii","Black Star","Bag of Marbles","infinitespire:FocusingShard","White Beast Statue","infinitespire:Satchel","Question Card"],"acts_visited":["Exordium","TheCity","TheBeyond"],"potions_floor_usage":[],"damage_taken":[{"damage":0.0,"enemies":"Small Slimes","floor":1.0,"turns":4.0},{"damage":0.0,"enemies":"Jaw Worm","floor":2.0,"turns":3.0},{"damage":5.0,"enemies":"2 Louse","floor":3.0,"turns":2.0},{"damage":10.0,"enemies":"Exordium Thugs","floor":4.0,"turns":4.0},{"damage":12.0,"enemies":"Red Slaver","floor":7.0,"turns":4.0},{"damage":0.0,"enemies":"Exordium Wildlife","floor":8.0,"turns":3.0},{"damage":0.0,"enemies":"Large Slime","floor":10.0,"turns":3.0},{"damage":1.0,"enemies":"3 Sentries","floor":11.0,"turns":5.0},{"damage":3.0,"enemies":"2 Fungi Beasts","floor":12.0,"turns":3.0},{"damage":11.0,"enemies":"Exordium Thugs","floor":14.0,"turns":4.0},{"damage":30.0,"enemies":"The Guardian","floor":16.0,"turns":9.0},{"damage":0.0,"enemies":"Spheric Guardian","floor":18.0,"turns":3.0},{"damage":14.0,"enemies":"3 Byrds","floor":19.0,"turns":2.0},{"damage":24.0,"enemies":"Centurion and Healer","floor":20.0,"turns":7.0},{"damage":12.0,"enemies":"3 Cultists","floor":21.0,"turns":7.0},{"damage":12.0,"enemies":"Gremlin Leader","floor":24.0,"turns":6.0},{"damage":7.0,"enemies":"Chosen and Byrds","floor":31.0,"turns":8.0},{"damage":26.0,"enemies":"Automaton","floor":33.0,"turns":9.0},{"damage":9.0,"enemies":"Orb Walker","floor":35.0,"turns":4.0},{"damage":21.0,"enemies":"3 Shapes","floor":38.0,"turns":5.0},{"damage":14.0,"enemies":"Jaw Worm Horde","floor":39.0,"turns":4.0},{"damage":1.0,"enemies":"Writhing Mass","floor":41.0,"turns":8.0},{"damage":48,"enemies":"Reptomancer","floor":42,"turns":9},{"damage":0,"enemies":"4 Shapes","floor":44,"turns":5},{"damage":14,"enemies":"Transient","floor":45,"turns":4}],"seed_played":"-3558844658455276906","potions_obtained":[{"floor":4.0,"key":"PowerPotion"},{"floor":7.0,"key":"EntropicBrew"},{"floor":10.0,"key":"Swift Potion"},{"floor":16.0,"key":"SpeedPotion"},{"floor":20.0,"key":"Fire Potion"}],"is_trial":true,"path_per_floor":["M","M","M","M","?","R","M","M","T","M","E","M","R","M","R","B",null,"M","M","M","M","AVR","R","E","?","T","$","R","$","?","M","R","B",null,"M","?","$","M","M","R","M","E","T","M","M"],"character_chosen":"DEFECT","items_purchased":["Torii","Storm","infinitespire:FocusingShard","Defragment"],"campfire_rested":4,"item_purchase_floors":[27,27,37,37],"current_hp_per_floor":[75,75,70,60,60,60,48,48,48,48,47,44,44,33,33,3,75,75,61,37,25,25,47,35,17,17,17,39,39,39,32,54,28,75,66,66,66,45,31,53,52,4,4,4,0,0],"gold":123,"neow_bonus":"","is_daily":false,"chose_seed":false,"campfire_upgraded":3,"win_rate":0.0,"timestamp":1609015538,"path_taken":["M","M","M","M","?","R","M","M","T","M","E","M","R","M","R","BOSS","M","M","M","M","AVR","R","E","?","T","?","R","$","?","M","R","BOSS","M","?","$","M","M","R","M","E","T","?","M"],"items_purchased_type":["Relic","Card","Relic","Card"],"build_version":"2020-12-22","purchased_purges":0,"victory":false,"max_hp_per_floor":[75,75,75,75,75,75,75,75,75,75,75,75,75,75,75,75,75,75,75,75,75,75,75,75,75,75,75,75,75,75,75,75,75,75,75,75,75,75,75,75,75,75,75,75,75,75],"card_choices":[{"not_picked":["Steam Power","Darkness"],"picked":"Melter","floor":1.0},{"not_picked":["Redo","Rip and Tear","Sweeping Beam"],"picked":"SKIP","floor":2.0},{"not_picked":["Conserve Battery","Reprogram"],"picked":"Steam","floor":3.0},{"not_picked":["Reinforced Body","Ball Lightning","Sweeping Beam"],"picked":"SKIP","floor":4.0},{"not_picked":["Ball Lightning","Glacier"],"picked":"Turbo","floor":7.0},{"not_picked":["Double Energy","Reinforced Body"],"picked":"Streamline","floor":8.0},{"not_picked":["Rip and Tear","Ball Lightning"],"picked":"Creative AI","floor":10.0},{"not_picked":["Hologram","Barrage"],"picked":"Beam Cell","floor":11.0},{"not_picked":["Rebound","Sweeping Beam"],"picked":"BootSequence","floor":12.0},{"not_picked":["Conserve Battery","Coolheaded"],"picked":"Loop","floor":14.0},{"not_picked":["Fission","Machine Learning"],"picked":"Buffer","floor":16.0},{"not_picked":["Cold Snap+1","Fusion+1"],"picked":"Stack","floor":18.0},{"not_picked":["Sunder","Compile Driver"],"picked":"Glacier+1","floor":19.0},{"not_picked":["Loop","Reinforced Body"],"picked":"Conserve Battery","floor":20.0},{"not_picked":["Leap","Hologram"],"picked":"Gash+1","floor":21.0},{"not_picked":["Hyperbeam","Force Field"],"picked":"Barrage","floor":24.0},{"not_picked":["infinitespire:FinalStrike","infinitespire:SevenWalls"],"picked":"infinitespire:Gouge","floor":25.0},{"not_picked":["Lockon","Steam+1"],"picked":"BootSequence+1","floor":31.0},{"not_picked":["Creative AI","All For One"],"picked":"Thunder Strike","floor":33.0},{"not_picked":["Beam Cell+1","Compile Driver"],"picked":"Stack+1","floor":35.0},{"not_picked":["FTL","Conserve Battery"],"picked":"Chill","floor":38.0},{"not_picked":["Chill","Rebound+1"],"picked":"Redo+1","floor":39.0},{"not_picked":["Barrage","Undo+1"],"picked":"Turbo+1","floor":41.0},{"not_picked":["Rip and Tear","Leap"],"picked":"Conserve Battery+1","floor":42},{"not_picked":["Rebound","Recycle","Chill"],"picked":"Stack","floor":44}],"player_experience":164676,"relics_obtained":[{"floor":11.0,"key":"Ice Cream"},{"floor":24.0,"key":"Boot"},{"floor":26.0,"key":"Orichalcum"},{"floor":42,"key":"White Beast Statue"},{"floor":42,"key":"infinitespire:Satchel"},{"floor":43,"key":"Question Card"}],"event_choices":[{"damage_healed":0.0,"max_hp_gain":0.0,"max_hp_loss":0.0,"gold_gain":0.0,"event_name":"Living Wall","player_choice":"Grow","floor":5.0,"gold_loss":0.0,"damage_taken":0.0,"cards_upgraded":["Static Discharge"]},{"damage_healed":0.0,"max_hp_gain":0.0,"max_hp_loss":0.0,"gold_gain":99.0,"event_name":"Nest","player_choice":"Stole From Cult","floor":30.0,"gold_loss":0.0,"damage_taken":0.0},{"cards_removed":["Streamline"],"damage_healed":0.0,"max_hp_gain":0.0,"max_hp_loss":0.0,"gold_gain":0.0,"event_name":"WeMeetAgain","player_choice":"Gave Card","floor":36.0,"gold_loss":0.0,"damage_taken":0.0,"relics_obtained":["Bag of Marbles"]}],"is_beta":false,"boss_relics":[{"not_picked":["Inserter","Coffee Dripper"],"picked":"Fusion Hammer"},{"not_picked":["Nuclear Battery","Empty Cage"],"picked":"Black Star"}],"items_purged_floors":[],"is_endless":false,"potions_floor_spawned":[4,7,10,11,16,20,24,31,38,42,44],"killed_by":"Transient","ascension_level":0}}