{"host":"w31as9kcl9qjbzmo","time":1609012514,"event":{"mods":["BaseMod","Friendly Minions","Lobotomy","Minty Spire (QoL Compilation)","StSLib"],"gold_per_floor":[118,138,158,176,191,216,229,229,229,156,170,170,88,114,114,215,215,230,240,252,268,268,268,279,279,279,297,314,328,328,356,356,452,452,469,481,493,508,183,211,211,230,230,230,230,257,286,298,310,322],"floor_reached":51,"playtime":6539,"items_purged":["LittleHelper"],"score":797,"play_id":"ae7f2307-c634-44c6-be2e-2abee57bfac4","local_time":"20201227045514","is_ascension_mode":false,"campfire_choices":[{"floor":12,"key":"RECALL"},{"floor":23,"key":"REST"},{"floor":32,"key":"REST"}],"circlet_count":0,"master_deck":["SpecialBullet","SpecialBullet","SpecialBullet","SpecialBullet","SpecialBullet","SpecialBullet","SpecialBullet","SpecialBullet","InformationCode","SecurityCode","ExtractionCode","LaLuna","WristCuter","PunishingBird","GreedKing","OSAHOGD","Diffraction","Wellcheers","WristCuter","Variant","Harmony","Soda","Hypocrisy","LongBird","Penitence","Christmas+1","WallGazer","Horn","VoidDream","Twilight","UniverseFragment","SolemnVow+1","Murderer","InTheNameOfLoveAndHate+1","Penitence+1","FieryBird","Laetitia_ego+1","OldLady","Penitence+1","SnowQueen","Mimicry+1","BlackArmy","RapturousDream+1","CentralCode","Ecstasy+1","Bloodbath","SolemnVow+1","NothingThere","Twilight+1","Horn+1","QueenBee","RedEyes+1","MHz","Horn+1","SpiderBud","BlueScar+1","TrainingCode","QueenOfHatred","RedShoes","GreenStem+1","BigBird","TodaysExpression+1"],"relics":["CogitoBucket","Incense Burner","TreeSap","Torii","Black Star","AdjustmentMirror","Blood Vial","Kunai","HellTrain","AtMidnight","Meat on the Bone","Darkstone Periapt","Runic Pyramid","Sling","Matryoshka","Lizard Tail","Gremlin Horn","Ancient Tea Set","Regal Pillow","MawBank"],"acts_visited":["Exordium","TheCity","TheBeyond"],"potions_floor_usage":[6,7,14,28,28,51,51],"damage_taken":[{"damage":11,"enemies":"Jaw Worm","floor":1,"turns":2},{"damage":0,"enemies":"Cultist","floor":2,"turns":2},{"damage":1,"enemies":"2 Louse","floor":3,"turns":2},{"damage":0,"enemies":"2 Fungi Beasts","floor":4,"turns":2},{"damage":14,"enemies":"Red Slaver","floor":5,"turns":2},{"damage":40,"enemies":"3 Sentries","floor":6,"turns":7},{"damage":18,"enemies":"3 Louse","floor":7,"turns":3},{"damage":13,"enemies":"Looter","floor":11,"turns":3},{"damage":27,"enemies":"Lagavulin","floor":14,"turns":4},{"damage":59,"enemies":"The Guardian","floor":16,"turns":10},{"damage":42,"enemies":"Shell Parasite","floor":18,"turns":6},{"damage":136,"enemies":"Chosen","floor":19,"turns":10},{"damage":40,"enemies":"Centurion and Healer","floor":20,"turns":8},{"damage":37,"enemies":"Sentry and Sphere","floor":21,"turns":7},{"damage":19,"enemies":"Cultist and Chosen","floor":24,"turns":8},{"damage":10,"enemies":"Snake Plant","floor":27,"turns":6},{"damage":100,"enemies":"Centurion and Healer","floor":28,"turns":8},{"damage":1,"enemies":"3 Cultists","floor":29,"turns":2},{"damage":60,"enemies":"Gremlin Leader","floor":31,"turns":6},{"damage":47,"enemies":"Collector","floor":33,"turns":5},{"damage":23,"enemies":"3 Shapes","floor":35,"turns":4},{"damage":19,"enemies":"Orb Walker","floor":36,"turns":4},{"damage":68,"enemies":"Jaw Worm Horde","floor":37,"turns":4},{"damage":0,"enemies":"Writhing Mass","floor":38,"turns":2},{"damage":3,"enemies":"Reptomancer","floor":40,"turns":2},{"damage":17,"enemies":"Maw","floor":42,"turns":5},{"damage":23,"enemies":"Nemesis","floor":46,"turns":3},{"damage":4,"enemies":"4 Shapes","floor":47,"turns":2},{"damage":122,"enemies":"Donu and Deca","floor":50,"turns":26},{"damage":114,"enemies":"Malkuth","floor":51,"turns":7},{"damage":104,"enemies":"Netzach","floor":51,"turns":8},{"damage":316,"enemies":"Chesed","floor":51,"turns":11},{"damage":85,"enemies":"Binah","floor":51,"turns":9}],"seed_played":"3795237657203988134","potions_obtained":[{"floor":0,"key":"FearPotion"},{"floor":0,"key":"SkillPotion"},{"floor":0,"key":"SteroidPotion"},{"floor":5,"key":"DistilledChaos"},{"floor":16,"key":"SmokeBomb"},{"floor":21,"key":"FearPotion"},{"floor":24,"key":"Energy Potion"},{"floor":29,"key":"PowerPotion"},{"floor":33,"key":"LiquidBronze"},{"floor":36,"key":"GamblersBrew"}],"is_trial":false,"path_per_floor":["M","M","M","M","M","E","M","?","T","$","M","R","$","E","R","B",null,"M","M","M","M","?","R","M","R","T","M","M","M","R","E","R","B",null,"M","M","M","M","$","E","R","M","T","R","?","E","M","?","R","B",null],"character_chosen":"Angela","items_purchased":["Hypocrisy","Christmas","FairyPotion","Sling"],"campfire_rested":2,"item_purchase_floors":[10,13,39,39],"current_hp_per_floor":[67,70,70,70,64,38,28,45,45,45,44,44,44,45,45,26,82,76,61,39,18,18,41,67,67,67,87,59,80,80,58,86,83,99,96,100,67,82,82,112,112,116,116,116,110,110,114,114,114,66],"gold":334,"neow_bonus":"THREE_SMALL_POTIONS","is_daily":false,"chose_seed":false,"campfire_upgraded":0,"win_rate":0.0,"timestamp":1609012514,"path_taken":["M","M","M","M","M","E","M","?","T","$","M","R","?","E","R","BOSS","M","M","M","M","?","R","M","R","T","M","M","M","R","E","R","BOSS","M","M","M","M","$","E","R","M","T","R","?","E","M","?","R","BOSS"],"items_purchased_type":["Card","Card","Potion","Relic"],"build_version":"2020-12-22","purchased_purges":1,"victory":true,"max_hp_per_floor":[70,70,70,70,70,70,70,70,70,70,74,74,74,78,78,82,82,86,75,75,79,79,79,83,83,83,87,91,91,91,95,95,99,99,96,100,104,108,108,112,112,116,116,116,110,110,114,114,114,114],"card_choices":[{"not_picked":["LittlePrince","CrumblingArmor"],"picked":"LaLuna","floor":1},{"not_picked":["Wingbeat"],"picked":"WristCuter","floor":1},{"not_picked":["VoidDream","Mercenary"],"picked":"PunishingBird","floor":2},{"not_picked":["CUTE"],"picked":"ScreamingWedge","floor":2},{"not_picked":["FairyFestival","SpiderBud"],"picked":"GreedKing","floor":3},{"not_picked":["Pleasure"],"picked":"CUTE","floor":3},{"not_picked":["RedShoes","BeautyBeast"],"picked":"OSAHOGD","floor":4},{"not_picked":["Pinks"],"picked":"Diffraction","floor":4},{"not_picked":["Scorched","WhitesApple"],"picked":"Wellcheers","floor":5},{"not_picked":["Beak"],"picked":"WristCuter","floor":5},{"not_picked":["MeatLantern","SpiderBud"],"picked":"Variant","floor":6},{"not_picked":["CrimsonScar"],"picked":"Harmony","floor":6},{"not_picked":["FairyFestival","GalaxyChild"],"picked":"LittleHelper","floor":7},{"not_picked":["SomewhereSpear"],"picked":"Soda","floor":7},{"not_picked":["FairyFestival","Rudolta"],"picked":"LongBird","floor":11},{"not_picked":["Hypocrisy"],"picked":"Penitence","floor":11},{"not_picked":["Porccubus","SnowQueen"],"picked":"WallGazer","floor":14},{"not_picked":["BloodyDesire"],"picked":"Horn","floor":14},{"not_picked":["DespairKnight","BeautyBeast","HeroicMonk"],"picked":"Singing Bowl","floor":16},{"not_picked":["SingingMachine","BigBadWolf"],"picked":"VoidDream","floor":16},{"not_picked":["Pinks","Justitia"],"picked":"Twilight","floor":16},{"not_picked":["NakedNest","BeautyBeast"],"picked":"UniverseFragment","floor":18},{"not_picked":["Christmas","Wingbeat"],"picked":"SolemnVow+1","floor":18},{"not_picked":["SnowQueen","Scorched","FairyFestival"],"picked":"Singing Bowl","floor":19},{"not_picked":["DreamingCurrent","BeautyBeast"],"picked":"Murderer","floor":19},{"not_picked":["Justitia","Amita"],"picked":"InTheNameOfLoveAndHate+1","floor":19},{"not_picked":["OldLady","CherryBlossoms","Scorched"],"picked":"Singing Bowl","floor":20},{"not_picked":["SomewhereSpear+1","ShedSkin"],"picked":"Penitence","floor":20},{"not_picked":["ShyLook","Laetitia","OldLady"],"picked":"Singing Bowl","floor":21},{"not_picked":["OldLady","MHz"],"picked":"FieryBird","floor":21},{"not_picked":["RedEyes+1","Beak+1"],"picked":"Laetitia_ego+1","floor":21},{"not_picked":["Woodsman","SingingMachine","BlackSwan"],"picked":"Singing Bowl","floor":24},{"not_picked":["BeautyBeast","LittlePrince"],"picked":"OldLady","floor":24},{"not_picked":["SolemnVow+1","BlueScar+1"],"picked":"Penitence+1","floor":24},{"not_picked":["FairyFestival","BlackSwan","Porccubus"],"picked":"Singing Bowl","floor":27},{"not_picked":["BlackSwan","Bloodbath"],"picked":"SnowQueen","floor":27},{"not_picked":["Harvest+1","Loneliness+1"],"picked":"Mimicry+1","floor":27},{"not_picked":["RedShoes","Alriune"],"picked":"BlackArmy","floor":28},{"not_picked":["Wingbeat+1","WristCuter+1"],"picked":"RapturousDream+1","floor":28},{"not_picked":["BigBadWolf","Funeral","DreamingCurrent"],"picked":"Singing Bowl","floor":29},{"not_picked":["Diffraction+1","RapturousDream+1"],"picked":"Ecstasy+1","floor":29},{"not_picked":["SingingMachine","Woodsman","Mercenary"],"picked":"Singing Bowl","floor":31},{"not_picked":["Mercenary","Scorched"],"picked":"Bloodbath","floor":31},{"not_picked":["Soda+1","RapturousDream+1"],"picked":"SolemnVow+1","floor":31},{"not_picked":["Rudolta","Porccubus"],"picked":"NothingThere","floor":33},{"not_picked":["Pinks+1","TheSmile+1"],"picked":"Twilight+1","floor":33},{"not_picked":["FairyFestival","Laetitia","Scorched"],"picked":"Singing Bowl","floor":35},{"not_picked":["Hypocrisy+1","LifeForTheDareDevil+1"],"picked":"Horn+1","floor":35},{"not_picked":["RedShoes","MeatLantern","BigBadWolf"],"picked":"Singing Bowl","floor":36},{"not_picked":["SpiderBud","MeatLantern"],"picked":"QueenBee","floor":36},{"not_picked":["Horn+1","Tough+1"],"picked":"RedEyes+1","floor":36},{"not_picked":["MeatLantern","DreamingCurrent"],"picked":"MHz","floor":37},{"not_picked":["WristCuter+1","GrinderMk4+1"],"picked":"Horn+1","floor":37},{"not_picked":["BeautyBeast","Funeral","BlackSwan"],"picked":"Singing Bowl","floor":38},{"not_picked":["Scorched","HappyTeddy"],"picked":"SpiderBud","floor":38},{"not_picked":["Reverberation+1","Lantern+1"],"picked":"BlueScar+1","floor":38},{"not_picked":["BeautyBeast","CherryBlossoms","ShyLook"],"picked":"Singing Bowl","floor":40},{"not_picked":["Freischutz","Mercenary"],"picked":"QueenOfHatred","floor":40},{"not_picked":["Reverberation+1","Lantern+1","LifeForTheDareDevil+1"],"picked":"SKIP","floor":40},{"not_picked":["NakedNest","BodiesMountain","Alriune"],"picked":"Singing Bowl","floor":42},{"not_picked":["Rudolta","LittlePrince"],"picked":"RedShoes","floor":42},{"not_picked":["ParadiseLost+1","Loneliness+1","GreenStem+1"],"picked":"SKIP","floor":42},{"not_picked":["FairyFestival","GalaxyChild","Funeral"],"picked":"Singing Bowl","floor":46},{"not_picked":["Hornet+1","Logging+1"],"picked":"GreenStem+1","floor":46},{"not_picked":["BodiesMountain","BlueStar"],"picked":"BigBird","floor":47},{"not_picked":["Lantern+1","Pleasure+1"],"picked":"TodaysExpression+1","floor":47}],"player_experience":348436,"relics_obtained":[{"floor":6,"key":"Incense Burner"},{"floor":14,"key":"Torii"},{"floor":26,"key":"Kunai"},{"floor":28,"key":"AtMidnight"},{"floor":31,"key":"Meat on the Bone"},{"floor":31,"key":"Darkstone Periapt"},{"floor":40,"key":"Matryoshka"},{"floor":40,"key":"Lizard Tail"},{"floor":43,"key":"Gremlin Horn"},{"floor":43,"key":"Ancient Tea Set"},{"floor":46,"key":"Regal Pillow"},{"floor":46,"key":"MawBank"}],"event_choices":[{"damage_healed":17,"gold_gain":0,"player_choice":"Healed and dodged fight","damage_taken":0,"max_hp_gain":0,"max_hp_loss":0,"event_name":"Mushrooms","floor":8,"gold_loss":0,"cards_obtained":["Parasite"]},{"damage_healed":0,"gold_gain":0,"player_choice":"Opened","damage_taken":0,"relics_obtained":["Blood Vial"],"max_hp_gain":0,"max_hp_loss":0,"event_name":"The Mausoleum","floor":22,"gold_loss":0},{"damage_healed":0,"gold_gain":0,"player_choice":"Max HP","damage_taken":0,"max_hp_gain":0,"max_hp_loss":6,"event_name":"Winding Halls","floor":45,"gold_loss":0},{"damage_healed":0,"gold_gain":0,"player_choice":"Upgraded","damage_taken":0,"max_hp_gain":0,"max_hp_loss":0,"event_name":"Upgrade Shrine","floor":48,"gold_loss":0,"cards_upgraded":["Christmas"]}],"is_beta":false,"boss_relics":[{"not_picked":["Sozu","Velvet Choker"],"picked":"Black Star"},{"not_picked":["Snecko Eye","Runic Dome"],"picked":"Runic Pyramid"}],"items_purged_floors":[39],"is_endless":false,"potions_floor_spawned":[2,5,16,20,21,24,29,33,36,37,38],"ascension_level":0}}