{"host":"r6da5kb9dzaaglw2","time":1609001839,"event":{"mods":["AchievementEnabler","BaseMod","BetterRewards","Colored Map","Colored Powertips","GifTheSpireLib","Hubris","Infinite Spire","Minty Spire (QoL Compilation)","Replay The Spire","Shop Mod","StSLib"],"gold_per_floor":[111,131,131,131,149,179,195,228,254,110,110,110,123,136,136,237,237,252,106,120,131,143,171,182,182,208,208,223,257,282,296,296,398,398,415,415,433,433,445,471,471,471,471,491,520,572,587,602,602,697,797,809,813,813,813,818,850,725,725,771,775,773,773,786,789,789,905,905,918,918,768,768,778,817,817,852,852,881,888,888,904,921,921,1044,1044,1068,1068,1083,1083,1101,1134,1134,1143,1143,1165,1195,1214,1214,1214,1214,1327,1327,1350,1350],"floor_reached":103,"playtime":4520,"items_purged":["Decay","Strike_G","Defend_G","Defend_G","Escape Plan+1","Pot Of Greed+1"],"score":2541,"play_id":"b1b62db0-0d0c-4ca9-8379-f77ede630315","local_time":"20201226175719","is_ascension_mode":false,"campfire_choices":[{"floor":12,"key":"RECALL"},{"data":"Prepared","floor":15,"key":"SMITH"},{"data":"Prepared","floor":27,"key":"SMITH"},{"data":"Reflex","floor":32,"key":"SMITH"},{"data":"Escape Plan","floor":41,"key":"SMITH"},{"data":"Pot Of Greed","floor":49,"key":"SMITH"},{"data":"infinitespire:Menacing","floor":83,"key":"PURGE"},{"data":"Neutralize","floor":92,"key":"SMITH"},{"data":"hubris:InfiniteBlow+64","floor":100,"key":"SMITH"}],"circlet_count":0,"master_deck":["Defend_G","Survivor+1","Neutralize+1","Prepared+1","Prepared+1","hubris:TrickCloak+1","Reflex+1","Acrobatics+1","Tactician+1","infinitespire:Collect+1","hubris:DuctTapeCard","Decay"],"relics":["Velvet Choker","Pet Ghost","infinitespire:Cupcake","infinitespire:Magic Flask","Omamori","Red Mask","Shuriken","Empty Cage","Mercury Hourglass","hubris:DeckOfHolding","Grinning Jar","infinitespire:ShieldingShard","Snake Skull","hubris:Potato","Replay:Wanted Poster","hubris:Towel","Singing Bowl","Golden Idol","Replay:Baseball","ReplayTheSpireMod:Shallot","Replay:Drink Me","War Paint","Replay:Accelerometer","Bag of Marbles","Counterbalance","TungstenRod","Sozu","Ornamental Fan","Prayer Wheel","Smiling Mask","infinitespire:BlackEgg","Replay:Ancient Bell","Replay:Rubber Ducky","hubris:DuctTape","WingedGreaves"],"acts_visited":["Exordium","TheCity","TheBeyond","Exordium","TheCity","TheBeyond","Exordium"],"potions_floor_usage":[101],"damage_taken":[{"damage":0,"enemies":"Small Slimes","floor":1,"turns":2},{"damage":4,"enemies":"2 Louse","floor":2,"turns":2},{"damage":0,"enemies":"Cultist","floor":5,"turns":3},{"damage":11,"enemies":"3 Sentries","floor":6,"turns":7},{"damage":0,"enemies":"Gremlin Gang","floor":7,"turns":5},{"damage":0,"enemies":"Gremlin Nob","floor":8,"turns":2},{"damage":0,"enemies":"Looter","floor":13,"turns":1},{"damage":3,"enemies":"Lots of Slimes","floor":14,"turns":6},{"damage":0,"enemies":"The Guardian","floor":16,"turns":2},{"damage":0,"enemies":"Spheric Guardian","floor":18,"turns":2},{"damage":0,"enemies":"Shell Parasite","floor":20,"turns":1},{"damage":0,"enemies":"Snake Plant","floor":21,"turns":1},{"damage":0,"enemies":"Centurion and Healer","floor":22,"turns":3},{"damage":0,"enemies":"Nightmare","floor":23,"turns":2},{"damage":0,"enemies":"Snecko","floor":24,"turns":1},{"damage":0,"enemies":"3 Cultists","floor":28,"turns":3},{"damage":0,"enemies":"Masked Bandits","floor":29,"turns":4},{"damage":0,"enemies":"Gremlin Leader","floor":30,"turns":1},{"damage":0,"enemies":"Sentry and Sphere","floor":31,"turns":2},{"damage":0,"enemies":"Automaton","floor":33,"turns":1},{"damage":0,"enemies":"3 Shapes","floor":35,"turns":4},{"damage":4,"enemies":"3 Darklings","floor":37,"turns":13},{"damage":0,"enemies":"Spire Growth","floor":39,"turns":1},{"damage":0,"enemies":"Nightmare","floor":40,"turns":1},{"damage":0,"enemies":"Sphere and 2 Shapes","floor":44,"turns":3},{"damage":0,"enemies":"Reptomancer","floor":45,"turns":1},{"damage":0,"enemies":"2 Orb Walkers","floor":46,"turns":1},{"damage":4,"enemies":"Jaw Worm Horde","floor":47,"turns":2},{"damage":0,"enemies":"Spire Growth","floor":48,"turns":1},{"damage":0,"enemies":"Awakened One","floor":50,"turns":2},{"damage":0,"enemies":"2 Louse","floor":52,"turns":1},{"damage":0,"enemies":"Cultist","floor":53,"turns":2},{"damage":0,"enemies":"Small Slimes","floor":56,"turns":2},{"damage":0,"enemies":"Lagavulin","floor":57,"turns":1},{"damage":0,"enemies":"2 Fungi Beasts","floor":61,"turns":2},{"damage":0,"enemies":"Lots of Slimes","floor":62,"turns":3},{"damage":0,"enemies":"Looter","floor":64,"turns":1},{"damage":0,"enemies":"3 Louse","floor":65,"turns":2},{"damage":0,"enemies":"Fading Forest","floor":67,"turns":1},{"damage":0,"enemies":"Chosen","floor":69,"turns":1},{"damage":0,"enemies":"2 Thieves","floor":73,"turns":1},{"damage":0,"enemies":"Book of Stabbing","floor":74,"turns":1},{"damage":0,"enemies":"Gremlin Leader","floor":76,"turns":1},{"damage":0,"enemies":"Nightmare","floor":78,"turns":1},{"damage":0,"enemies":"3 Cultists","floor":79,"turns":1},{"damage":0,"enemies":"Cultist and Chosen","floor":81,"turns":1},{"damage":0,"enemies":"Centurion and Healer","floor":82,"turns":1},{"damage":0,"enemies":"Collector","floor":84,"turns":1},{"damage":0,"enemies":"Orb Walker","floor":86,"turns":1},{"damage":0,"enemies":"3 Darklings","floor":88,"turns":1},{"damage":0,"enemies":"Sphere and 2 Shapes","floor":90,"turns":1},{"damage":0,"enemies":"R_Hoarder","floor":91,"turns":1},{"damage":0,"enemies":"Jaw Worm Horde","floor":93,"turns":1},{"damage":0,"enemies":"Writhing Mass","floor":95,"turns":1},{"damage":0,"enemies":"Reptomancer","floor":96,"turns":1},{"damage":0,"enemies":"Sphere and 2 Shapes","floor":97,"turns":1},{"damage":0,"enemies":"LordOfAnnihilation","floor":101,"turns":2},{"damage":0,"enemies":"Cultist","floor":103,"turns":1}],"seed_played":"-6614803619798433496","potions_obtained":[{"floor":1,"key":"BlessingOfTheForge"},{"floor":5,"key":"Strength Potion"},{"floor":7,"key":"Strength Potion"},{"floor":18,"key":"DistilledChaos"},{"floor":46,"key":"AttackPotion"},{"floor":47,"key":"LiquidMemories"},{"floor":48,"key":"Adrenaline Potion"},{"floor":73,"key":"GhostInAJar"}],"is_trial":false,"path_per_floor":["M","M","?","?","M","E","M","E","T","$","?","R","M","M","R_BF","B",null,"M","$","M","M","M","NM","M","?","T","R","M","?","E","M","R","B",null,"M","?","M","T","M","NM","R","AVR","T","M","E","?","M","M","R","B",null,"M","M","?","?","M","E","$","?","T","M","M","T","M","M","R_BF","B",null,"M","?","$","?","M","E","AVR","E","T","NM","M","?","M","M","R_BF","B",null,"M","?","M","?","M","E","R","M","T","M","E","M","?","?","R","B",null,"M"],"character_chosen":"THE_SILENT","items_purchased":["Escape Plan","Prepared"],"campfire_rested":0,"item_purchase_floors":[10,19],"current_hp_per_floor":[70,66,66,66,66,55,55,55,55,55,55,55,55,52,52,52,70,70,70,70,70,70,70,70,73,73,73,73,73,73,73,73,73,73,73,73,69,69,69,69,69,69,69,69,69,69,65,65,65,65,73,73,73,73,73,73,75,75,69,69,71,73,73,75,77,77,79,60,62,62,62,62,64,66,66,68,68,70,72,72,74,76,76,78,78,80,77,79,79,81,83,83,85,85,89,91,95,95,95,95,97,107,111,111],"gold":1350,"neow_bonus":"BOSS_RELIC","is_daily":false,"chose_seed":false,"campfire_upgraded":7,"win_rate":0.0,"timestamp":1609001839,"path_taken":["M","M","?","?","?","E","?","E","T","$","?","R","M","M","R_BF","BOSS","M","$","?","M","M","NM","M","?","T","R","M","?","E","M","R","BOSS","M","?","?","?","M","NM","R","AVR","T","M","E","?","M","M","R","BOSS","M","M","?","?","?","E","$","?","T","M","M","?","M","M","R_BF","BOSS","M","?","$","?","M","E","AVR","E","T","NM","M","?","M","M","R_BF","BOSS","M","?","M","?","M","E","R","M","T","M","E","?","?","?","R","BOSS","M"],"items_purchased_type":["Card","Card"],"build_version":"2020-12-22","purchased_purges":6,"victory":false,"max_hp_per_floor":[70,70,70,70,70,70,70,70,70,70,70,70,70,70,70,70,70,70,70,70,70,70,70,70,73,73,73,73,73,73,73,73,73,73,73,73,73,73,73,73,73,73,73,73,73,73,73,73,73,73,73,73,73,73,73,73,75,75,69,69,71,73,73,75,77,77,79,60,62,62,62,62,64,66,66,68,68,70,72,72,74,76,76,78,78,80,86,88,88,90,92,92,94,94,98,100,104,104,99,99,101,107,111,111],"card_choices":[{"not_picked":["Cloak And Dagger","Tactician","Deadly Poison"],"picked":"SKIP","floor":1},{"not_picked":["Quick Slash","Dagger Throw","Underhanded Strike"],"picked":"SKIP","floor":2},{"not_picked":["Slice","Concentrate","Escape Plan"],"picked":"SKIP","floor":5},{"not_picked":["Backflip","Hidden Blade","ReplayTheSpireMod:Exploit Weakness"],"picked":"SKIP","floor":6},{"not_picked":["Fluid Movement","Deadly Poison","Underhanded Strike"],"picked":"SKIP","floor":7},{"not_picked":["ReplayTheSpireMod:The Works","Wraith Form v2","Dash"],"picked":"SKIP","floor":8},{"not_picked":["hubris:SlightOfHand","Dash","Poisoned Stab"],"picked":"SKIP","floor":13},{"not_picked":["Endless Agony","Flechettes"],"picked":"Prepared","floor":14},{"not_picked":["Backflip","Dagger Spray","Deadly Poison"],"picked":"SKIP","floor":18},{"not_picked":["Escape Plan","PiercingWail"],"picked":"hubris:TrickCloak+1","floor":20},{"not_picked":["Outmaneuver","All Out Attack+1"],"picked":"Reflex","floor":21},{"not_picked":["hubris:SlightOfHand","Cloak And Dagger+1","Escape Plan"],"picked":"SKIP","floor":22},{"not_picked":["Draining Mist","Fluid Movement","Grand Finale"],"picked":"SKIP","floor":23},{"not_picked":["Draining Mist","Fluid Movement","Grand Finale"],"picked":"SKIP","floor":23},{"not_picked":["Infinite Blades","PiercingWail+1","Fluid Movement"],"picked":"SKIP","floor":24},{"not_picked":["Outmaneuver","Heel Hook","Underhanded Strike"],"picked":"SKIP","floor":28},{"not_picked":["Deflect","Quick Slash"],"picked":"Acrobatics+1","floor":29},{"not_picked":["Crippling Poison","Doppelganger","Bane"],"picked":"SKIP","floor":30},{"not_picked":["ReplayTheSpireMod:The Works","Outmaneuver","Dagger Throw"],"picked":"SKIP","floor":31},{"not_picked":["Flying Knee","Deflect+1","Deadly Poison"],"picked":"SKIP","floor":35},{"not_picked":["Dagger Spray","Quick Slash+1"],"picked":"Tactician+1","floor":37},{"not_picked":["Backflip+1","Outmaneuver","Night Terror"],"picked":"SKIP","floor":39},{"not_picked":["Bane","Dodge and Roll+1","Setup"],"picked":"SKIP","floor":40},{"not_picked":["Deadly Poison+1","hubris:Sniper","Footwork"],"picked":"SKIP","floor":44},{"not_picked":["Burst","Cloak And Dagger","Dagger Spray"],"picked":"SKIP","floor":45},{"not_picked":["Acrobatics+1","Endless Agony+1","Dodge and Roll"],"picked":"SKIP","floor":47},{"not_picked":["Blur","Deflect+1","Toxin Wave"],"picked":"SKIP","floor":48},{"not_picked":["Underhanded Strike","Quick Slash","Sucker Punch"],"picked":"SKIP","floor":52},{"not_picked":["Poisoned Stab","Prepared","Hidden Blade"],"picked":"SKIP","floor":53},{"not_picked":["Backflip","Prepared","Bane"],"picked":"SKIP","floor":56},{"not_picked":["Endless Agony","ReplayTheSpireMod:Scrap Shanks","Backflip"],"picked":"Singing Bowl","floor":57},{"not_picked":["All Out Attack","Sucker Punch","Underhanded Strike"],"picked":"Singing Bowl","floor":61},{"not_picked":["Deflect","Dagger Throw","Flying Knee"],"picked":"Singing Bowl","floor":62},{"not_picked":["Hidden Blade","Burst","Fluid Movement"],"picked":"Singing Bowl","floor":64},{"not_picked":["Replay:Poison Smokescreen","Blade Dance","Backstab"],"picked":"Singing Bowl","floor":65},{"not_picked":["ReplayTheSpireMod:Black Plague","infinitespire:TheBestDefense"],"picked":"infinitespire:Collect","floor":67},{"not_picked":["Envenom","Phantasmal Killer","Corpse Explosion"],"picked":"Singing Bowl","floor":67},{"not_picked":["Poisoned Stab+1","Dagger Spray+1","Quick Slash+1"],"picked":"Singing Bowl","floor":69},{"not_picked":["Bane","hubris:SlightOfHand","ReplayTheSpireMod:Scrap Shanks"],"picked":"Singing Bowl","floor":73},{"not_picked":["All Out Attack+1","Night Terror","Replay:Poison Smokescreen"],"picked":"Singing Bowl","floor":74},{"not_picked":["Blade Dance","Backflip","ReplayTheSpireMod:Tripwire"],"picked":"Singing Bowl","floor":76},{"not_picked":["Bane","Prepared","Blade Dance"],"picked":"Singing Bowl","floor":78},{"not_picked":["Dash","Blade Dance+1","Flying Knee"],"picked":"Singing Bowl","floor":79},{"not_picked":["Cloak And Dagger+1","hubris:SlightOfHand","infinitespire:Neurotoxin"],"picked":"Singing Bowl","floor":81},{"not_picked":["Blade Dance","Cloak And Dagger","Dash"],"picked":"Singing Bowl","floor":82},{"not_picked":["A Thousand Cuts","Glass Knife","ReplayTheSpireMod:From All Sides"],"picked":"Singing Bowl","floor":84},{"not_picked":["Deflect","Blade Dance+1","ReplayTheSpireMod:The Works"],"picked":"Singing Bowl","floor":86},{"not_picked":["HandOfGreed","The Bomb","hubris:Ssssneak"],"picked":"Singing Bowl","floor":87},{"not_picked":["Swift Strike","Forethought","Replay:Bootleg Shield Generator"],"picked":"Singing Bowl","floor":87},{"not_picked":["Discovery","Impatience","Forethought"],"picked":"Singing Bowl","floor":87},{"not_picked":["Acrobatics","Sucker Punch","Blade Dance+1"],"picked":"Singing Bowl","floor":88},{"not_picked":["Noxious Fumes","hubris:TrickCloak+1","Tactician"],"picked":"Singing Bowl","floor":90},{"not_picked":["Blade Dance+1","Flying Knee","Escape Plan+1"],"picked":"Singing Bowl","floor":91},{"not_picked":["PiercingWail","Dodge and Roll+1","Noxious Fumes"],"picked":"Singing Bowl","floor":93},{"not_picked":["Noxious Fumes","Dagger Spray+1","Slice"],"picked":"Singing Bowl","floor":95},{"not_picked":["Unload","Flechettes+1","Backflip+1"],"picked":"Singing Bowl","floor":95},{"not_picked":["hubris:SlightOfHand+1","Blade Dance","Deadly Poison+1"],"picked":"Singing Bowl","floor":96},{"not_picked":["hubris:Sniper","Dagger Throw+1","Deadly Poison+1"],"picked":"Singing Bowl","floor":97},{"not_picked":["Dodge and Roll+1","Concentrate+1","Well Laid Plans"],"picked":"Singing Bowl","floor":97},{"not_picked":["infinitespire:Oblivion","ReplayTheSpireMod:Black Plague","ReplayTheSpireMod:??????????????????????"],"picked":"Singing Bowl","floor":101},{"not_picked":["Pain","Injury","Regret"],"picked":"Singing Bowl","floor":102},{"not_picked":["Decay","hubris:Gluttony","hubris:Compulsion"],"picked":"Singing Bowl","floor":102},{"not_picked":["hubris:Wrath","Decay","Languid"],"picked":"Singing Bowl","floor":102},{"not_picked":["Quick Slash","Dodge and Roll","Underhanded Strike"],"picked":"Singing Bowl","floor":103},{"not_picked":["Catalyst","Choke","hubris:SlightOfHand"],"picked":"Singing Bowl","floor":103}],"player_experience":424187,"relics_obtained":[{"floor":6,"key":"Pet Ghost"},{"floor":23,"key":"infinitespire:Magic Flask"},{"floor":26,"key":"Omamori"},{"floor":29,"key":"Red Mask"},{"floor":30,"key":"Shuriken"},{"floor":38,"key":"Mercury Hourglass"},{"floor":40,"key":"hubris:DeckOfHolding"},{"floor":43,"key":"infinitespire:ShieldingShard"},{"floor":45,"key":"Snake Skull"},{"floor":46,"key":"hubris:Potato"},{"floor":57,"key":"Singing Bowl"},{"floor":60,"key":"Replay:Baseball"},{"floor":63,"key":"ReplayTheSpireMod:Shallot"},{"floor":74,"key":"War Paint"},{"floor":76,"key":"Bag of Marbles"},{"floor":77,"key":"Counterbalance"},{"floor":78,"key":"TungstenRod"},{"floor":91,"key":"Ornamental Fan"},{"floor":94,"key":"Prayer Wheel"},{"floor":96,"key":"Smiling Mask"}],"event_choices":[{"cards_removed":["Strike_G"],"damage_healed":0,"gold_gain":0,"player_choice":"Forget","damage_taken":0,"max_hp_gain":0,"max_hp_loss":0,"event_name":"Living Wall","floor":3,"gold_loss":0},{"damage_healed":0,"gold_gain":0,"player_choice":"Cursed","damage_taken":0,"max_hp_gain":0,"max_hp_loss":0,"event_name":"Wheel of Change","floor":4,"gold_loss":0,"cards_obtained":["Decay"]},{"damage_healed":0,"gold_gain":0,"player_choice":"0 cards matched","damage_taken":0,"max_hp_gain":0,"max_hp_loss":0,"event_name":"Match and Keep!","floor":11,"gold_loss":0,"cards_obtained":[]},{"damage_healed":0,"gold_gain":0,"player_choice":"Fought Bandits","damage_taken":0,"max_hp_gain":0,"max_hp_loss":0,"event_name":"Masked Bandits","floor":29,"gold_loss":0},{"damage_healed":0,"gold_gain":0,"player_choice":"Ignored","damage_taken":0,"max_hp_gain":0,"max_hp_loss":0,"event_name":"NoteForYourself","floor":36,"gold_loss":0},{"damage_healed":0,"gold_gain":0,"player_choice":"Fight","damage_taken":0,"max_hp_gain":0,"max_hp_loss":0,"event_name":"Mysterious Sphere","floor":46,"gold_loss":0},{"damage_healed":0,"gold_gain":0,"player_choice":"Upgraded","damage_taken":0,"max_hp_gain":0,"max_hp_loss":0,"event_name":"Upgrade Shrine","floor":55,"gold_loss":0,"cards_upgraded":["Pot Of Greed"]},{"damage_healed":0,"gold_gain":0,"player_choice":"Lose Max HP","damage_taken":0,"relics_obtained":["Golden Idol"],"max_hp_gain":0,"max_hp_loss":6,"event_name":"Golden Idol","floor":59,"gold_loss":0},{"cards_removed":["Defend_G"],"damage_healed":0,"gold_gain":0,"player_choice":"Forget","damage_taken":0,"max_hp_gain":0,"max_hp_loss":0,"event_name":"Living Wall","floor":66,"gold_loss":0},{"damage_healed":0,"gold_gain":0,"player_choice":"Ignored","damage_taken":0,"max_hp_gain":0,"max_hp_loss":0,"event_name":"Vampires","floor":70,"gold_loss":0},{"damage_healed":0,"gold_gain":0,"player_choice":"Ignored","damage_taken":0,"max_hp_gain":0,"max_hp_loss":0,"event_name":"Ghosts","floor":80,"gold_loss":0},{"damage_healed":0,"gold_gain":0,"player_choice":"Memory 3","damage_taken":10,"max_hp_gain":0,"max_hp_loss":0,"event_name":"SensoryStone","floor":87,"gold_loss":0},{"damage_healed":0,"gold_gain":0,"player_choice":"Copied","damage_taken":0,"max_hp_gain":0,"max_hp_loss":0,"event_name":"Duplicator","floor":89,"gold_loss":0,"cards_obtained":["hubris:InfiniteBlow"]},{"damage_healed":0,"gold_gain":0,"player_choice":"Ignored","damage_taken":0,"max_hp_gain":0,"max_hp_loss":0,"event_name":"The Moai Head","floor":98,"gold_loss":0},{"damage_healed":0,"gold_gain":0,"player_choice":"Max HP","damage_taken":0,"max_hp_gain":0,"max_hp_loss":5,"event_name":"Winding Halls","floor":99,"gold_loss":0}],"is_beta":false,"boss_relics":[{"not_picked":["Fusion Hammer","Ectoplasm"],"picked":"infinitespire:Cupcake"},{"not_picked":["hubris:CrackedHourglass","Replay:Grab Bag"],"picked":"Empty Cage"},{"not_picked":["Cursed Key","Calling Bell"],"picked":"Replay:Wanted Poster"},{"not_picked":["hubris:Backtick","SacredBark"],"picked":"Replay:Drink Me"},{"not_picked":["Painkiller Herb","hubris:RunicObelisk"],"picked":"Sozu"},{"not_picked":["Honey Jar","hubris:TerracottaHorce"],"picked":"Replay:Ancient Bell"},{"not_picked":["infinitespire:Satchel","Potion Belt"],"picked":"Replay:Rubber Ducky"},{"not_picked":["hubris:BottledRain","Replay:Bottled Eggs"],"picked":"hubris:DuctTape"},{"not_picked":["infinitespire:Joker Card","infinitespire:Lychee Nut"],"picked":"WingedGreaves"}],"items_purged_floors":[10,19,42,58,71,75],"is_endless":true,"potions_floor_spawned":[1,5,7,8,18,22,29,30,39,44,46,47,48,56,57,61,64,73,74,78,79,86,88,90,93,103],"killed_by":"Cultist","ascension_level":0}}