{"host":"bbcqjedmotowk2e9","time":1609006085,"event":{"mods":["AchievementEnabler","Aspiration","BaseMod","Colored Powertips","Energized Spire","GifTheSpireLib","Halation","Hubris","Hyrulean Relics","Infinite Spire","Marisa????????","Minty Spire (QoL Compilation)","Permanent Neow","Quick Restart","Relic Stats","Replay The Spire","Spires And Sneckos","StSLib","Stuff the Spire","Synergy Search","The Disciple"],"gold_per_floor":[114,129,77,77,94,94,125,145,145,70,70,89,89,89,89,184,184,196,196,196,196,210,244,255,287,287,287,287,298,313,313,313,411,411,429,429,440,440,458,458,485,83,107,107,107,120,120,140,140,140,140,140,68,101,101,101],"floor_reached":55,"playtime":1813,"items_purged":["Defend_MRS","Strike_MRS"],"score":839,"play_id":"a3c1b719-3fdc-469f-8683-bcae93077166","local_time":"20201226210805","is_ascension_mode":true,"campfire_choices":[{"data":"RefractionSpark","floor":6,"key":"SMITH"},{"data":"AsteroidBelt","floor":13,"key":"SMITH"},{"floor":15,"key":"REST"},{"data":"RefractionSpark","floor":27,"key":"SMITH"},{"floor":32,"key":"RECALL"},{"data":"DoubleSpark","floor":40,"key":"SMITH"},{"data":"RefractionSpark","floor":44,"key":"SMITH"},{"data":"infinitespire:Fortify","floor":47,"key":"SMITH"},{"floor":49,"key":"REST"},{"data":"FinalSpark","floor":52,"key":"SMITH"}],"circlet_count":0,"master_deck":["Strike_MRS","Strike_MRS","Strike_MRS","Defend_MRS","Defend_MRS","UpSweep","FairyDestructionRay","RefractionSpark+1","SporeBomb","6A","RefractionSpark+1","Acceleration","RefractionSpark+1","FinalSpark+1","BlazeAway+1","DoubleSpark+1","AsteroidBelt+1","infinitespire:Fortify+1"],"relics":["hubris:RunicObelisk","StuffTheSpire:ForceGauntlet","hubris:Metronome","infinitespire:Cupcake","hubris:Towel","HornCleat","StuffTheSpire:CocoNut","Red Mask","aspiration:StickyExplosives_weak","halation:RedSoulGem","hubris:HollowSoul","Pet Ghost","StuffTheSpire:Mouthbags","Pen Nib","halation:PromiseList","ReplayTheSpireMod:Shallot"],"acts_visited":["Exordium","TheCity","TheBeyond","TheEnding"],"potions_floor_usage":[7,16,16,18,41,54,55,55],"damage_taken":[{"damage":4,"enemies":"Small Slimes","floor":1,"turns":3},{"damage":1,"enemies":"Cultist","floor":2,"turns":4},{"damage":2,"enemies":"2 Louse","floor":5,"turns":2},{"damage":18,"enemies":"Lagavulin","floor":7,"turns":3},{"damage":8,"enemies":"Gremlin Gang","floor":8,"turns":2},{"damage":0,"enemies":"Blue Slaver","floor":12,"turns":1},{"damage":7,"enemies":"Fading Forest","floor":16,"turns":11},{"damage":0,"enemies":"Shell Parasite","floor":18,"turns":1},{"damage":0,"enemies":"3 Byrds","floor":22,"turns":3},{"damage":20,"enemies":"Slavers","floor":23,"turns":3},{"damage":0,"enemies":"Sentry and Sphere","floor":24,"turns":2},{"damage":0,"enemies":"Masked Bandits","floor":25,"turns":1},{"damage":0,"enemies":"Snake Plant","floor":29,"turns":1},{"damage":3,"enemies":"Shelled Parasite and Fungi","floor":30,"turns":2},{"damage":0,"enemies":"Champ","floor":33,"turns":3},{"damage":0,"enemies":"3 Darklings","floor":35,"turns":2},{"damage":12,"enemies":"3 Shapes","floor":37,"turns":2},{"damage":0,"enemies":"Jaw Worm Horde","floor":39,"turns":3},{"damage":5,"enemies":"Nemesis","floor":41,"turns":4},{"damage":0,"enemies":"4 Shapes","floor":46,"turns":2},{"damage":0,"enemies":"Maw","floor":48,"turns":3},{"damage":54,"enemies":"Time Eater","floor":50,"turns":8},{"damage":27,"enemies":"Shield and Spear","floor":54,"turns":3},{"damage":51,"enemies":"The Heart","floor":55,"turns":2}],"seed_played":"-7870788161564532685","potions_obtained":[{"floor":1,"key":"Adrenaline Potion"},{"floor":2,"key":"LiquidMemories"},{"floor":12,"key":"Swift Potion"},{"floor":23,"key":"Flashbang"},{"floor":25,"key":"Milkshake"},{"floor":29,"key":"PowerPotion"},{"floor":46,"key":"Block Potion"}],"is_trial":false,"path_per_floor":["M","M","$","?","M","R","E","M","T","$","?","M","R","?","R","B",null,"M","?","AVR","?","M","E","M","?","T","R","T","M","M","?","R","B",null,"M","?","M","?","M","R","E","$","T","R","AVR","M","R","M","R","B",null,"R","$","E","B"],"character_chosen":"MARISA","items_purchased":["BottledSpark","StuffTheSpire:Mouthbags","Pen Nib","DistilledChaos"],"campfire_rested":2,"item_purchase_floors":[3,42,42,53],"current_hp_per_floor":[71,70,70,70,68,68,50,42,42,42,42,42,42,42,64,67,75,75,75,75,75,75,62,62,62,62,62,62,62,59,59,59,59,82,82,82,70,70,70,70,65,65,65,65,65,65,65,65,82,28,82,82,82,55,0,0],"gold":101,"neow_bonus":"BOSS_RELIC","is_daily":false,"chose_seed":false,"campfire_upgraded":7,"win_rate":0.0,"timestamp":1609006085,"path_taken":["M","M","$","?","M","R","E","?","T","$","?","?","R","?","R","BOSS","M","?","AVR","?","M","E","M","?","T","R","?","M","?","?","R","BOSS","M","?","?","?","M","R","E","$","T","R","AVR","M","R","?","R","BOSS","R","$","E","BOSS"],"items_purchased_type":["Potion","Relic","Relic","Potion"],"build_version":"2020-12-22","purchased_purges":2,"victory":false,"max_hp_per_floor":[75,75,75,75,75,75,75,75,75,75,75,75,75,75,75,75,75,75,75,75,75,75,82,82,82,82,82,82,82,82,82,82,82,82,82,82,82,82,82,82,82,82,82,82,82,82,82,82,82,82,82,82,82,82,82,82],"relic_stats":{"counters":[24,74],"Pen Nib":[6],"obtain_stats":[{"hubris:Metronome":9,"StuffTheSpire:ForceGauntlet":7,"hubris:HollowSoul":34,"Pen Nib":42,"hubris:RunicObelisk":0,"hubris:Towel":19,"Pet Ghost":41,"aspiration:StickyExplosives_weak":26,"halation:RedSoulGem":31,"HornCleat":20,"StuffTheSpire:Mouthbags":42,"ReplayTheSpireMod:Shallot":54,"StuffTheSpire:CocoNut":23,"Red Mask":25,"halation:PromiseList":43,"MiniHakkero":0,"infinitespire:Cupcake":17},{"hubris:Metronome":5,"StuffTheSpire:ForceGauntlet":4,"hubris:HollowSoul":15,"Pen Nib":19,"hubris:RunicObelisk":0,"hubris:Towel":8,"Pet Ghost":19,"aspiration:StickyExplosives_weak":12,"halation:RedSoulGem":14,"HornCleat":8,"StuffTheSpire:Mouthbags":19,"ReplayTheSpireMod:Shallot":23,"StuffTheSpire:CocoNut":10,"Red Mask":12,"halation:PromiseList":19,"MiniHakkero":0,"infinitespire:Cupcake":7},{"hubris:Metronome":14,"StuffTheSpire:ForceGauntlet":12,"hubris:HollowSoul":42,"Pen Nib":53,"hubris:RunicObelisk":0,"hubris:Towel":27,"Pet Ghost":53,"aspiration:StickyExplosives_weak":36,"halation:RedSoulGem":39,"HornCleat":27,"StuffTheSpire:Mouthbags":53,"ReplayTheSpireMod:Shallot":69,"StuffTheSpire:CocoNut":33,"Red Mask":36,"halation:PromiseList":53,"MiniHakkero":0,"infinitespire:Cupcake":26}]},"card_choices":[{"not_picked":["ShootingEcho","WitchLeyline"],"picked":"FairyDestructionRay","floor":1},{"not_picked":["Orbital","IllusionStar"],"picked":"RefractionSpark","floor":2},{"not_picked":["Occultation","GrandCross","MysteriousBeam"],"picked":"SKIP","floor":5},{"not_picked":["IllusionStar","WitchLeyline"],"picked":"AsteroidBelt","floor":7},{"not_picked":["ChargingUp","StarlightTyphoon"],"picked":"SporeBomb","floor":8},{"not_picked":["MilkyWay","GravityBeat","MysteriousBeam"],"picked":"SKIP","floor":12},{"not_picked":["ShootingEcho","OortCloud"],"picked":"6A","floor":18},{"not_picked":["AsteroidBelt+1","LuminesStrike"],"picked":"RefractionSpark","floor":22},{"not_picked":["NonDirectionalLaser","AsteroidBelt"],"picked":"Acceleration","floor":23},{"not_picked":["GrandCross","Orbital+1"],"picked":"RefractionSpark","floor":24},{"not_picked":["StarlightTyphoon","JA","OneTimeOff"],"picked":"SKIP","floor":29},{"not_picked":["Orbital","GrandCross","6A"],"picked":"SKIP","floor":30},{"not_picked":["AbsoluteMagnitude","MillisecondPulsars"],"picked":"FinalSpark","floor":33},{"not_picked":["ChargingUp+1","WitchOfGreed"],"picked":"BlazeAway+1","floor":35},{"not_picked":["EarthLightRay","MagicAbsorber","AsteroidBelt"],"picked":"SKIP","floor":37},{"not_picked":["OpenUniverse+1","DC"],"picked":"DoubleSpark","floor":39},{"not_picked":["NonDirectionalLaser+1","MilkyWay","MysteriousBeam+1"],"picked":"SKIP","floor":41},{"not_picked":["StarlightTyphoon+1","CasketOfStar","NonDirectionalLaser+1"],"picked":"SKIP","floor":46},{"not_picked":["IllusionStar+1","6A","StarlightTyphoon"],"picked":"SKIP","floor":48},{"not_picked":["DoubleSpark","LuminesStrike+1","GrandCross+1"],"picked":"SKIP","floor":54}],"player_experience":563783,"relics_obtained":[{"floor":7,"key":"StuffTheSpire:ForceGauntlet"},{"floor":9,"key":"hubris:Metronome"},{"floor":23,"key":"StuffTheSpire:CocoNut"},{"floor":25,"key":"Red Mask"},{"floor":26,"key":"aspiration:StickyExplosives_weak"},{"floor":41,"key":"Pet Ghost"},{"floor":43,"key":"halation:PromiseList"},{"floor":54,"key":"ReplayTheSpireMod:Shallot"}],"event_choices":[{"cards_removed":["Defend_MRS"],"damage_healed":0,"gold_gain":0,"player_choice":"Purged","damage_taken":0,"max_hp_gain":0,"max_hp_loss":0,"event_name":"Purifier","floor":4,"gold_loss":0},{"damage_healed":0,"gold_gain":0,"player_choice":"Bought 0 Potions","damage_taken":0,"max_hp_gain":0,"max_hp_loss":0,"event_name":"The Woman in Blue","floor":11,"gold_loss":0},{"damage_healed":0,"gold_gain":0,"player_choice":"Ignored","damage_taken":0,"max_hp_gain":0,"max_hp_loss":0,"event_name":"Golden Idol","floor":14,"gold_loss":0},{"damage_healed":0,"gold_gain":0,"player_choice":"Fought Bandits","damage_taken":0,"max_hp_gain":0,"max_hp_loss":0,"event_name":"Masked Bandits","floor":25,"gold_loss":0},{"cards_removed":["MasterSpark"],"damage_healed":0,"gold_gain":0,"player_choice":"Purged","damage_taken":0,"max_hp_gain":0,"max_hp_loss":0,"event_name":"Purifier","floor":36,"gold_loss":0},{"damage_healed":0,"gold_gain":0,"player_choice":"Ignored","damage_taken":0,"max_hp_gain":0,"max_hp_loss":0,"event_name":"SecretPortal","floor":38,"gold_loss":0}],"is_beta":false,"boss_relics":[{"not_picked":["ReplayTheSpireMod:DimensionalGlitch","StuffTheSpire:RunicConfusion"],"picked":"infinitespire:Cupcake"},{"not_picked":["Philosopher\u0027s Stone","hubris:GrandSneckoEye"],"picked":"hubris:HollowSoul"}],"items_purged_floors":[10,42],"is_endless":false,"potions_floor_spawned":[1,2,12,23,25,29,33,39,46],"killed_by":"The Heart","ascension_level":2}}