{"host":"3jpwrwmmgyabjceh","time":1609008645,"event":{"mods":["AchievementEnabler","BaseMod","Colored Map","Colored Powertips","Highlight Path","Minty Spire (QoL Compilation)","Quick Restart","StSLib"],"gold_per_floor":[109,122,135,153,165,165,177,189,212,212,22,22,46,57,57,57,57],"floor_reached":16,"playtime":761,"items_purged":["Strike_R"],"score":145,"play_id":"3074d8ae-0123-41ed-b633-cff7e50f5bf8","local_time":"20201226215045","is_ascension_mode":true,"campfire_choices":[{"data":"Bash","floor":6,"key":"SMITH"},{"floor":10,"key":"REST"},{"data":"Shrug It Off","floor":12,"key":"SMITH"},{"floor":15,"key":"REST"}],"circlet_count":0,"master_deck":["Strike_R","Strike_R","Strike_R","Strike_R","Defend_R","Defend_R","Defend_R","Defend_R","Bash+1","Heavy Blade","Pommel Strike","Pommel Strike","Shrug It Off+1","Shrug It Off","Cleave"],"relics":["Burning Blood","Regal Pillow","Membership Card","Odd Mushroom"],"acts_visited":["Exordium"],"potions_floor_usage":[4,8,13,16],"damage_taken":[{"damage":0,"enemies":"Small Slimes","floor":1,"turns":4},{"damage":3,"enemies":"2 Louse","floor":2,"turns":4},{"damage":4,"enemies":"Jaw Worm","floor":3,"turns":4},{"damage":17,"enemies":"Large Slime","floor":4,"turns":7},{"damage":27,"enemies":"Exordium Thugs","floor":5,"turns":7},{"damage":6,"enemies":"Exordium Wildlife","floor":7,"turns":3},{"damage":22,"enemies":"Gremlin Gang","floor":8,"turns":5},{"damage":24,"enemies":"The Mushroom Lair","floor":13,"turns":9},{"damage":22,"enemies":"Large Slime","floor":14,"turns":7},{"damage":100,"enemies":"Hexaghost","floor":16,"turns":14}],"seed_played":"-4473002398093825912","potions_obtained":[{"floor":1,"key":"DuplicationPotion"},{"floor":4,"key":"Strength Potion"},{"floor":13,"key":"Fruit Juice"},{"floor":14,"key":"HeartOfIron"}],"is_trial":false,"path_per_floor":["M","M","M","M","M","R","M","M","T","R","$","R","?","M","R","B"],"character_chosen":"IRONCLAD","items_purchased":["Membership Card"],"campfire_rested":2,"item_purchase_floors":[11],"current_hp_per_floor":[78,81,83,72,51,51,51,35,35,78,78,78,65,49,94,0,0],"gold":57,"neow_bonus":"TWENTY_PERCENT_HP_BONUS","is_daily":false,"chose_seed":false,"campfire_upgraded":2,"win_rate":0.0,"timestamp":1609008645,"path_taken":["M","M","M","M","M","R","M","M","T","R","$","R","?","M","R","BOSS"],"items_purchased_type":["Relic"],"build_version":"2020-12-22","purchased_purges":1,"victory":false,"max_hp_per_floor":[96,96,96,96,96,96,96,96,96,96,96,96,101,101,101,101,101],"card_choices":[{"not_picked":["Clash","Clothesline"],"picked":"Heavy Blade","floor":1},{"not_picked":["Entrench","Fire Breathing"],"picked":"Pommel Strike","floor":2},{"not_picked":["Armaments","Shrug It Off"],"picked":"Pommel Strike","floor":3},{"not_picked":["Headbutt","Pummel","Rage"],"picked":"SKIP","floor":4},{"not_picked":["Clothesline","Body Slam"],"picked":"Shrug It Off","floor":5},{"not_picked":["Headbutt","Impervious"],"picked":"Shrug It Off","floor":7},{"not_picked":["Clash","Twin Strike","Sword Boomerang"],"picked":"SKIP","floor":8},{"not_picked":["Havoc","Rage"],"picked":"Cleave","floor":13},{"not_picked":["Headbutt","Evolve","Anger"],"picked":"SKIP","floor":14}],"player_experience":290339,"relics_obtained":[{"floor":9,"key":"Regal Pillow"},{"floor":13,"key":"Odd Mushroom"}],"event_choices":[{"damage_healed":0,"gold_gain":0,"player_choice":"Fought Mushrooms","damage_taken":0,"max_hp_gain":0,"max_hp_loss":0,"event_name":"Mushrooms","floor":13,"gold_loss":0}],"is_beta":false,"boss_relics":[],"items_purged_floors":[11],"is_endless":false,"potions_floor_spawned":[1,4,13,14],"killed_by":"Hexaghost","ascension_level":5}}