{"host":"u2grshebrc5rdzdn","time":1609023636,"event":{"mods":["AchievementEnabler","BaseMod","Minty Spire (QoL Compilation)","StSLib"],"gold_per_floor":[119,119,14,34,45,71,71,99,125,157,171,171,171,154,154,278,278,293,309,324,324,324,324],"floor_reached":22,"playtime":1267,"items_purged":[],"score":313,"play_id":"0417cb65-004d-4e86-8e8e-0374db59a340","local_time":"20201227000036","is_ascension_mode":true,"campfire_choices":[{"data":"Armaments","floor":7.0,"key":"SMITH"},{"data":"Metallicize","floor":12.0,"key":"SMITH"},{"data":"Rupture","floor":15.0,"key":"SMITH"}],"circlet_count":0,"master_deck":["Strike_R","Strike_R","Strike_R","Strike_R","Strike_R","Defend_R","Defend_R","Defend_R","Bash","Armaments+1","Metallicize+1","Heavy Blade","Spot Weakness","Iron Wave","Hemokinesis","Reaper","Shrug It Off","Blood for Blood","Rupture+1","Juggernaut","Burning Pact"],"relics":["Burning Blood","Omamori","Oddly Smooth Stone","Lantern","Pen Nib","Golden Idol","Calling Bell","Ancient Tea Set","Kunai","Shovel"],"acts_visited":["Exordium","TheCity"],"potions_floor_usage":[],"damage_taken":[{"damage":0.0,"enemies":"Small Slimes","floor":1.0,"turns":3.0},{"damage":5.0,"enemies":"Cultist","floor":4.0,"turns":4.0},{"damage":0.0,"enemies":"2 Louse","floor":5.0,"turns":3.0},{"damage":14.0,"enemies":"3 Sentries","floor":6.0,"turns":8.0},{"damage":36.0,"enemies":"Lagavulin","floor":8.0,"turns":8.0},{"damage":35.0,"enemies":"Gremlin Nob","floor":10.0,"turns":5.0},{"damage":6.0,"enemies":"Blue Slaver","floor":11.0,"turns":3.0},{"damage":3.0,"enemies":"Exordium Thugs","floor":14.0,"turns":4.0},{"damage":34.0,"enemies":"The Guardian","floor":16.0,"turns":10.0},{"damage":17.0,"enemies":"Spheric Guardian","floor":18.0,"turns":4.0},{"damage":42,"enemies":"2 Thieves","floor":19,"turns":5},{"damage":40,"enemies":"Cultist and Chosen","floor":20,"turns":9},{"damage":26,"enemies":"Snake Plant","floor":22,"turns":1}],"seed_played":"-6832780246905268089","potions_obtained":[{"floor":4.0,"key":"HeartOfIron"},{"floor":6.0,"key":"Swift Potion"},{"floor":10.0,"key":"ElixirPotion"},{"floor":11.0,"key":"ColorlessPotion"},{"floor":14.0,"key":"SkillPotion"},{"floor":16.0,"key":"BlessingOfTheForge"},{"floor":20,"key":"Ancient Potion"},{"floor":21,"key":"LiquidMemories"},{"floor":21,"key":"Fire Potion"},{"floor":21,"key":"Fire Potion"}],"is_trial":false,"path_per_floor":["M","?","$","M","M","E","R","E","T","E","M","R","?","M","R","B",null,"M","M","M","?","M"],"character_chosen":"IRONCLAD","items_purchased":["Metallicize","Heavy Blade"],"campfire_rested":0,"item_purchase_floors":[3,3],"current_hp_per_floor":[73,73,73,74,80,72,72,42,42,20,20,20,20,31,31,22,78,67,47,23,23,0,0],"gold":324,"neow_bonus":"TWENTY_PERCENT_HP_BONUS","is_daily":false,"chose_seed":false,"campfire_upgraded":3,"win_rate":0.0,"timestamp":1609023636,"path_taken":["M","?","?","M","?","E","R","E","T","E","?","R","?","M","R","BOSS","M","M","M","?","?"],"items_purchased_type":["Card","Card"],"build_version":"2020-12-22","purchased_purges":0,"victory":false,"max_hp_per_floor":[96,96,96,96,96,96,96,96,96,96,96,96,96,96,96,96,96,96,96,96,96,96,96],"card_choices":[{"not_picked":["True Grit","Combust"],"picked":"Armaments","floor":1.0},{"not_picked":["Body Slam","Second Wind"],"picked":"Spot Weakness","floor":4.0},{"not_picked":["Body Slam","Armaments"],"picked":"Iron Wave","floor":5.0},{"not_picked":["Headbutt","Iron Wave"],"picked":"Hemokinesis","floor":6.0},{"not_picked":["Offering","Wild Strike"],"picked":"Reaper","floor":8.0},{"not_picked":["Iron Wave","Twin Strike"],"picked":"Shrug It Off","floor":10.0},{"not_picked":["Fire Breathing","Sword Boomerang"],"picked":"Blood for Blood","floor":11.0},{"not_picked":["Thunderclap","Iron Wave"],"picked":"Rupture","floor":14.0},{"not_picked":["Double Tap","Barricade"],"picked":"Juggernaut","floor":16.0},{"not_picked":["Headbutt","Twin Strike","Thunderclap"],"picked":"SKIP","floor":18.0},{"not_picked":["Ghostly Armor","Twin Strike"],"picked":"Burning Pact","floor":19},{"not_picked":["Evolve","Havoc+1","Thunderclap"],"picked":"SKIP","floor":20}],"player_experience":379428,"relics_obtained":[{"floor":6.0,"key":"Omamori"},{"floor":8.0,"key":"Oddly Smooth Stone"},{"floor":9.0,"key":"Lantern"},{"floor":10.0,"key":"Pen Nib"},{"floor":17.0,"key":"Ancient Tea Set"},{"floor":17.0,"key":"Kunai"},{"floor":17.0,"key":"Shovel"}],"event_choices":[{"cards_removed":["Defend_R"],"damage_healed":0.0,"max_hp_gain":0.0,"max_hp_loss":0.0,"gold_gain":0.0,"event_name":"Bonfire Elementals","player_choice":"Offered Basic","floor":2.0,"gold_loss":0.0,"damage_taken":0.0},{"damage_healed":0.0,"max_hp_gain":0.0,"max_hp_loss":0.0,"gold_gain":0.0,"event_name":"Golden Idol","player_choice":"Take Wound","floor":13.0,"gold_loss":0.0,"damage_taken":0.0,"relics_obtained":["Golden Idol"],"cards_obtained":["Injury"]},{"damage_healed":0,"gold_gain":0,"player_choice":"Got Potions","damage_taken":0,"max_hp_gain":0,"max_hp_loss":0,"event_name":"Lab","floor":21,"gold_loss":0}],"is_beta":false,"boss_relics":[{"not_picked":["Astrolabe","Fusion Hammer"],"picked":"Calling Bell"}],"items_purged_floors":[],"is_endless":false,"potions_floor_spawned":[4,6,10,11,14,16,20],"killed_by":"Snake Plant","ascension_level":8}}