{"host":"dfaptdojq2t2jkjw","time":1609017430,"event":{"mods":["BaseMod","Better Match","BetterRewards","Colored Map","Colored Powertips","GifTheSpireLib","Marisa????????","Minty Spire (QoL Compilation)","Quick Restart","Rare Cards Sparkle","Replay The Spire","Shop Mod","StSLib","Stuff the Spire","The Mystic","The Senshi"],"gold_per_floor":[117,292,302,18,18,51,69,69,69,108,71,71,71,71,71,192,192,181,104,104,104,29,29,29,29],"floor_reached":24,"playtime":543,"items_purged":["Doubt"],"score":285,"play_id":"2ab43c39-43e6-4d11-a503-f0b053b9b825","local_time":"20201226211710","is_ascension_mode":true,"campfire_choices":[{"floor":8.0,"key":"REST"},{"floor":13.0,"key":"REST"},{"floor":15.0,"key":"REST"},{"floor":23.0,"key":"REST"}],"circlet_count":0,"master_deck":["Strike_R","Strike_R","Strike_R","Strike_R","Strike_R","Defend_R","Defend_R","Defend_R","Defend_R","Bash","ReplayTheSpireMod:IOU","Thunderclap","Clothesline","Demon Form","Injury","Flame Barrier","Armaments","Feed","Flex","Life Link","StuffTheSpire:Deluminance","StuffTheSpire:Deluminance","StuffTheSpire:Deluminance","StuffTheSpire:Deluminance","StuffTheSpire:Deluminance","Shame"],"relics":["Burning Blood","Replay:Wax Seal","Durian","Ice Cream","Lee\u0027s Waffle","Golden Idol","Replay:Bottled Steam","Anchor","Bottled Lightning","Busted Crown","StuffTheSpire:BlackoutCurse","Bag of Marbles"],"acts_visited":[],"potions_floor_usage":[],"damage_taken":[{"damage":0.0,"enemies":"Small Slimes","floor":1.0,"turns":3.0},{"damage":0.0,"enemies":"2 Louse","floor":3.0,"turns":3.0},{"damage":53.0,"enemies":"3 Sentries","floor":6.0,"turns":6.0},{"damage":11.0,"enemies":"Jaw Worm","floor":7.0,"turns":3.0},{"damage":45.0,"enemies":"Lagavulin","floor":10.0,"turns":8.0},{"damage":0.0,"enemies":"3 Sentries","floor":12.0,"turns":1.0},{"damage":83.0,"enemies":"Fading Forest","floor":16.0,"turns":11.0},{"damage":23.0,"enemies":"2 Thieves","floor":18.0,"turns":4.0},{"damage":14,"enemies":"Gremlin Leader","floor":24,"turns":2}],"seed_played":"-4855264216987025114","potions_obtained":[{"floor":3.0,"key":"SmokeBomb"},{"floor":16.0,"key":"Elixir"}],"is_trial":false,"path_per_floor":["M","?","M","$","?","E","M","R","T","E","?","E","R","$","R","B",null,"M","$","?","?","$","R","E"],"character_chosen":"IRONCLAD","items_purchased":["Replay:Wax Seal","Durian","Demon Form","Lee\u0027s Waffle","Life Link"],"campfire_rested":4,"item_purchase_floors":[0,0,4,4,19],"current_hp_per_floor":[85,85,85,92,92,45,40,67,67,28,28,34,61,61,88,19,74,57,57,57,57,57,84,70,70],"gold":29,"neow_bonus":"","is_daily":false,"chose_seed":false,"campfire_upgraded":0,"win_rate":0.0,"timestamp":1609017430,"path_taken":["M","?","M","$","?","E","M","R","T","E","?","E","R","?","R","BOSS","M","$","?","?","$","R","E"],"items_purchased_type":["Relic","Relic","Card","Relic","Card"],"build_version":"2020-12-22","purchased_purges":1,"victory":false,"max_hp_per_floor":[85,85,85,92,92,92,92,92,92,92,92,92,92,92,92,92,92,92,92,92,92,92,92,92,92],"card_choices":[{"not_picked":["Sword Boomerang","ReplayTheSpireMod:Strike From Hell"],"picked":"Thunderclap","floor":1.0},{"not_picked":["Second Wind","Sever Soul"],"picked":"Clothesline","floor":3.0},{"not_picked":["StuffTheSpire:Slingshot","Flex","Headbutt"],"picked":"SKIP","floor":6.0},{"not_picked":["Heavy Blade","Defy Death"],"picked":"Flame Barrier","floor":7.0},{"not_picked":["Heavy Blade","Havoc"],"picked":"Armaments","floor":10.0},{"not_picked":["Hemogenesis","Demonic Infusion"],"picked":"Feed","floor":16.0},{"not_picked":[],"picked":"Flex","floor":18.0}],"player_experience":86614,"relics_obtained":[{"floor":6.0,"key":"Replay:Bottled Steam"},{"floor":9.0,"key":"Anchor"},{"floor":10.0,"key":"Bottled Lightning"}],"event_choices":[{"damage_healed":0.0,"max_hp_gain":0.0,"max_hp_loss":0.0,"gold_gain":175.0,"event_name":"Liars Game","player_choice":"AGREE","floor":2.0,"gold_loss":0.0,"damage_taken":0.0,"cards_obtained":["Doubt"]},{"damage_healed":0.0,"max_hp_gain":0.0,"max_hp_loss":0.0,"gold_gain":0.0,"event_name":"Golden Idol","player_choice":"Take Wound","floor":5.0,"gold_loss":0.0,"damage_taken":0.0,"relics_obtained":["Golden Idol"],"cards_obtained":["Injury"]},{"damage_healed":0.0,"max_hp_gain":0.0,"max_hp_loss":0.0,"gold_gain":0.0,"event_name":"World of Goop","player_choice":"Left Gold","floor":11.0,"gold_loss":37.0,"damage_taken":0.0},{"damage_healed":0.0,"max_hp_gain":0.0,"max_hp_loss":0.0,"gold_gain":0.0,"event_name":"Addict","player_choice":"Stole Relic","floor":21.0,"gold_loss":0.0,"damage_taken":0.0,"relics_obtained":["Bag of Marbles"],"cards_obtained":["Shame"]}],"is_beta":false,"boss_relics":[{"not_picked":["Kintsugi","Coffee Dripper"],"picked":"Busted Crown"}],"items_purged_floors":[22],"is_endless":false,"potions_floor_spawned":[3,12,16],"killed_by":"Gremlin Leader","ascension_level":5}}