{"host":"1zjc08c6hob33401","time":1609015749,"event":{"mods":["AchievementEnabler","Act Like it!","Aspiration","BaseMod","Downfall","Energized Spire","GifTheSpireLib","Hubris","Infinite Spire","Jedi Mod","Jorbs\u0027s Wanderer Trilogy","Marisa????????","Minty Spire (QoL Compilation)","Pale of the Ancients","Quick Restart","Replay The Spire","Retaliation","Shop Mod","StSLib","Stuff the Spire","Swap Starting Deck Mod","The Blue Laboratory","Wandering Minibosses","vexMod"],"gold_per_floor":[115,129,129,129,129,129,157,157,184,201,46,46,59,79,79,176,176,146,71,71,85,85,85,105,121,121,135,135,135],"floor_reached":28,"playtime":1510,"items_purged":[],"score":349,"play_id":"e587fa1e-1e0c-4219-846c-25c0f1e06830","local_time":"20201226224909","is_ascension_mode":true,"campfire_choices":[{"data":"Survivor","floor":6,"key":"SMITH"},{"floor":8,"key":"REST"},{"data":"Deflect","floor":12,"key":"SMITH"},{"data":"Dodge and Roll","floor":15,"key":"SMITH"},{"data":"jedi:pocketpoison","floor":23,"key":"SMITH"}],"circlet_count":0,"master_deck":["Strike_G","Strike_G","Strike_G","Strike_G","Strike_G","Defend_G","Defend_G","Defend_G","Defend_G","Survivor+1","Neutralize+1","Replay:Poison Smokescreen","Poisoned Stab+1","Deflect+1","Dodge and Roll+1","Dagger Throw","Poisoned Stab","After Image+1","jedi:pocketpoison+1","StuffTheSpire:Brawn","Poisoned Stab","Poisoned Stab+1","Unload+1","StuffTheSpire:BumpUp","Deadly Poison+1"],"relics":["Ring of the Snake","Blood Vial","hubris:Icosahedron","Golden Egg","StuffTheSpire:Experiment12","Lee\u0027s Waffle","vexMod:DeviousBotling","vexMod:FocusSash","Oddly Smooth Stone"],"acts_visited":["Exordium","TheCity"],"potions_floor_usage":[2,7,16,21,22,24],"damage_taken":[{"damage":18,"enemies":"Jaw Worm","floor":1,"turns":4},{"damage":6,"enemies":"2 Louse","floor":2,"turns":3},{"damage":29,"enemies":"Lagavulin","floor":7,"turns":6},{"damage":0,"enemies":"Small Slimes","floor":10,"turns":3},{"damage":6,"enemies":"Blue Slaver","floor":13,"turns":3},{"damage":0,"enemies":"3 Louse","floor":14,"turns":5},{"damage":58,"enemies":"Slime Boss","floor":16,"turns":15},{"damage":10,"enemies":"2 Thieves","floor":18,"turns":5},{"damage":0,"enemies":"Shell Parasite","floor":21,"turns":4},{"damage":1,"enemies":"Chosen and Byrds","floor":22,"turns":6},{"damage":12,"enemies":"Nightmare","floor":24,"turns":6},{"damage":9,"enemies":"Shelled Parasite and Fungi","floor":25,"turns":4},{"damage":14,"enemies":"Centurion and Healer","floor":27,"turns":5},{"damage":23,"enemies":"Cultist and Chosen","floor":28,"turns":6}],"seed_played":"554902039534322683","potions_obtained":[{"floor":1,"key":"Dexterity Potion"},{"floor":2,"key":"blueLaboratory:CorrosionFlask"},{"floor":7,"key":"blueLaboratory:Moonshine"},{"floor":14,"key":"Dexterity Potion"},{"floor":18,"key":"champ:CounterPotion"},{"floor":21,"key":"DistilledChaos"}],"is_trial":false,"path_per_floor":["M","M","?","?","?","R","E","R","T","M","$","R","M","M","R","B",null,"M","?","?","M","M","R","NM","M","T","M","M"],"character_chosen":"THE_SILENT","items_purchased":["Lee\u0027s Waffle"],"campfire_rested":1,"item_purchase_floors":[11],"current_hp_per_floor":[47,43,43,43,43,43,16,37,37,39,77,77,71,73,73,17,62,54,54,39,41,42,42,32,25,25,13,0,0],"gold":135,"neow_bonus":"RANDOM_COMMON_RELIC","is_daily":false,"chose_seed":false,"campfire_upgraded":4,"win_rate":0.0,"timestamp":1609015749,"path_taken":["M","M","?","?","?","R","E","R","T","?","$","R","M","M","R","BOSS","M","?","?","M","M","R","NM","?","T","M","M"],"items_purchased_type":["Relic"],"build_version":"2020-12-22","purchased_purges":0,"victory":false,"max_hp_per_floor":[70,70,70,70,70,70,70,70,70,70,77,77,77,77,77,77,77,77,77,77,77,77,77,77,77,77,77,77,77],"card_choices":[{"not_picked":["Toxin Wave","Dodge and Roll"],"picked":"Replay:Poison Smokescreen","floor":1},{"not_picked":["Dagger Spray","PiercingWail"],"picked":"Poisoned Stab","floor":2},{"not_picked":["ReplayTheSpireMod:Tripwire","Dagger Spray"],"picked":"Deflect","floor":7},{"not_picked":["StuffTheSpire:ClusterCrunch","Blade Dance"],"picked":"Dodge and Roll","floor":10},{"not_picked":["Tactician","Prepared"],"picked":"Dagger Throw","floor":13},{"not_picked":["Well Laid Plans","StuffTheSpire:Incursion"],"picked":"Poisoned Stab","floor":14},{"not_picked":["jedi:brewingpoison","Tools of the Trade"],"picked":"After Image","floor":16},{"not_picked":["Blade Dance","Sucker Punch"],"picked":"jedi:pocketpoison","floor":18},{"not_picked":["hubris:Counter","StuffTheSpire:Injection"],"picked":"Poisoned Stab","floor":21},{"not_picked":["Backflip","Deadly Poison"],"picked":"Poisoned Stab+1","floor":22},{"not_picked":["Flechettes","Deflect+1"],"picked":"Unload","floor":24},{"not_picked":["Prepared","ReplayTheSpireMod:Tripwire"],"picked":"StuffTheSpire:BumpUp","floor":25},{"not_picked":["Dagger Spray","Acrobatics"],"picked":"Deadly Poison+1","floor":27}],"player_experience":399458,"relics_obtained":[{"floor":7,"key":"Golden Egg"},{"floor":9,"key":"StuffTheSpire:Experiment12"},{"floor":24,"key":"vexMod:FocusSash"},{"floor":26,"key":"Oddly Smooth Stone"}],"event_choices":[{"cards_removed":["Defend_G"],"damage_healed":0,"gold_gain":0,"player_choice":"Gave Gold","damage_taken":0,"max_hp_gain":0,"max_hp_loss":0,"event_name":"Beggar","floor":19,"gold_loss":75}],"is_beta":false,"boss_relics":[{"not_picked":["energizedSpire:RedRose","Runic Dome"],"picked":"vexMod:DeviousBotling"}],"items_purged_floors":[],"is_endless":false,"potions_floor_spawned":[1,2,7,14,18,21],"killed_by":"Cultist and Chosen","ascension_level":7}}