{"host":"bbld1ic1uj90ldt9","time":1609001649,"event":{"mods":["2.2 Compatiblity","AchievementEnabler","Act Like it!","BaseMod","Better Third Choice","Conspire","Downfall","Emptier Cage","Gensokyo","Hallownest","Hermit","Highlight Path","Hubris","Marisa????????","Minty Spire (QoL Compilation)","Random Character Button","Replay The Spire","StSLib","The Animator","The Bug Knight","The Cursed","The Disciple","The Hierophant","The Jungle","The Runesmith","The Servant 0.9.4"],"gold_per_floor":[110,132,143,168,168,213,213,213,213],"floor_reached":8,"playtime":1109,"items_purged":[],"score":72,"play_id":"64959ef0-44f4-42d2-a1ca-333a85d06ae9","local_time":"20201226175409","is_ascension_mode":true,"campfire_choices":[],"circlet_count":0,"master_deck":["animator:Strike_GATE","animator:Defend_GATE","animator:Strike","animator:Strike","animator:Defend","animator:Defend","animator:Defend","animator:TukaLunaMarceau","animator:Kuribayashi","animator:DolaCouronne","animator:RoryMercury","animator:Arpeggio","animator:LeleiLaLalena","animator:EmiyaShirou"],"relics":["animator:LivingPicture","animator:TheMissingPiece","ReplayFunnel","Hallownest:SalubrasBlessingRelic"],"acts_visited":["Hallownest:Greenpath"],"potions_floor_usage":[6,8],"damage_taken":[{"damage":2,"enemies":"2_ Uuma","floor":1,"turns":8},{"damage":6,"enemies":"Hallownest:2_Tiktiks_and_1_Crawlid","floor":2,"turns":8},{"damage":0,"enemies":"Hallownest:2_Baldur","floor":3,"turns":5},{"damage":3,"enemies":"Hallownest:monsterMossCharger","floor":4,"turns":10},{"damage":13,"enemies":"Hallownest:eliteCrystalGuardian","floor":6,"turns":8},{"damage":43,"enemies":"Hallownest:eliteVengeflyKing","floor":8,"turns":13}],"seed_played":"1302842636777642879","potions_obtained":[{"floor":4,"key":"AttackPotion"},{"floor":6,"key":"AttackPotion"}],"is_trial":false,"path_per_floor":["M","M","M","M","?","E","?","E"],"character_chosen":"THE_ANIMATOR","items_purchased":[],"campfire_rested":0,"item_purchase_floors":[],"current_hp_per_floor":[63,57,58,55,55,42,42,0,0],"gold":213,"neow_bonus":"TEN_PERCENT_HP_BONUS","is_daily":false,"chose_seed":false,"campfire_upgraded":0,"win_rate":0.0,"timestamp":1609001649,"path_taken":["M","M","?","M","?","E","?","E"],"items_purchased_type":[],"build_version":"2020-12-22","purchased_purges":0,"victory":false,"max_hp_per_floor":[72,72,73,73,73,73,73,73,73],"card_choices":[{"not_picked":["animator:MumenRider","animator:CowGirl"],"picked":"animator:DolaCouronne","floor":1},{"not_picked":["animator:Spearman","animator:IzunaHatsuse"],"picked":"animator:RoryMercury","floor":2},{"not_picked":["animator:YaoHaDucy","animator:SakuraMatou"],"picked":"animator:Arpeggio","floor":3},{"not_picked":["animator:RoryMercury","animator:Bozes"],"picked":"animator:LeleiLaLalena","floor":4},{"not_picked":["animator:Alexander","animator:AcuraTooru"],"picked":"animator:EmiyaShirou","floor":6}],"player_experience":2173218,"relics_obtained":[{"floor":6,"key":"ReplayFunnel"}],"event_choices":[],"is_beta":false,"boss_relics":[],"items_purged_floors":[],"is_endless":false,"potions_floor_spawned":[4,6],"killed_by":"Hallownest:eliteVengeflyKing","ascension_level":6}}