{"host":"q9718omregw4er46","time":1609015403,"event":{"mods":["BaseMod","Bestiary","Colored Powertips","Minty Spire (QoL Compilation)","Quick Restart","Relic Stats"],"gold_per_floor":[110,110,385,150,175,175,210,210,210,235,235,271,271,132,132,132,132],"floor_reached":16,"playtime":296,"items_purged":["Regret","Strike_B"],"score":262,"play_id":"033751fd-d8bb-4f19-aacf-902a2834b938","local_time":"20201227014323","is_ascension_mode":true,"campfire_choices":[{"floor":6,"key":"REST"},{"data":"Hyperbeam","floor":8,"key":"SMITH"},{"floor":15,"key":"REST"}],"circlet_count":0,"master_deck":["AscendersBane","Strike_B","Strike_B","Strike_B","Defend_B","Defend_B","Defend_B+1","Defend_B","Zap","Dualcast","Seek","Creative AI","Hyperbeam+1","Hologram","Ball Lightning+1","Doom and Gloom"],"relics":["Philosopher\u0027s Stone","Golden Idol","Orrery","Frozen Egg 2","Ancient Tea Set","Singing Bowl","Bronze Scales"],"acts_visited":["Exordium"],"potions_floor_usage":[12,16],"damage_taken":[{"damage":13,"enemies":"Small Slimes","floor":1,"turns":4},{"damage":0,"enemies":"2 Louse","floor":5,"turns":1},{"damage":24,"enemies":"3 Sentries","floor":7,"turns":4},{"damage":0,"enemies":"Cultist","floor":10,"turns":3},{"damage":0,"enemies":"Gremlin Nob","floor":12,"turns":2},{"damage":33,"enemies":"Slime Boss","floor":16,"turns":5}],"seed_played":"5775086792753078874","potions_obtained":[{"floor":7,"key":"Fire Potion"},{"floor":10,"key":"Weak Potion"}],"is_trial":false,"path_per_floor":["M","?","?","$","M","R","E","R","T","M","?","E","?","$","R","B"],"character_chosen":"DEFECT","items_purchased":["Orrery","Doom and Gloom"],"campfire_rested":2,"item_purchase_floors":[4,14],"current_hp_per_floor":[51,27,27,27,27,48,24,24,24,24,3,5,5,5,26,0,0],"gold":132,"neow_bonus":"BOSS_RELIC","is_daily":false,"chose_seed":false,"campfire_upgraded":1,"win_rate":0.0,"timestamp":1609015403,"path_taken":["M","?","?","$","M","R","E","R","T","?","?","E","?","$","R","BOSS"],"items_purchased_type":["Relic","Card"],"build_version":"2020-12-22","purchased_purges":2,"victory":false,"max_hp_per_floor":[71,71,71,71,71,71,71,71,71,71,71,73,73,73,73,73,73],"relic_stats":{"Singing Bowl":2,"counters":[6,19],"Golden Idol":24,"Bronze Scales":[3],"obtain_stats":[{"Singing Bowl":12,"Golden Idol":2,"Bronze Scales":13,"Orrery":4,"Philosopher\u0027s Stone":0,"Frozen Egg 2":7,"Cracked Core":0,"Ancient Tea Set":9},{"Singing Bowl":5,"Golden Idol":1,"Bronze Scales":5,"Orrery":1,"Philosopher\u0027s Stone":0,"Frozen Egg 2":3,"Cracked Core":0,"Ancient Tea Set":3},{"Singing Bowl":14,"Golden Idol":4,"Bronze Scales":14,"Orrery":4,"Philosopher\u0027s Stone":0,"Frozen Egg 2":9,"Cracked Core":0,"Ancient Tea Set":9}]},"card_choices":[{"not_picked":["Stack","Reinforced Body","Hologram"],"picked":"SKIP","floor":1},{"not_picked":["Gash","BootSequence"],"picked":"Seek","floor":4},{"not_picked":["Steam","Chill"],"picked":"Creative AI","floor":4},{"not_picked":["Compile Driver","Undo"],"picked":"Hyperbeam","floor":4},{"not_picked":["Beam Cell","Coolheaded"],"picked":"Hologram","floor":5},{"not_picked":["Hologram","Beam Cell","Streamline"],"picked":"SKIP","floor":7},{"not_picked":["All For One","Cold Snap"],"picked":"Ball Lightning","floor":10},{"not_picked":["Rebound","Cold Snap","Compile Driver"],"picked":"Singing Bowl","floor":12}],"player_experience":1125298,"relics_obtained":[{"floor":7,"key":"Frozen Egg 2"},{"floor":9,"key":"Ancient Tea Set"},{"floor":12,"key":"Singing Bowl"},{"floor":13,"key":"Bronze Scales"}],"event_choices":[{"damage_healed":0,"gold_gain":0,"player_choice":"Take Damage","damage_taken":24,"relics_obtained":["Golden Idol"],"max_hp_gain":0,"max_hp_loss":0,"event_name":"Golden Idol","floor":2,"gold_loss":0},{"damage_healed":0,"gold_gain":275,"player_choice":"Desecrate","damage_taken":0,"max_hp_gain":0,"max_hp_loss":0,"event_name":"Golden Shrine","floor":3,"gold_loss":0,"cards_obtained":["Regret"]},{"damage_healed":0,"gold_gain":0,"player_choice":"Entered Light","damage_taken":21,"max_hp_gain":0,"max_hp_loss":0,"event_name":"Shining Light","floor":11,"gold_loss":0,"cards_upgraded":["Ball Lightning","Defend_B"]},{"damage_healed":0,"gold_gain":0,"player_choice":"Relic","damage_taken":0,"max_hp_gain":0,"max_hp_loss":0,"event_name":"Wheel of Change","floor":13,"gold_loss":0}],"is_beta":false,"boss_relics":[],"items_purged_floors":[4,14],"is_endless":false,"potions_floor_spawned":[7,10],"killed_by":"Slime Boss","ascension_level":20}}