{"host":"chu2qla6oth0ebqb","time":1609004799,"event":{"mods":["AchievementEnabler","Arknights The Spire","Aspiration","BaseMod","Better Altar","Better Match","Better Sensory Stone","Better Skull","Better Third Choice","BetterRewards","Colored Map","Colored Powertips","Gold Saver","Hermit","Highlight Path","Hubris","Infinite Spire","Minty Spire (QoL Compilation)","Quick Restart","Relic Sorter","Replay The Spire","Spicy Shops","StSLib","SuperFastMode","Synergy Search","The Bug Knight","The Cursed"],"gold_per_floor":[118,43,43,61,81,109,109,121,121,121,135,149,149,61,61,156,156,156],"floor_reached":17,"playtime":1797,"items_purged":["hermit:Strike_Hermit"],"score":157,"play_id":"bac4cd27-c2a6-4195-b857-30f2ba8cd57a","local_time":"20201226194639","is_ascension_mode":false,"campfire_choices":[{"floor":7,"key":"REST"},{"floor":10,"key":"REST"},{"data":"hermit:Combo","floor":15,"key":"SMITH"}],"circlet_count":0,"master_deck":["hermit:Strike_Hermit","hermit:Strike_Hermit","hermit:Strike_Hermit","hermit:Defend_Hermit","hermit:Defend_Hermit","hermit:Defend_Hermit","hermit:Defend_Hermit","hermit:Snapshot","hermit:Covet","hermit:Combo+1","Decay","hermit:DeadMansHand","hermit:Vantage","hermit:GoldenBullet","hermit:TakeCover","hermit:Deadeye","Replay:BasicMightCard","hermit:EternalForm"],"relics":["hermit:Momento","ats:Originium","Quantum Egg","Gremlin Horn","Peace Pipe"],"acts_visited":["Exordium","TheCity"],"potions_floor_usage":[],"damage_taken":[{"damage":6,"enemies":"Jaw Worm","floor":1,"turns":3},{"damage":7,"enemies":"Cultist","floor":4,"turns":6},{"damage":15,"enemies":"Small Slimes","floor":5,"turns":5},{"damage":30,"enemies":"3 Sentries","floor":6,"turns":12},{"damage":10,"enemies":"Looter","floor":8,"turns":4},{"damage":0,"enemies":"Large Slime","floor":11,"turns":11},{"damage":8,"enemies":"Gremlin Gang","floor":12,"turns":10},{"damage":16,"enemies":"The Guardian","floor":16,"turns":6}],"seed_played":"845135262627813406","potions_obtained":[{"floor":1,"key":"FearPotion"},{"floor":8,"key":"BlessingOfTheForge"},{"floor":11,"key":"Venom Potion"},{"floor":12,"key":"Dexterity Potion"},{"floor":16,"key":"AttackPotion"}],"is_trial":false,"path_per_floor":["M","$","?","M","M","E","R","M","T","R","M","M","?","$","R","B",null],"character_chosen":"HERMIT","items_purchased":["Replay:BasicMightCard"],"campfire_rested":2,"item_purchase_floors":[14],"current_hp_per_floor":[76,76,76,69,54,24,48,38,38,62,62,54,54,54,54,38,82,82],"gold":156,"neow_bonus":"TEN_PERCENT_HP_BONUS","is_daily":false,"chose_seed":false,"campfire_upgraded":1,"win_rate":0.0,"timestamp":1609004799,"path_taken":["M","$","?","M","M","E","R","M","T","R","?","M","?","$","R","BOSS"],"items_purchased_type":["Card"],"build_version":"2020-12-22","purchased_purges":1,"victory":false,"max_hp_per_floor":[82,82,82,82,82,82,82,82,82,82,82,82,82,82,82,82,82,82],"card_choices":[{"not_picked":["hermit:Virtue","hermit:LowProfile"],"picked":"hermit:Combo","floor":1},{"not_picked":["hermit:Desperado","hermit:Midnight"],"picked":"hermit:DeadMansHand","floor":4},{"not_picked":["hermit:Misfire","hermit:Manifest"],"picked":"hermit:Vantage","floor":5},{"not_picked":["hermit:BlackWind","hermit:Maintenance"],"picked":"hermit:GoldenBullet","floor":6},{"not_picked":["hermit:Manifest","hermit:CalledShot"],"picked":"hermit:TakeCover","floor":8},{"not_picked":["hermit:Coalescence","hermit:GoldenBullet","hermit:Roulette"],"picked":"SKIP","floor":11},{"not_picked":["hermit:TrackingShot","hermit:Shortfuse"],"picked":"hermit:Deadeye","floor":12},{"not_picked":["hermit:Gambit","hermit:HighNoon"],"picked":"hermit:EternalForm","floor":16}],"player_experience":277188,"relics_obtained":[{"floor":6,"key":"ats:Originium"},{"floor":6,"key":"Quantum Egg"},{"floor":9,"key":"Gremlin Horn"},{"floor":13,"key":"Peace Pipe"}],"event_choices":[{"damage_healed":0,"gold_gain":0,"player_choice":"Cursed","damage_taken":0,"max_hp_gain":0,"max_hp_loss":0,"event_name":"Wheel of Change","floor":3,"gold_loss":0,"cards_obtained":["Decay"]}],"is_beta":false,"boss_relics":[{"not_picked":[]}],"items_purged_floors":[2],"is_endless":false,"potions_floor_spawned":[1,8,11,12,16],"ascension_level":0}}