{"host":"BK","time":1609020855,"event":{"mods":["BaseMod","Highlight Path","Minty Spire (QoL Compilation)","StSLib"],"gold_per_floor":[116,130,150,150,95,95,95,95,118,149,224,149,180,198,198,272,272,285,285,300,312,322,322,341,341,341],"floor_reached":25,"playtime":1063,"items_purged":["Strike_R"],"score":501,"play_id":"6aff83a7-c970-4276-9134-168eddf8e76e","local_time":"20201226151415","is_ascension_mode":true,"campfire_choices":[{"data":"Iron Wave","floor":6,"key":"SMITH"},{"data":"Rampage","floor":8,"key":"SMITH"},{"floor":15,"key":"REST"},{"floor":23,"key":"REST"}],"circlet_count":0,"master_deck":["AscendersBane","Strike_R","Strike_R","Strike_R","Defend_R","Defend_R","Defend_R","Defend_R","Bash","Flex","Offering","Rampage+1","Iron Wave+1","Feed","Disarm+1","Battle Trance"],"relics":["Runic Pyramid","Art of War","Oddly Smooth Stone","Ginger","Cursed Key"],"acts_visited":["Exordium","TheCity"],"potions_floor_usage":[13,21,22,25],"damage_taken":[{"damage":2,"enemies":"2 Louse","floor":1,"turns":3},{"damage":7,"enemies":"Jaw Worm","floor":2,"turns":2},{"damage":9,"enemies":"Small Slimes","floor":3,"turns":3},{"damage":24,"enemies":"Lagavulin","floor":10,"turns":5},{"damage":6,"enemies":"Gremlin Nob","floor":13,"turns":3},{"damage":6,"enemies":"Red Slaver","floor":14,"turns":2},{"damage":9,"enemies":"Hexaghost","floor":16,"turns":9},{"damage":15,"enemies":"Spheric Guardian","floor":18,"turns":5},{"damage":19,"enemies":"2 Thieves","floor":20,"turns":4},{"damage":32,"enemies":"3 Cultists","floor":21,"turns":6},{"damage":11,"enemies":"Sentry and Sphere","floor":22,"turns":7},{"damage":7,"enemies":"Snake Plant","floor":24,"turns":4},{"damage":58,"enemies":"Slavers","floor":25,"turns":6}],"seed_played":"7475895210866166926","potions_obtained":[{"floor":2,"key":"AttackPotion"},{"floor":3,"key":"FairyPotion"},{"floor":16,"key":"LiquidBronze"},{"floor":21,"key":"Block Potion"},{"floor":22,"key":"SteroidPotion"},{"floor":24,"key":"AttackPotion"}],"is_trial":false,"path_per_floor":["M","M","M","?","$","R","?","R","T","E","?","$","E","M","R","B",null,"M","?","M","M","M","R","M","E"],"character_chosen":"IRONCLAD","items_purchased":["Iron Wave"],"campfire_rested":2,"item_purchase_floors":[5],"current_hp_per_floor":[66,59,50,55,55,55,48,48,48,24,13,13,7,1,25,16,64,52,52,36,7,26,53,49,0,0],"gold":341,"neow_bonus":"BOSS_RELIC","is_daily":false,"chose_seed":false,"campfire_upgraded":2,"win_rate":0.0,"timestamp":1609020855,"path_taken":["M","M","M","?","$","R","?","R","T","E","?","$","E","M","R","BOSS","M","?","M","M","?","R","M","E"],"items_purchased_type":["Card"],"build_version":"2020-12-18","purchased_purges":1,"victory":false,"max_hp_per_floor":[75,75,75,80,80,80,80,80,80,80,80,80,80,80,80,80,80,83,83,86,89,92,92,95,98,98],"card_choices":[{"not_picked":["Clash","Iron Wave"],"picked":"Flex","floor":1},{"not_picked":["Power Through","Sword Boomerang"],"picked":"Offering","floor":2},{"not_picked":["Thunderclap","Ghostly Armor"],"picked":"Rampage","floor":3},{"not_picked":["Flex","Headbutt","Sever Soul"],"picked":"SKIP","floor":10},{"not_picked":["Flex","Sword Boomerang","True Grit"],"picked":"SKIP","floor":13},{"not_picked":["Iron Wave","Twin Strike","Anger"],"picked":"SKIP","floor":14},{"not_picked":["Berserk","Corruption"],"picked":"Feed","floor":16},{"not_picked":["Searing Blow","Havoc","Power Through"],"picked":"SKIP","floor":18},{"not_picked":["Dropkick","Heavy Blade"],"picked":"Disarm+1","floor":20},{"not_picked":["Thunderclap","Sentinel"],"picked":"Battle Trance","floor":21},{"not_picked":["Heavy Blade","Cleave","Perfected Strike"],"picked":"SKIP","floor":22},{"not_picked":["Armaments","Fiend Fire","Havoc"],"picked":"SKIP","floor":24}],"player_experience":2441366,"relics_obtained":[{"floor":9,"key":"Art of War"},{"floor":10,"key":"Oddly Smooth Stone"},{"floor":13,"key":"Ginger"}],"event_choices":[{"damage_healed":0,"gold_gain":0,"player_choice":"Donut","damage_taken":0,"max_hp_gain":5,"max_hp_loss":0,"event_name":"Big Fish","floor":4,"gold_loss":0},{"cards_removed":["Strike_R"],"damage_healed":0,"gold_gain":0,"player_choice":"Card Removal","damage_taken":7,"max_hp_gain":0,"max_hp_loss":0,"event_name":"Golden Wing","floor":7,"gold_loss":0},{"damage_healed":0,"gold_gain":75,"player_choice":"Gather Gold","damage_taken":11,"max_hp_gain":0,"max_hp_loss":0,"event_name":"World of Goop","floor":11,"gold_loss":0},{"damage_healed":0,"gold_gain":0,"player_choice":"Got Potions","damage_taken":0,"max_hp_gain":0,"max_hp_loss":0,"event_name":"Lab","floor":19,"gold_loss":0}],"is_beta":true,"boss_relics":[{"not_picked":["Calling Bell","Sozu"],"picked":"Cursed Key"}],"items_purged_floors":[12],"is_endless":false,"potions_floor_spawned":[2,3,16,21,22,24],"killed_by":"Slavers","ascension_level":20}}