{"host":"uud874cul3w3k2ia","time":1609022368,"event":{"mods":["BaseMod","Block Reminder","Colored Map","Colored Powertips","Highlight Path","Infinite Spire","Minty Spire (QoL Compilation)","Permanent Neow","Quick Restart","Replay The Spire","StSLib"],"gold_per_floor":[112,14,32,32,32,32,48,62,137,150,150,163,180,192,192,296,346,357,357,368,57,121,121,121],"floor_reached":23,"playtime":1574,"items_purged":["Strike_B"],"score":185,"play_id":"acaea307-3da3-4d24-83e4-d80de0b434e9","local_time":"20201226173928","is_ascension_mode":false,"campfire_choices":[{"floor":6.0,"key":"RECALL"},{"data":"Infernal Blade","floor":11.0,"key":"SMITH"},{"floor":15.0,"key":"DIG"}],"circlet_count":0,"master_deck":["Strike_R","Strike_R","Strike_R","Strike_R","Defend_R","Defend_R","Defend_R","Defend_R","Bash","Neutralize","ReplayUltimateDefense+1","Bloodletting","Heavy Blade","Reckless Charge","Infernal Blade+1","Sword Boomerang","Flame Barrier","Demonic Infusion+1","Heavy Blade","Immolate","Infernal Blade+1"],"relics":["Burning Blood","Toy Ornithopter","Tiny House","Blood Vial","Regal Pillow"],"acts_visited":["Exordium","TheCity"],"potions_floor_usage":[23,23],"damage_taken":[{"damage":5.0,"enemies":"Small Slimes","floor":1.0,"turns":4.0},{"damage":12.0,"enemies":"2 Louse","floor":3.0,"turns":3.0},{"damage":3.0,"enemies":"Cultist","floor":7.0,"turns":4.0},{"damage":13.0,"enemies":"3 Louse","floor":8.0,"turns":4.0},{"damage":21.0,"enemies":"Gremlin Gang","floor":10.0,"turns":7.0},{"damage":3.0,"enemies":"Looter","floor":12.0,"turns":3.0},{"damage":3.0,"enemies":"3 Louse","floor":13.0,"turns":3.0},{"damage":24.0,"enemies":"Gremlin Gang","floor":14.0,"turns":5.0},{"damage":45.0,"enemies":"The Guardian","floor":16.0,"turns":12.0},{"damage":8.0,"enemies":"3 Byrds","floor":18.0,"turns":4.0},{"damage":59.0,"enemies":"Shell Parasite","floor":20.0,"turns":10.0},{"damage":21,"enemies":"Nightmare","floor":23,"turns":5}],"seed_played":"2679633297986583336","potions_obtained":[{"floor":7.0,"key":"Adrenaline Potion"},{"floor":10.0,"key":"PowerPotion"},{"floor":12.0,"key":"SpeedPotion"},{"floor":17.0,"key":"DistilledChaos"},{"floor":18.0,"key":"DistilledChaos"}],"is_trial":false,"path_per_floor":["M","$","M","?","?","R","M","M","T","M","R","M","M","M","R_BF","B",null,"M","?","M","$","?","NM"],"character_chosen":"IRONCLAD","items_purchased":["Heavy Blade","Immolate","Blood Vial"],"campfire_rested":0,"item_purchase_floors":[2,21,21],"current_hp_per_floor":[80,80,74,74,74,74,77,70,70,55,55,58,61,43,43,14,85,83,83,30,30,9,0,0],"gold":121,"neow_bonus":"RANDOM_COLORLESS_2","is_daily":false,"chose_seed":false,"campfire_upgraded":1,"win_rate":0.0,"timestamp":1609022368,"path_taken":["M","$","M","?","?","R","M","?","T","M","R","M","M","M","R_BF","BOSS","M","?","?","$","?","NM"],"items_purchased_type":["Card","Card","Relic"],"build_version":"2020-12-22","purchased_purges":1,"victory":false,"max_hp_per_floor":[80,80,80,80,80,80,80,80,80,80,80,80,80,80,80,80,85,85,85,85,85,85,85,85],"card_choices":[{"not_picked":["Violence","Secret Technique"],"picked":"ReplayUltimateDefense","floor":0.0},{"not_picked":["Spot Weakness","Searing Blow"],"picked":"Bloodletting","floor":1.0},{"not_picked":["ReplayTheSpireMod:LeadingStrike","Rampage","Body Slam"],"picked":"SKIP","floor":3.0},{"not_picked":["Clash","Anger","Cleave"],"picked":"SKIP","floor":7.0},{"not_picked":["ReplayTheSpireMod:LeadingStrike","Feel No Pain"],"picked":"Infernal Blade","floor":8.0},{"not_picked":["Massacre","Flex","Thunderclap"],"picked":"SKIP","floor":10.0},{"not_picked":["Flex","Headbutt"],"picked":"Sword Boomerang","floor":12.0},{"not_picked":["Thunderclap","ReplayTheSpireMod:Strike From Hell","Reckless Charge"],"picked":"SKIP","floor":13.0},{"not_picked":["Barricade","Perfected Strike"],"picked":"Flame Barrier","floor":14.0},{"not_picked":["Corruption","Brutality"],"picked":"Demonic Infusion","floor":16.0},{"not_picked":["Defy Death","Twin Strike","ReplayTheSpireMod:LeadingStrike"],"picked":"SKIP","floor":18.0},{"not_picked":["Twin Strike","Headbutt"],"picked":"Heavy Blade","floor":20.0},{"not_picked":["Dropkick+1","Feel No Pain"],"picked":"Infernal Blade+1","floor":22.0}],"player_experience":68566,"relics_obtained":[{"floor":15.0,"key":"Toy Ornithopter"},{"floor":22.0,"key":"Regal Pillow"}],"event_choices":[{"damage_healed":0.0,"max_hp_gain":0.0,"max_hp_loss":0.0,"gold_gain":0.0,"cards_transformed":["Strike_R"],"event_name":"Transmorgrifier","player_choice":"Transformed","floor":5.0,"gold_loss":0.0,"damage_taken":0.0,"cards_obtained":["Reckless Charge"]},{"damage_healed":0.0,"max_hp_gain":0.0,"max_hp_loss":0.0,"gold_gain":0.0,"event_name":"The Woman in Blue","player_choice":"Bought 0 Potions","floor":19.0,"gold_loss":0.0,"damage_taken":0.0}],"is_beta":false,"boss_relics":[{"not_picked":["Runic Pyramid","Runic Cube"],"picked":"Tiny House"}],"items_purged_floors":[2],"is_endless":false,"potions_floor_spawned":[7,10,12,13,18],"killed_by":"Nightmare","ascension_level":0}}