{"host":"5dk97cf2ubw2v967","time":1609025278,"event":{"mods":["AlwaysNeverKeys","BaseMod","Better Altar","Better Vampires","Block Reminder","Colored Powertips","Downfall","Googly Eyes","Highlight Path","Minty Spire (QoL Compilation)","Permanent Neow","Potion Indicator Mod","Quick Restart","Relic Filter","Relic Stats","Say the Spire","Spicy Shops","StSLib","Waifu the Spire","everything is the same but u backflip on backflip"],"gold_per_floor":[116,127,0,19,19,19,47,60,84,84,102,116,142,42,42,117,117,132,152,152,152],"floor_reached":20,"playtime":936,"items_purged":["Strike_G","Strike_G"],"score":372,"play_id":"786226d0-0dd5-439a-84bd-64cb114715ef","local_time":"20201226232758","is_ascension_mode":true,"campfire_choices":[{"data":"Glass Knife","floor":6.0,"key":"SMITH"},{"data":"Poisoned Stab","floor":10.0,"key":"SMITH"},{"floor":15,"key":"REST"}],"circlet_count":0,"master_deck":["AscendersBane","Strike_G","Strike_G","Strike_G","Defend_G","Defend_G","Defend_G","Defend_G","Defend_G","Survivor","Neutralize","Poisoned Stab","Glass Knife+1","Poisoned Stab+1","Deadly Poison","Deadly Poison","Distraction","Blur","Envenom","Doppelganger"],"relics":["SlaversCollar","Art of War","Lantern","Akabeko","Fusion Hammer"],"acts_visited":["Exordium","TheCity"],"potions_floor_usage":[18,20,20],"damage_taken":[{"damage":5.0,"enemies":"Cultist","floor":1.0,"turns":5.0},{"damage":2.0,"enemies":"2 Louse","floor":2.0,"turns":4.0},{"damage":0.0,"enemies":"Jaw Worm","floor":4.0,"turns":2.0},{"damage":5.0,"enemies":"3 Sentries","floor":7.0,"turns":5.0},{"damage":7.0,"enemies":"Looter","floor":8.0,"turns":3.0},{"damage":3.0,"enemies":"Exordium Wildlife","floor":11.0,"turns":4.0},{"damage":9.0,"enemies":"Gremlin Gang","floor":12.0,"turns":5.0},{"damage":12,"enemies":"Lagavulin","floor":13,"turns":5},{"damage":7,"enemies":"The Guardian","floor":16,"turns":8},{"damage":25,"enemies":"Shell Parasite","floor":18,"turns":6},{"damage":12,"enemies":"Spheric Guardian","floor":19,"turns":4},{"damage":16,"enemies":"Cultist and Chosen","floor":20,"turns":7}],"seed_played":"-7397975075230063917","potions_obtained":[{"floor":2.0,"key":"Slimebound:ThreeZeroPotion"},{"floor":5.0,"key":"Fire Potion"},{"floor":11.0,"key":"GhostInAJar"},{"floor":12.0,"key":"Explosive Potion"},{"floor":19,"key":"Block Potion"}],"is_trial":false,"path_per_floor":["M","M","$","M","?","R","E","M","T","R","M","M","E","$","R","B",null,"M","M","M"],"character_chosen":"THE_SILENT","items_purchased":["Poisoned Stab"],"campfire_rested":1,"item_purchase_floors":[3],"current_hp_per_floor":[54,52,52,52,52,52,47,40,40,40,37,28,16,16,35,28,57,32,20,4,4],"gold":152,"neow_bonus":"BOSS_RELIC","is_daily":false,"chose_seed":false,"campfire_upgraded":2,"win_rate":0.0,"timestamp":1609025278,"path_taken":["M","M","$","M","?","R","E","M","T","R","M","M","E","?","R","BOSS","M","M","M"],"items_purchased_type":["Card"],"build_version":"2020-12-22","purchased_purges":2,"victory":false,"max_hp_per_floor":[66,66,66,66,66,66,66,66,66,66,66,66,66,66,66,66,66,66,66,66,66],"relic_stats":{"counters":[12,58],"Art of War":[5],"obtain_stats":[{"SlaversCollar":0,"Lantern":9,"Fusion Hammer":17,"Art of War":7,"Akabeko":13,"Ring of the Snake":0},{"SlaversCollar":0,"Lantern":5,"Fusion Hammer":9,"Art of War":4,"Akabeko":8,"Ring of the Snake":0},{"SlaversCollar":0,"Lantern":19,"Fusion Hammer":41,"Art of War":16,"Akabeko":33,"Ring of the Snake":0}]},"card_choices":[{"not_picked":["Flying Knee","Deadly Poison"],"picked":"Poisoned Stab","floor":1.0},{"not_picked":["Distraction","Concentrate"],"picked":"Glass Knife","floor":2.0},{"not_picked":["Sucker Punch","Dodge and Roll"],"picked":"Deadly Poison","floor":4.0},{"not_picked":["Riddle With Holes","Masterful Stab"],"picked":"Deadly Poison","floor":7.0},{"not_picked":["PiercingWail","Cloak And Dagger"],"picked":"Distraction","floor":8.0},{"not_picked":["Cloak And Dagger","PiercingWail","Quick Slash"],"picked":"SKIP","floor":11.0},{"not_picked":["Dagger Spray","Outmaneuver"],"picked":"Blur","floor":12.0},{"not_picked":["Deflect","Accuracy"],"picked":"Envenom","floor":13},{"not_picked":["Storm of Steel","Phantasmal Killer"],"picked":"Doppelganger","floor":16},{"not_picked":["Blade Dance","Heel Hook","Slice"],"picked":"SKIP","floor":18},{"not_picked":["Underhanded Strike","Finisher","Prepared"],"picked":"SKIP","floor":19}],"player_experience":1259681,"relics_obtained":[{"floor":7.0,"key":"Art of War"},{"floor":9.0,"key":"Lantern"},{"floor":13,"key":"Akabeko"}],"event_choices":[{"damage_healed":0.0,"max_hp_gain":0.0,"max_hp_loss":0.0,"gold_gain":0.0,"event_name":"Lab","player_choice":"Got Potions","floor":5.0,"gold_loss":0.0,"damage_taken":0.0}],"is_beta":false,"boss_relics":[{"not_picked":["Velvet Choker","HoveringKite"],"picked":"Fusion Hammer"}],"items_purged_floors":[3,14],"is_endless":false,"potions_floor_spawned":[2,11,12,13,19],"killed_by":"Cultist and Chosen","ascension_level":20}}