{"host":"93n4kdg5le7r8dks","time":1609011442,"event":{"mods":["AlwaysNeverKeys","BaseMod","Better Note","Better Sensory Stone","Better Skull","Better Third Choice","Block Reminder","Colored Map","Colored Powertips","DeckTracker","Lobotomy","Minty Spire (QoL Compilation)","Quick Restart","StSLib"],"gold_per_floor":[115,127,141,160,179,179,189,264,264,278,296,296,310,326,326,431,431,441,459,474,484,497,497,497,497,523,523,523],"floor_reached":27,"playtime":1277,"items_purged":[],"score":265,"play_id":"5a46a224-c030-4d74-b3a7-f4ec9d4aba09","local_time":"20201226133722","is_ascension_mode":false,"campfire_choices":[],"circlet_count":0,"master_deck":["SpecialBullet","SpecialBullet","SpecialBullet","SpecialBullet","SpecialBullet","SpecialBullet","SpecialBullet","SecurityCode","Bloodbath","Gaze","OSAHOGD","OldLady","BlackSwan_ego","PunishingBird","FeatherOfHonor","WallGazer","InTheNameOfLoveAndHate","Scorched","ShedSkin","QueenOfHatred","Justitia","FieryBird","DreamingCurrent","DaCapo","Soda+1","Adoration","WhiteNight","FourthMatchFlame","HereticApostle","Clumsy"],"relics":["CogitoBucket","LuminousBracelet","Pantograph","Cursed Key","ChangeAnything","Boot"],"acts_visited":["Exordium","TheCity"],"potions_floor_usage":[22,27,27,27],"damage_taken":[{"damage":11.0,"enemies":"Jaw Worm","floor":1.0,"turns":2.0},{"damage":10.0,"enemies":"Small Slimes","floor":2.0,"turns":2.0},{"damage":6.0,"enemies":"Cultist","floor":3.0,"turns":3.0},{"damage":15.0,"enemies":"2 Fungi Beasts","floor":4.0,"turns":3.0},{"damage":18.0,"enemies":"3 Louse","floor":5.0,"turns":4.0},{"damage":33.0,"enemies":"Exordium Thugs","floor":7.0,"turns":4.0},{"damage":18.0,"enemies":"Looter","floor":10.0,"turns":3.0},{"damage":0.0,"enemies":"Exordium Wildlife","floor":11.0,"turns":1.0},{"damage":37.0,"enemies":"3 Louse","floor":13.0,"turns":2.0},{"damage":13.0,"enemies":"Blue Slaver","floor":14.0,"turns":3.0},{"damage":65.0,"enemies":"Slime Boss","floor":16.0,"turns":10.0},{"damage":105,"enemies":"Spheric Guardian","floor":18,"turns":7},{"damage":34,"enemies":"Shell Parasite","floor":19,"turns":7},{"damage":32,"enemies":"Snecko","floor":20,"turns":6},{"damage":55,"enemies":"3 Cultists","floor":21,"turns":4},{"damage":41,"enemies":"Snake Plant","floor":22,"turns":3},{"damage":124,"enemies":"Snecko","floor":27,"turns":3}],"seed_played":"3347688229709077548","potions_obtained":[{"floor":3.0,"key":"Regen Potion"},{"floor":11.0,"key":"PowerPotion"},{"floor":13.0,"key":"LiquidMemories"},{"floor":14.0,"key":"Block Potion"},{"floor":16.0,"key":"Block Potion"},{"floor":19,"key":"Dexterity Potion"},{"floor":21,"key":"Energy Potion"},{"floor":22,"key":"PowerPotion"}],"is_trial":false,"path_per_floor":["M","M","M","M","M","R","M","?","T","M","M","R","M","M","R","B",null,"M","M","M","M","M","R","?","?","T","M"],"character_chosen":"Angela","items_purchased":[],"campfire_rested":0,"item_purchase_floors":[],"current_hp_per_floor":[74,73,76,69,60,60,50,39,39,37,49,49,26,37,37,91,108,92,108,108,89,95,95,95,67,67,0,0],"gold":523,"neow_bonus":"TEN_PERCENT_HP_BONUS","is_daily":false,"chose_seed":false,"campfire_upgraded":0,"win_rate":0.0,"timestamp":1609011442,"path_taken":["M","M","M","M","M","R","M","?","T","M","M","R","M","M","R","BOSS","M","M","M","M","M","R","?","?","T","M"],"items_purchased_type":[],"build_version":"2020-12-13","purchased_purges":0,"victory":false,"max_hp_per_floor":[77,77,77,77,77,77,92,92,92,96,100,100,100,104,104,108,108,108,108,108,108,112,112,112,117,117,117,117],"card_choices":[{"not_picked":["MeatLantern","Yin"],"picked":"Bloodbath","floor":1.0},{"not_picked":["Regret_ego"],"picked":"Gaze","floor":1.0},{"not_picked":["PunishingBird","BigBadWolf"],"picked":"OSAHOGD","floor":2.0},{"not_picked":["SolemnVow","Tough"],"picked":"SKIP","floor":2.0},{"not_picked":["LittlePrince","Murderer"],"picked":"OldLady","floor":3.0},{"not_picked":["CherryBlossom"],"picked":"BlackSwan_ego","floor":3.0},{"not_picked":["LaLuna","HappyTeddy"],"picked":"PunishingBird","floor":4.0},{"not_picked":["RapturousDream"],"picked":"FeatherOfHonor","floor":4.0},{"not_picked":["SpiderBud","CherryBlossoms"],"picked":"WallGazer","floor":5.0},{"not_picked":["Discord"],"picked":"InTheNameOfLoveAndHate","floor":5.0},{"not_picked":["CherryBlossom","LifeForTheDareDevil"],"picked":"SKIP","floor":7.0},{"not_picked":["CherryBlossoms","BigBird"],"picked":"Scorched","floor":10.0},{"not_picked":["Regret_ego"],"picked":"ShedSkin","floor":10.0},{"not_picked":["CrumblingArmor","MHz"],"picked":"QueenOfHatred","floor":11.0},{"not_picked":["CherryBlossom"],"picked":"Justitia","floor":11.0},{"not_picked":["TodaysExpression","RapturousDream"],"picked":"SKIP","floor":13.0},{"not_picked":["GalaxyChild","MeatLantern"],"picked":"FieryBird","floor":14.0},{"not_picked":["ShedSkin","CherryBlossom"],"picked":"SKIP","floor":14.0},{"not_picked":["MHz","SpiderBud"],"picked":"DreamingCurrent","floor":16.0},{"not_picked":["Justitia"],"picked":"DaCapo","floor":16.0},{"not_picked":["Spore"],"picked":"Soda+1","floor":18},{"not_picked":["RedEyes","Galaxy"],"picked":"SKIP","floor":19},{"not_picked":["WristCuter","Reverberation"],"picked":"SKIP","floor":20},{"not_picked":["Regret_ego"],"picked":"Adoration","floor":21},{"not_picked":["LongBird","WhitesApple"],"picked":"WhiteNight","floor":22},{"not_picked":["Tough+1"],"picked":"FourthMatchFlame","floor":22}],"player_experience":80751,"relics_obtained":[{"floor":9.0,"key":"Pantograph"},{"floor":26,"key":"Boot"}],"event_choices":[{"damage_healed":0.0,"max_hp_gain":0.0,"max_hp_loss":0.0,"gold_gain":75.0,"event_name":"betterThird:BetterGoop","player_choice":"Gold","floor":8.0,"gold_loss":0.0,"damage_taken":11.0},{"cards_removed":["InTheNameOfLoveAndHate"],"damage_healed":0,"gold_gain":0,"player_choice":"Give","damage_taken":0,"max_hp_gain":0,"max_hp_loss":0,"event_name":"betterNote:BetterNote","floor":24,"gold_loss":0,"cards_obtained":["Strike_G"]},{"damage_healed":0,"gold_gain":0,"player_choice":"Shed Blood","damage_taken":28,"max_hp_gain":5,"max_hp_loss":0,"event_name":"Forgotten Altar","floor":25,"gold_loss":0}],"is_beta":false,"boss_relics":[{"not_picked":["Astrolabe","Calling Bell"],"picked":"Cursed Key"}],"items_purged_floors":[],"is_endless":false,"potions_floor_spawned":[3,11,13,14,16,19,21,22],"killed_by":"Snecko","ascension_level":0}}