{"host":"Brown Brick","time":1609002730,"event":{"mods":["BaseMod","Melee Mod","Minty Spire (QoL Compilation)","Rare Cards Sparkle","Relic Stats","Robot Space Explorer","StSLib","The Marked","Unceasing Turn Reminder","everything is the same but u backflip on backflip"],"gold_per_floor":[16,16,36,36,36,36,50,50,50,50,70,70,146,171,171,290,290,305,321,345,345,345],"floor_reached":21,"playtime":927,"items_purged":[],"score":221,"play_id":"a8deb320-a4a4-4525-aeaa-cc138eb3bf1d","local_time":"20201226181210","is_ascension_mode":false,"campfire_choices":[{"data":"theMarked:SoldierOfQuellstein","floor":6,"key":"SMITH"},{"data":"theMarked:Aftermath","floor":10,"key":"SMITH"},{"data":"theMarked:SwordAndMagic","floor":12,"key":"SMITH"},{"data":"theMarked:ContemptForTheProud","floor":15,"key":"SMITH"}],"circlet_count":0,"master_deck":["theMarked:Strike","theMarked:Strike","theMarked:Strike","theMarked:Strike","theMarked:Defend","theMarked:Defend","theMarked:Defend","theMarked:SoldierOfQuellstein+1","theMarked:ContemptForTheProud+1","theMarked:SwordAndMagic+1","Regret","theMarked:Aftermath+1","theMarked:BanishingStrike+1","theMarked:WardOff","theMarked:BanishingWave+1","theMarked:SoldierForm","theMarked:StartUp+1","theMarked:Panic"],"relics":["theMarked:ArtifactOfAir","Golden Idol","Vajra","Molten Egg 2","PreservedInsect","theMarked:Eyepatch"],"acts_visited":["Exordium","TheCity"],"potions_floor_usage":[18,21],"damage_taken":[{"damage":3,"enemies":"Small Slimes","floor":1,"turns":3},{"damage":0,"enemies":"2 Louse","floor":3,"turns":3},{"damage":3,"enemies":"Jaw Worm","floor":7,"turns":2},{"damage":13,"enemies":"Blue Slaver","floor":11,"turns":2},{"damage":0,"enemies":"Gremlin Nob","floor":13,"turns":2},{"damage":3,"enemies":"Exordium Thugs","floor":14,"turns":3},{"damage":2,"enemies":"Slime Boss","floor":16,"turns":4},{"damage":49,"enemies":"2 Thieves","floor":18,"turns":4},{"damage":15,"enemies":"Shell Parasite","floor":19,"turns":3},{"damage":0,"enemies":"Chosen and Byrds","floor":20,"turns":3},{"damage":6,"enemies":"Centurion and Healer","floor":21,"turns":2}],"seed_played":"8301495496053707493","potions_obtained":[{"floor":1,"key":"Ancient Potion"},{"floor":3,"key":"LiquidMemories"},{"floor":13,"key":"ColorlessPotion"},{"floor":20,"key":"DuplicationPotion"}],"is_trial":false,"path_per_floor":["M","?","M","?","?","R","M","?","T","R","M","R","?","M","R","B",null,"M","M","M","M"],"character_chosen":"THE_DEFAULT","items_purchased":[],"campfire_rested":0,"item_purchase_floors":[],"current_hp_per_floor":[67,50,50,50,50,50,47,47,47,47,34,34,34,31,31,29,70,21,6,6,0,0],"gold":345,"neow_bonus":"REMOVE_TWO","is_daily":false,"chose_seed":false,"campfire_upgraded":4,"win_rate":0.0,"timestamp":1609002730,"path_taken":["M","?","M","?","?","R","?","?","T","R","?","R","?","M","R","BOSS","M","M","M","M"],"items_purchased_type":[],"build_version":"2020-12-18","purchased_purges":0,"victory":false,"max_hp_per_floor":[70,70,70,70,70,70,70,70,70,70,70,70,70,70,70,70,70,70,70,70,70,70],"relic_stats":{"counters":[11,31],"Golden Idol":74,"PreservedInsect":21,"obtain_stats":[{"theMarked:ArtifactOfAir":0,"Golden Idol":2,"Vajra":5,"Molten Egg 2":8,"PreservedInsect":13,"theMarked:Eyepatch":17},{"theMarked:ArtifactOfAir":0,"Golden Idol":1,"Vajra":2,"Molten Egg 2":3,"PreservedInsect":4,"theMarked:Eyepatch":7},{"theMarked:ArtifactOfAir":0,"Golden Idol":3,"Vajra":6,"Molten Egg 2":8,"PreservedInsect":10,"theMarked:Eyepatch":19}]},"card_choices":[{"not_picked":["theMarked:Parkour","theMarked:RepellingDischarge"],"picked":"theMarked:ContemptForTheProud","floor":1},{"not_picked":["theMarked:WardOff","theMarked:MaelstromOfLightning"],"picked":"theMarked:SwordAndMagic","floor":3},{"not_picked":["theMarked:BanishingStrike","theMarked:EnhanceMovement"],"picked":"theMarked:Aftermath","floor":7},{"not_picked":["theMarked:Overcharge","theMarked:Parkour+1"],"picked":"theMarked:BanishingStrike+1","floor":11},{"not_picked":["theMarked:Parkour+1","theMarked:RepellingDischarge"],"picked":"theMarked:WardOff","floor":13},{"not_picked":["theMarked:ResourceFulStrike+1","theMarked:EnhancedHearing"],"picked":"theMarked:BanishingWave+1","floor":14},{"not_picked":["theMarked:MuscleMemory+1","theMarked:Snap+1"],"picked":"theMarked:SoldierForm","floor":16},{"not_picked":["theMarked:ShockingTouch+1","theMarked:Electrocute+1","theMarked:Parkour+1"],"picked":"SKIP","floor":18},{"not_picked":["theMarked:RepellingDischarge","theMarked:ComboAttacks"],"picked":"theMarked:StartUp+1","floor":19},{"not_picked":["theMarked:ChainLightning+1","theMarked:Aftermath"],"picked":"theMarked:Panic","floor":20}],"player_experience":642013,"relics_obtained":[],"event_choices":[{"damage_healed":0,"gold_gain":0,"player_choice":"Take Damage","damage_taken":17,"relics_obtained":["Golden Idol"],"max_hp_gain":0,"max_hp_loss":0,"event_name":"Golden Idol","floor":2,"gold_loss":0},{"damage_healed":0,"gold_gain":0,"player_choice":"Leave","damage_taken":0,"max_hp_gain":0,"max_hp_loss":0,"event_name":"The Cleric","floor":4,"gold_loss":0},{"damage_healed":0,"gold_gain":0,"player_choice":"Box","damage_taken":0,"relics_obtained":["Vajra"],"max_hp_gain":0,"max_hp_loss":0,"event_name":"Big Fish","floor":5,"gold_loss":0,"cards_obtained":["Regret"]},{"damage_healed":0,"gold_gain":0,"player_choice":"Gave Potion","damage_taken":0,"relics_obtained":["Molten Egg 2"],"max_hp_gain":0,"max_hp_loss":0,"event_name":"WeMeetAgain","floor":8,"gold_loss":0},{"damage_healed":0,"gold_gain":0,"player_choice":"Searched \u00272\u0027 times","damage_taken":0,"relics_obtained":["PreservedInsect"],"max_hp_gain":0,"max_hp_loss":0,"event_name":"Dead Adventurer","floor":13,"gold_loss":0}],"is_beta":true,"boss_relics":[{"not_picked":["Runic Pyramid","Runic Dome"],"picked":"theMarked:Eyepatch"}],"items_purged_floors":[],"is_endless":false,"potions_floor_spawned":[1,3,13,20],"killed_by":"Centurion and Healer","ascension_level":0}}