{"host":"rkizb0bayd67deyv","time":1609003232,"event":{"mods":["2.2 Compatiblity","AchievementEnabler","Astrologer","BaseMod","Beaked The Cultist","BetterRewards","CapriCore","Colored Map","Colored Powertips","GifTheSpireLib","Gremlin Mod","KinomotoSakuraMod(ñÿîVñ{?)","Koishi","Mad Scientist","MarisaÅiñ∂âJÅ@ñÇóùçπÅj","Minty Spire (QoL Compilation)","Quick Restart","StSLib","SuperFastMode","The Bladedancer","The Cursed","The Death Knight","The Immortal","The Mystic","The Poker Player","Unknown Chances","YoumuÅiç∞ÈÆódöÎÅj"],"gold_per_floor":[110,122,135,85,100,100,126,126,151,167,201,213,19,46,46,150,150,165,265,277,3,21,50,50,76,76,96,96,124,124,142,142,240,240,256,256,256,284,295,295,312,337,337,337,353,381,393,416,416,416],"floor_reached":51,"playtime":1220,"items_purged":["Gremlin:Strike","Gremlin:Defend","Gremlin:Strike"],"score":1851,"play_id":"606d37ac-70b0-4ca1-9722-35b560d949ec","local_time":"20201227022032","is_ascension_mode":true,"campfire_choices":[{"data":"Gremlin:GremlinMeal","floor":6.0,"key":"SMITH"},{"data":"Gremlin:GremlinMeal","floor":8.0,"key":"SMITH"},{"data":"Gremlin:RageBreak","floor":15.0,"key":"SMITH"},{"data":"Gremlin:Unforgiving","floor":24.0,"key":"SMITH"},{"data":"Gremlin:GremlinMeal","floor":30,"key":"SMITH"},{"data":"Gremlin:GremlinMeal","floor":32,"key":"SMITH"},{"data":"Master of Strategy","floor":40,"key":"SMITH"},{"data":"Gremlin:Erupt","floor":44,"key":"SMITH"},{"data":"Gremlin:Fury","floor":49,"key":"SMITH"}],"circlet_count":0,"master_deck":["Gremlin:Strike","Gremlin:Strike","Gremlin:Defend","Gremlin:Defend","Gremlin:TagTeam","Gremlin:GremlinDance","Gremlin:GremlinMeal+1","Master of Strategy","Gremlin:GlitterGuard","Gremlin:TwistTheKnife","Gremlin:ProperTools","Gremlin:GremlinMeal+1","Gremlin:TwistTheKnife","Gremlin:Fury+1","Gremlin:Flurry+1","Gremlin:GlitterGuard","Gremlin:Pinprick","Gremlin:RageBreak+1","Gremlin:Unforgiving+1","Gremlin:TwistTheKnife+1","Gremlin:Fury+1","Master of Strategy+1","Gremlin:Pinprick+1","Gremlin:GremlinMeal+1","Gremlin:GremlinMeal+1","Gremlin:Erupt+1","Gremlin:Raid+1"],"relics":["Gremlin:GremlinKnob","Gremlin:PricklyShields","Calipers","Prayer Wheel","Bag of Marbles","Lantern","MawBank","MealTicket","Tiny Chest","Black Star","Membership Card","Bag of Preparation","Matryoshka","Potion Belt","HornCleat","Boot","Anchor","Bottled Lightning","beaked:MawFillet","Orichalcum","Molten Egg 2","Ornamental Fan","Turnip","Question Card","Kunai","Toxic Egg 2","Omamori","Whetstone","Happy Flower"],"acts_visited":["Exordium","TheCity","TheBeyond"],"potions_floor_usage":[50,50,50,50,50],"damage_taken":[{"damage":0.0,"enemies":"Cultist","floor":1.0,"turns":4.0},{"damage":0.0,"enemies":"Jaw Worm","floor":2.0,"turns":2.0},{"damage":0.0,"enemies":"Small Slimes","floor":3.0,"turns":2.0},{"damage":3.0,"enemies":"Exordium Wildlife","floor":5.0,"turns":2.0},{"damage":0.0,"enemies":"Gremlin Nob","floor":7.0,"turns":2.0},{"damage":0.0,"enemies":"2 Fungi Beasts","floor":10.0,"turns":1.0},{"damage":8.0,"enemies":"Lagavulin","floor":11.0,"turns":5.0},{"damage":1.0,"enemies":"3 Sentries","floor":14.0,"turns":4.0},{"damage":4.0,"enemies":"Slime Boss","floor":16.0,"turns":6.0},{"damage":0.0,"enemies":"2 Thieves","floor":18.0,"turns":2.0},{"damage":0.0,"enemies":"Chosen","floor":20.0,"turns":1.0},{"damage":0.0,"enemies":"3 Cultists","floor":22.0,"turns":3.0},{"damage":5.0,"enemies":"Gremlin Leader","floor":23.0,"turns":2.0},{"damage":0.0,"enemies":"Slavers","floor":25.0,"turns":2.0},{"damage":0.0,"enemies":"Shelled Parasite and Fungi","floor":27.0,"turns":1.0},{"damage":0,"enemies":"Gremlin Leader","floor":29,"turns":1},{"damage":0,"enemies":"Snake Plant","floor":31,"turns":1},{"damage":2,"enemies":"Automaton","floor":33,"turns":3},{"damage":0,"enemies":"3 Shapes","floor":35,"turns":1},{"damage":0,"enemies":"Reptomancer","floor":38,"turns":1},{"damage":0,"enemies":"Orb Walker","floor":39,"turns":1},{"damage":0,"enemies":"Maw","floor":41,"turns":3},{"damage":0,"enemies":"Nemesis","floor":42,"turns":1},{"damage":0,"enemies":"Writhing Mass","floor":45,"turns":1},{"damage":0,"enemies":"Giant Head","floor":46,"turns":1},{"damage":0,"enemies":"Transient","floor":47,"turns":4},{"damage":0,"enemies":"Awakened One","floor":50,"turns":5}],"seed_played":"-9047189070095873067","potions_obtained":[{"floor":2.0,"key":"FearPotion"},{"floor":3.0,"key":"Ancient Potion"},{"floor":11.0,"key":"CultistPotion"},{"floor":20.0,"key":"Weak Potion"},{"floor":31,"key":"Strength Potion"},{"floor":38,"key":"Block Potion"}],"is_trial":false,"path_per_floor":["M","M","M","?","M","R","E","R","T","M","E","?","$","E","R","B",null,"M","?","M","$","M","E","R","E","T","M","?","E","R","M","R","B",null,"M","T","?","E","M","R","M","E","T","R","M","E","M","T","R","B",null],"character_chosen":"GREMLIN","items_purchased":["Gremlin:GremlinMeal","Master of Strategy","SteroidPotion","Gremlin:RageBreak","Membership Card","Gremlin:Fury","Master of Strategy"],"campfire_rested":0,"item_purchase_floors":[0,0,0,13,21,21,21],"current_hp_per_floor":[6,20,20,20,17,17,17,17,17,20,12,9,20,16,16,20,20,19,19,20,20,18,20,20,20,20,11,11,19,19,19,19,20,20,20,20,20,20,20,20,20,20,20,20,20,20,20,20,20,20],"gold":416,"neow_bonus":"","is_daily":false,"chose_seed":false,"campfire_upgraded":9,"win_rate":0.0,"timestamp":1609003232,"path_taken":["M","?","M","?","M","R","E","R","T","M","E","?","?","E","R","BOSS","M","?","M","$","?","E","R","E","T","M","?","E","R","M","R","BOSS","M","?","?","E","M","R","?","E","T","R","M","E","M","?","R","BOSS"],"items_purchased_type":["Card","Card","Potion","Card","Relic","Card","Card"],"build_version":"2020-12-22","purchased_purges":3,"victory":true,"max_hp_per_floor":[20,20,20,20,20,20,20,20,20,20,20,20,20,20,20,20,20,20,20,20,20,20,20,20,20,20,20,20,20,20,20,20,20,20,20,20,20,20,20,20,20,20,20,20,20,20,20,20,20,20],"card_choices":[{"not_picked":["Gremlin:ArmsTheft","Gremlin:Rhythm"],"picked":"Gremlin:GlitterGuard","floor":1.0},{"not_picked":["Gremlin:Tricksy","Gremlin:Tadah","Gremlin:Pretaliation"],"picked":"SKIP","floor":1.0},{"not_picked":["Gremlin:Tadah","Gremlin:PourSalt"],"picked":"Gremlin:TwistTheKnife","floor":2.0},{"not_picked":["Gremlin:Whiz","Gremlin:Jeer"],"picked":"Gremlin:ProperTools","floor":2.0},{"not_picked":["Gremlin:TwistTheKnife","Gremlin:Patsy"],"picked":"Gremlin:GremlinMeal","floor":3.0},{"not_picked":["Gremlin:FeelTheAudience","Gremlin:Tadah"],"picked":"Gremlin:TwistTheKnife","floor":3.0},{"not_picked":["Gremlin:Patsy","Gremlin:Whiz"],"picked":"Gremlin:Fury","floor":5.0},{"not_picked":["Gremlin:ToeStub","Gremlin:Irritability"],"picked":"Gremlin:Flurry","floor":5.0},{"not_picked":["Gremlin:DaggerDance","Gremlin:FanOfKnives","Gremlin:Patsy"],"picked":"SKIP","floor":7.0},{"not_picked":["Gremlin:Tadah","Gremlin:DaggerDance"],"picked":"Gremlin:GlitterGuard","floor":10.0},{"not_picked":["Gremlin:Polish","Gremlin:BulkUp","Gremlin:BubbleBarrier"],"picked":"SKIP","floor":10.0},{"not_picked":["Gremlin:MakeshiftArmor","Gremlin:TwistTheKnife"],"picked":"Gremlin:Pinprick","floor":11.0},{"not_picked":["Gremlin:DaggerDance","Gremlin:BrokenShin","Gremlin:Irritability"],"picked":"SKIP","floor":14.0},{"not_picked":["Gremlin:Erupt","Gremlin:ShadowShiv"],"picked":"Gremlin:Unforgiving","floor":16.0},{"not_picked":["Gremlin:FeelTheAudience","Gremlin:Raid"],"picked":"Gremlin:TwistTheKnife+1","floor":18.0},{"not_picked":["Gremlin:Jeer","Gremlin:Tadah","Gremlin:Dazzle+1"],"picked":"SKIP","floor":18.0},{"not_picked":["Gremlin:PourSalt","Gremlin:Pinprick","Gremlin:Glimmer"],"picked":"SKIP","floor":20.0},{"not_picked":["Gremlin:Patsy","Gremlin:BurlyBlow+1","Gremlin:Whiz"],"picked":"SKIP","floor":20.0},{"not_picked":["Gremlin:ToeStub","Gremlin:BurlyBlow+1"],"picked":"Gremlin:Pinprick+1","floor":22.0},{"not_picked":["Gremlin:TwistTheKnife","Gremlin:Polish","Gremlin:InfiniteBlocks"],"picked":"SKIP","floor":22.0},{"not_picked":["Gremlin:Patsy","Gremlin:InfiniteBlocks"],"picked":"Gremlin:GremlinMeal","floor":23.0},{"not_picked":["Gremlin:TwistTheKnife","Gremlin:ShadowShiv","Gremlin:SharpenBlades"],"picked":"SKIP","floor":25.0},{"not_picked":["Gremlin:GremlinOffensive","Gremlin:Glimmer","Gremlin:Tadah"],"picked":"SKIP","floor":27.0},{"not_picked":["Gremlin:PourSalt","Gremlin:Tadah","Gremlin:RageBreak"],"picked":"SKIP","floor":27.0},{"not_picked":["Gremlin:BulkUp","Gremlin:Presto+1"],"picked":"Gremlin:GremlinMeal","floor":29},{"not_picked":["Gremlin:Necromancy","Gremlin:Astound","Gremlin:Changeo"],"picked":"SKIP","floor":31},{"not_picked":["Gremlin:Stupend","Gremlin:Tadah","Gremlin:Enthusiasm"],"picked":"SKIP","floor":31},{"not_picked":["Gremlin:Exacerbate","Gremlin:ShowStopper"],"picked":"Gremlin:Erupt","floor":33},{"not_picked":["Gremlin:FeelTheAudience+1","Gremlin:Presto+1","Gremlin:Jeer+1"],"picked":"SKIP","floor":35},{"not_picked":["Gremlin:DaggerDance+1","Gremlin:BurlyBlow","Gremlin:Dazzle"],"picked":"SKIP","floor":35},{"not_picked":["Gremlin:Astound","Gremlin:GremlinArms","Gremlin:Presto+1"],"picked":"SKIP","floor":38},{"not_picked":["Gremlin:Presto+1","Gremlin:Pinprick+1"],"picked":"Gremlin:Raid+1","floor":39},{"not_picked":["Gremlin:Raid+1","Gremlin:Glimmer+1","Gremlin:Kablamo+1"],"picked":"SKIP","floor":39},{"not_picked":["Gremlin:PourSalt+1","Gremlin:Irritability","Gremlin:Pinprick+1"],"picked":"SKIP","floor":41},{"not_picked":["Gremlin:FlipOut+1","Gremlin:Irritability+1","Gremlin:Jeer+1"],"picked":"SKIP","floor":41},{"not_picked":["Gremlin:PourSalt+1","Gremlin:BurlyBlow+1","Gremlin:ShankStone"],"picked":"SKIP","floor":42},{"not_picked":["Gremlin:Glimmer+1","Gremlin:BulkUp+1","Gremlin:GremlinOffensive+1","Gremlin:InfiniteBlocks"],"picked":"SKIP","floor":45},{"not_picked":["Gremlin:Jeer+1","Gremlin:GremlinArms+1","Gremlin:BrokenShin+1","Gremlin:RageBreak+1"],"picked":"SKIP","floor":45},{"not_picked":["Gremlin:BubbleBarrier+1","Gremlin:Presto+1","Gremlin:ShowOfHands+1","Gremlin:Tadah+1"],"picked":"SKIP","floor":46},{"not_picked":["Gremlin:CounterStrike+1","Gremlin:GremlinOffensive+1","Gremlin:ToeStub+1","Gremlin:Tadah+1"],"picked":"SKIP","floor":47},{"not_picked":["Gremlin:PourSalt+1","Gremlin:CatScratch+1","Gremlin:TwistTheKnife+1","Gremlin:Dazzle+1"],"picked":"SKIP","floor":47}],"player_experience":283038,"relics_obtained":[{"floor":7.0,"key":"Bag of Marbles"},{"floor":9.0,"key":"Lantern"},{"floor":11.0,"key":"MawBank"},{"floor":14.0,"key":"Tiny Chest"},{"floor":23.0,"key":"Bag of Preparation"},{"floor":23.0,"key":"Matryoshka"},{"floor":25.0,"key":"Potion Belt"},{"floor":25.0,"key":"HornCleat"},{"floor":26.0,"key":"Boot"},{"floor":26.0,"key":"Anchor"},{"floor":29,"key":"Bottled Lightning"},{"floor":36,"key":"Orichalcum"},{"floor":36,"key":"Molten Egg 2"},{"floor":38,"key":"Ornamental Fan"},{"floor":38,"key":"Turnip"},{"floor":42,"key":"Question Card"},{"floor":42,"key":"Kunai"},{"floor":43,"key":"Toxic Egg 2"},{"floor":46,"key":"Omamori"},{"floor":46,"key":"Whetstone"},{"floor":48,"key":"Happy Flower"}],"event_choices":[{"cards_removed":["Gremlin:BubbleBarrier"],"damage_healed":0.0,"max_hp_gain":0.0,"max_hp_loss":0.0,"gold_gain":0.0,"event_name":"The Cleric","player_choice":"Card Removal","floor":4.0,"gold_loss":50.0,"damage_taken":0.0},{"damage_healed":0.0,"max_hp_gain":0.0,"max_hp_loss":0.0,"gold_gain":0.0,"event_name":"Scrap Ooze","player_choice":"Success","floor":12.0,"gold_loss":0.0,"damage_taken":3.0,"relics_obtained":["MealTicket"]},{"damage_healed":0.0,"max_hp_gain":0.0,"max_hp_loss":0.0,"gold_gain":100.0,"event_name":"Golden Shrine","player_choice":"Pray","floor":19.0,"gold_loss":0.0,"damage_taken":0.0},{"cards_removed":["Gremlin:Defend"],"damage_healed":0,"gold_gain":0,"player_choice":"Purged","damage_taken":0,"max_hp_gain":0,"max_hp_loss":0,"event_name":"Purifier","floor":37,"gold_loss":0}],"is_beta":false,"boss_relics":[{"not_picked":["Runic Dome","Busted Crown"],"picked":"Black Star"},{"not_picked":["Fusion Hammer","Astrolabe"],"picked":"beaked:MawFillet"}],"items_purged_floors":[0,0,13],"is_endless":false,"potions_floor_spawned":[2,3,11,14,20,22,29,31,38,41,42,47],"ascension_level":9}}