{"host":"oiai0qxasotny765","time":1609008944,"event":{"mods":["2.2 Compatiblity","AchievementEnabler","BaseMod","Colored Map","Minty Spire (QoL Compilation)","Permanent Neow","Relic Stats","StSLib","SuperFastMode","everything is the same but u backflip on backflip"],"gold_per_floor":[13,30,30,30,30,30,46,46,72,147,191,116,116,116],"floor_reached":13,"playtime":217,"items_purged":[],"score":154,"play_id":"6b86a223-4780-438e-9e14-4924668a6744","local_time":"20201227035544","is_ascension_mode":true,"campfire_choices":[{"data":"Deadly Poison","floor":6,"key":"SMITH"},{"floor":8,"key":"REST"}],"circlet_count":0,"master_deck":["AscendersBane","Strike_G","Strike_G","Strike_G","Defend_G","Defend_G","Defend_G","Survivor","Neutralize","Deadly Poison+1","Dagger Spray","Dash","Catalyst"],"relics":["Ring of the Snake","Golden Idol","Bronze Scales","Juzu Bracelet","Blue Candle"],"acts_visited":["Exordium"],"potions_floor_usage":[11],"damage_taken":[{"damage":4,"enemies":"Small Slimes","floor":1,"turns":4},{"damage":0,"enemies":"2 Louse","floor":2,"turns":3},{"damage":3,"enemies":"Jaw Worm","floor":7,"turns":3},{"damage":12,"enemies":"Lagavulin","floor":11,"turns":6},{"damage":31,"enemies":"Gremlin Nob","floor":13,"turns":4}],"seed_played":"8790890554925729462","potions_obtained":[{"floor":1,"key":"Weak Potion"},{"floor":2,"key":"FairyPotion"}],"is_trial":false,"path_per_floor":["M","M","?","?","?","R","M","R","T","?","E","?","E"],"character_chosen":"THE_SILENT","items_purchased":[],"campfire_rested":1,"item_purchase_floors":[],"current_hp_per_floor":[55,55,55,20,20,20,17,35,35,24,12,12,0,0],"gold":116,"neow_bonus":"REMOVE_TWO","is_daily":false,"chose_seed":false,"campfire_upgraded":1,"win_rate":0.0,"timestamp":1609008944,"path_taken":["M","M","?","?","?","R","M","R","T","?","E","?","E"],"items_purchased_type":[],"build_version":"2020-12-22","purchased_purges":0,"victory":false,"max_hp_per_floor":[66,66,60,60,60,60,60,60,60,60,60,60,60,60],"relic_stats":{"counters":[5,20],"Golden Idol":12,"Bronze Scales":[18],"Blue Candle":[0],"Juzu Bracelet":1,"obtain_stats":[{"Golden Idol":3,"Bronze Scales":4,"Blue Candle":11,"Juzu Bracelet":9,"Ring of the Snake":0},{"Golden Idol":2,"Bronze Scales":2,"Blue Candle":4,"Juzu Bracelet":3,"Ring of the Snake":0},{"Golden Idol":7,"Bronze Scales":7,"Blue Candle":16,"Juzu Bracelet":10,"Ring of the Snake":0}],"Ring of the Snake":[10]},"card_choices":[{"not_picked":["Underhanded Strike","Quick Slash"],"picked":"Deadly Poison","floor":1},{"not_picked":["Terror","Bane"],"picked":"Dagger Spray","floor":2},{"not_picked":["Bane","Blade Dance"],"picked":"Dash","floor":7},{"not_picked":["Deadly Poison","Prepared"],"picked":"Catalyst","floor":11}],"player_experience":285792,"relics_obtained":[{"floor":9,"key":"Juzu Bracelet"},{"floor":11,"key":"Blue Candle"}],"event_choices":[{"damage_healed":0,"gold_gain":0,"player_choice":"Lose Max HP","damage_taken":0,"relics_obtained":["Golden Idol"],"max_hp_gain":0,"max_hp_loss":6,"event_name":"Golden Idol","floor":3,"gold_loss":0},{"damage_healed":0,"gold_gain":0,"player_choice":"Success","damage_taken":35,"relics_obtained":["Bronze Scales"],"max_hp_gain":0,"max_hp_loss":0,"event_name":"Scrap Ooze","floor":4,"gold_loss":0},{"cards_removed":["Strike_G"],"damage_healed":0,"gold_gain":0,"player_choice":"Forget","damage_taken":0,"max_hp_gain":0,"max_hp_loss":0,"event_name":"Living Wall","floor":5,"gold_loss":0},{"damage_healed":0,"gold_gain":75,"player_choice":"Gather Gold","damage_taken":11,"max_hp_gain":0,"max_hp_loss":0,"event_name":"World of Goop","floor":10,"gold_loss":0},{"cards_removed":["Defend_G"],"damage_healed":0,"gold_gain":0,"player_choice":"Card Removal","damage_taken":0,"max_hp_gain":0,"max_hp_loss":0,"event_name":"The Cleric","floor":12,"gold_loss":75}],"is_beta":false,"boss_relics":[],"items_purged_floors":[],"is_endless":false,"potions_floor_spawned":[1,2],"killed_by":"Gremlin Nob","ascension_level":18}}