{"host":"qwv9nni2x0umspiu","time":1609023517,"event":{"mods":["BaseMod","Downfall","Minty Spire (QoL Compilation)","Replay The Spire","StSLib","The Hierophant","Wandering Minibosses"],"gold_per_floor":[115,126,69,69,69,95,95,95,95,120,120,119,99,111,111,61,61],"floor_reached":16,"playtime":648,"items_purged":[],"score":282,"play_id":"f8e77f13-e68c-4430-921f-a94110958788","local_time":"20201226145837","is_ascension_mode":true,"campfire_choices":[{"data":"hierophant:HammerAndAnvil","floor":8,"key":"SMITH"},{"data":"hierophant:Zeal","floor":11,"key":"SMITH"},{"floor":15,"key":"REST"}],"circlet_count":0,"master_deck":["AscendersBane","hierophant:Strike_Hierophant","hierophant:Strike_Hierophant","hierophant:Strike_Hierophant","hierophant:Strike_Hierophant","hierophant:Punish+1","hierophant:Defend_Hierophant","hierophant:Defend_Hierophant","hierophant:Defend_Hierophant","hierophant:Defend_Hierophant","hierophant:ChurchCoffers+1","hierophant:HammerAndAnvil+1","hierophant:Zeal+1","hierophant:Shelter","hierophant:Chorus"],"relics":["hierophant:PropheticMaskRelic","NeowsBlessing","Replay:WaspNest","Iron Hammer","Tiny Chest","Replay:Accelerometer"],"acts_visited":["Exordium"],"potions_floor_usage":[16,16],"damage_taken":[{"damage":0,"enemies":"Jaw Worm","floor":1,"turns":1},{"damage":0,"enemies":"Small Slimes","floor":2,"turns":1},{"damage":0,"enemies":"3 Sentries","floor":6,"turns":1},{"damage":27,"enemies":"Replay:BlueRogue","floor":10,"turns":8},{"damage":32,"enemies":"Lagavulin","floor":12,"turns":7},{"damage":3,"enemies":"2 Louse","floor":14,"turns":3},{"damage":15,"enemies":"Hexaghost","floor":16,"turns":9}],"seed_played":"-6447761934901381762","potions_obtained":[{"floor":10,"key":"BlessingOfTheForge"},{"floor":12,"key":"Elixir"}],"is_trial":false,"path_per_floor":["M","M","$","?","?","E","?","R","T","E","R","E","?","M","R","B"],"character_chosen":"HIEROPHANT","items_purchased":["hierophant:Shelter"],"campfire_rested":1,"item_purchase_floors":[3],"current_hp_per_floor":[68,68,68,68,45,45,70,70,70,43,43,11,11,8,30,15,15],"gold":61,"neow_bonus":"THREE_ENEMY_KILL","is_daily":false,"chose_seed":false,"campfire_upgraded":2,"win_rate":0.0,"timestamp":1609023517,"path_taken":["M","M","$","?","?","E","?","R","T","E","R","E","?","M","R","BOSS"],"items_purchased_type":["Card"],"build_version":"2020-12-22","purchased_purges":0,"victory":false,"max_hp_per_floor":[75,75,75,75,75,75,75,75,75,75,75,75,75,75,75,75,75],"card_choices":[{"not_picked":["hierophant:AuricBeam","hierophant:Mercenaries"],"picked":"hierophant:HammerAndAnvil","floor":1},{"not_picked":["hierophant:DisplayOfPower","hierophant:OrnateJavelin"],"picked":"hierophant:Zeal","floor":2},{"not_picked":["hierophant:Doubloon","hierophant:Zeal","hierophant:TollTheBells"],"picked":"SKIP","floor":6},{"not_picked":["hierophant:Prophecy","hierophant:FlamingChariot","hierophant:Blessing"],"picked":"SKIP","floor":10},{"not_picked":["hierophant:LocustPlague","hierophant:TollTheBells"],"picked":"hierophant:Chorus","floor":12},{"not_picked":["hierophant:HolyVerse","hierophant:ThreeLashes","hierophant:MorningPrayer"],"picked":"SKIP","floor":14}],"player_experience":1309318,"relics_obtained":[{"floor":6,"key":"Replay:WaspNest"},{"floor":9,"key":"Iron Hammer"},{"floor":10,"key":"Tiny Chest"},{"floor":12,"key":"Replay:Accelerometer"}],"event_choices":[{"damage_healed":0,"gold_gain":0,"player_choice":"Entered Light","damage_taken":23,"max_hp_gain":0,"max_hp_loss":0,"event_name":"Shining Light","floor":5,"gold_loss":0,"cards_upgraded":["hierophant:ChurchCoffers","hierophant:Punish"]},{"damage_healed":25,"gold_gain":0,"player_choice":"Banana","damage_taken":0,"max_hp_gain":0,"max_hp_loss":0,"event_name":"Big Fish","floor":7,"gold_loss":0},{"damage_healed":0,"gold_gain":0,"player_choice":"Bought 1 Potion","damage_taken":0,"max_hp_gain":0,"max_hp_loss":0,"event_name":"The Woman in Blue","floor":13,"gold_loss":0}],"is_beta":false,"boss_relics":[],"items_purged_floors":[],"is_endless":false,"potions_floor_spawned":[10,12,14],"killed_by":"Hexaghost","ascension_level":20}}