{"host":"951sez6ulsv0fw1i","time":1609017122,"event":{"mods":["2.2 Compatiblity","Act Like it!","Aspiration","BaseMod","Better Third Choice","BetterRewards","CCEM","CapriCore","Conspire","Downfall","Gensokyo","Googly Eyes","Hermit","Infinite Spire","JesterMod","Luminous","Marisa????????","Minty Spire (QoL Compilation)","Potionbrewer","Reimu??????","Spicy Shops","StSLib","The Cursed","The Immortal","The Marked","The Runesmith","The Servant 0.9.4","TheVacant"],"gold_per_floor":[116,116,132,13,27,57,91,91,91,119,135,135,151,4,4,4,4],"floor_reached":16,"playtime":886,"items_purged":[],"score":120,"play_id":"44a1b215-cec8-4882-8188-3e969599dcc0","local_time":"20201226221202","is_ascension_mode":false,"campfire_choices":[{"floor":8,"key":"REST"},{"data":"OctopathSalyBorderN:ReiMu","floor":12,"key":"SMITH"},{"floor":15,"key":"REST"}],"circlet_count":0,"master_deck":["Strike_Lin:ReiMu","Strike_Lin:ReiMu","Strike_Lin:ReiMu","Strike_Lin:ReiMu","Defend_Lin:ReiMu","Defend_Lin:ReiMu","Defend_Lin:ReiMu","Defend_Lin:ReiMu","NB:ReiMu","Stagnation:ReiMu","TheCursedMod:Dregs","OctopathSalyBorderN:ReiMu+1","Meditation:ReiMu","SealNeedle:ReiMu","AlertArray:ReiMu","FantasyBorder:ReiMu","OctopathBindingBorder2:ReiMu","SubcavityInstant:ReiMu","Meditation:ReiMu","AlertArray:ReiMu","Gensokyo:BlemishedSteel","Gensokyo:TarnishedGold"],"relics":["FlyPower:ReiMu","infinitespire:WardingShard","WingedGreaves","CCEMRelics:GrindingGear","Pen Nib","Runesmith:AutoHammer"],"acts_visited":["Exordium"],"potions_floor_usage":[16],"damage_taken":[{"damage":3,"enemies":"Gensokyo:Gryphon","floor":1,"turns":4},{"damage":0,"enemies":"Gensokyo:2_Kodama","floor":3,"turns":1},{"damage":0,"enemies":"Gensokyo:3_Fairies","floor":5,"turns":4},{"damage":16,"enemies":"Gensokyo:Aya","floor":6,"turns":6},{"damage":19,"enemies":"Gensokyo:Mamizou","floor":7,"turns":11},{"damage":21,"enemies":"Gensokyo:Cirno","floor":10,"turns":7},{"damage":0,"enemies":"Gensokyo:VengefulSpirit","floor":11,"turns":2},{"damage":4,"enemies":"Gensokyo:CorruptedTreant","floor":13,"turns":4},{"damage":36,"enemies":"Gensokyo:Yukari","floor":16,"turns":6}],"seed_played":"4526534999217910800","potions_obtained":[{"floor":6,"key":"ZuzhouPotion:ReiMu"},{"floor":7,"key":"BottledKami:ReiMu"}],"is_trial":false,"path_per_floor":["M","?","M","$","M","E","E","R","T","E","M","R","M","COS","R","B"],"character_chosen":"REIMU","items_purchased":["infinitespire:WardingShard"],"campfire_rested":2,"item_purchase_floors":[4],"current_hp_per_floor":[62,56,56,56,56,40,21,40,40,19,19,19,15,15,34,0,0],"gold":4,"neow_bonus":"THREE_RARE_CARDS","is_daily":false,"chose_seed":false,"campfire_upgraded":1,"win_rate":0.0,"timestamp":1609017122,"path_taken":["M","?","M","?","M","E","E","R","T","E","M","R","M","COS","R","BOSS"],"items_purchased_type":["Relic"],"build_version":"2020-12-22","purchased_purges":0,"victory":false,"max_hp_per_floor":[65,65,65,65,65,65,65,65,65,65,65,65,65,65,65,65,65],"card_choices":[{"not_picked":["HakureiPhantom:ReiMu","Dreaming:ReiMu"],"picked":"OctopathSalyBorderN:ReiMu","floor":0},{"not_picked":["OrbThrow:ReiMu","SafetyPray:ReiMu"],"picked":"Meditation:ReiMu","floor":1},{"not_picked":["SubcavityInstant:ReiMu","CareerPray:ReiMu"],"picked":"SealNeedle:ReiMu","floor":3},{"not_picked":["Amulet:ReiMu","TightArray:ReiMu"],"picked":"AlertArray:ReiMu","floor":5},{"not_picked":["PayForSelf:ReiMu","OrbThrow:ReiMu"],"picked":"FantasyBorder:ReiMu","floor":6},{"not_picked":["AlertArray:ReiMu","BlastKick2:ReiMu"],"picked":"OctopathBindingBorder2:ReiMu","floor":7},{"not_picked":["SubAcupoint:ReiMu","DependentForm:ReiMu"],"picked":"SubcavityInstant:ReiMu","floor":10},{"not_picked":["SpreadBorder2:ReiMu","Conquer:ReiMu"],"picked":"Meditation:ReiMu","floor":11},{"not_picked":["BarrageOfMoneybags:ReiMu","SubAcupoint:ReiMu"],"picked":"AlertArray:ReiMu","floor":13}],"player_experience":530755,"relics_obtained":[{"floor":6,"key":"WingedGreaves"},{"floor":7,"key":"CCEMRelics:GrindingGear"},{"floor":9,"key":"Pen Nib"},{"floor":10,"key":"Runesmith:AutoHammer"}],"event_choices":[],"is_beta":false,"boss_relics":[],"items_purged_floors":[],"is_endless":false,"potions_floor_spawned":[6,7],"killed_by":"Gensokyo:Yukari","ascension_level":0}}