{"host":"4lebci84u2l5u89t","time":1609023624,"event":{"mods":["AchievementEnabler","Aspiration","Bard","BaseMod","Beaked The Cultist","Better Altar","Better Match","Better Note","Better Sensory Stone","Better Skull","Better Third Choice","BetterRewards","CCEM","Colored Map","Conspire","GifTheSpireLib","Googly Eyes","Halation","Hermit","Highlight Path","Hubris","Jedi Mod","Jorbs\u0027s Wanderer Trilogy","Lobotomy","LobotomyExtend","Mad Scientist","Marisa????????","Mimic Mod","Minty Spire (QoL Compilation)","Permanent Neow","Replay The Spire","Shade Mod","Spicy Shops","StSLib","Stuff the Spire","The Administrix","The Mystic","Unceasing Turn Reminder"],"gold_per_floor":[118,138,238,254,270,270,296,296,296,308,322,322,322,334,334,433,433,433,447,463,101,116,148,168,168,202,202,230,230,257,268,268,365,365,382,396,101,101,116,116,143,143,143,154,180,180,180,193,193,193],"floor_reached":51,"playtime":4523,"items_purged":[],"score":919,"play_id":"64b2b91b-0a38-422a-92be-7c631ce79fbf","local_time":"20201227000024","is_ascension_mode":false,"campfire_choices":[{"floor":29,"key":"RECALL"}],"circlet_count":0,"master_deck":["Woodsman","SpecialBullet","SpecialBullet","SpecialBullet","SpecialBullet","SpecialBullet","SpecialBullet","SpecialBullet","SpecialBullet","SecurityCode","InformationCode","CentralCode","Crescendo+1","FlyingSleeves+1","UniverseFragment","OSAHOGD","Hornet+1","TrainingCode","RedShoes","CherryBlossom","VoidDream","FeatherOfHonor","ShyLook","Soda","Regret_ego","QueenOfHatred","CherryBlossom","WelfareCode","BodiesMountain","SoundOfStar+1","LittleHelper","Penitence+1","DespairKnight","Regret_ego+1","Logging","WristCuter","Regret_ego+1","ControlCode","TT2Protocol","SpiderBud","WallGazer","Hallucinations","SummonCall","Scorched","DisciplinaryCode","hubris:NaturalOne"],"relics":["CogitoBucket","aspiration:Nostalgia","Replay:M_SmolderingBlood","LetterFromLob","StuffTheSpire:NeowsTribute","Sundial","LuminousBracelet","halation:PinkSoulGem","AspirationHeart","halation:BottledHappiness","jedi:crownofsimplicity","Logging_r","Amita_r","Nunchaku","Replay:Kaleidoscope","Centennial Puzzle","AtMidnight","HellTrain","Sozu","War Paint","hubris:Icosahedron","CCEMRelics:PorcelainBowl","Golden Egg","CCEMRelics:JestersCrown","ReplayTheSpireMod:Ring of Challenge","ReplayTheSpireMod:Ring of Exchange","halation:PapillonHeart"],"acts_visited":["Exordium","TheCity","TheBeyond"],"potions_floor_usage":[14,16,16,22],"damage_taken":[{"damage":11,"enemies":"Jaw Worm","floor":1,"turns":2},{"damage":6,"enemies":"Cultist","floor":2,"turns":3},{"damage":9,"enemies":"conspire:RoseBush","floor":4,"turns":2},{"damage":6,"enemies":"Blue Slaver","floor":5,"turns":2},{"damage":27,"enemies":"Replay:BlueRogue","floor":7,"turns":4},{"damage":15,"enemies":"conspire:2 RoseBushes","floor":10,"turns":6},{"damage":5,"enemies":"Large Slime","floor":11,"turns":4},{"damage":4,"enemies":"2 Fungi Beasts","floor":14,"turns":2},{"damage":36,"enemies":"Slime Boss","floor":16,"turns":9},{"damage":47,"enemies":"Shell Parasite","floor":19,"turns":7},{"damage":0,"enemies":"conspire:FuzzyDice","floor":20,"turns":1},{"damage":46,"enemies":"3 Cultists","floor":22,"turns":8},{"damage":5,"enemies":"conspire:SneckoGhost","floor":23,"turns":8},{"damage":8,"enemies":"conspire:HollyBat","floor":24,"turns":6},{"damage":14,"enemies":"Snake Plant","floor":26,"turns":5},{"damage":28,"enemies":"Gremlin Leader","floor":28,"turns":6},{"damage":45,"enemies":"conspire:Head Lice","floor":30,"turns":5},{"damage":69,"enemies":"Snake Plant","floor":31,"turns":7},{"damage":111,"enemies":"conspire:MysteriousRune","floor":33,"turns":7},{"damage":61,"enemies":"3 Darklings","floor":35,"turns":5},{"damage":1,"enemies":"Orb Walker","floor":36,"turns":3},{"damage":91,"enemies":"Transient","floor":39,"turns":5},{"damage":38,"enemies":"Reptomancer","floor":41,"turns":3},{"damage":39,"enemies":"Writhing Mass","floor":44,"turns":5},{"damage":120,"enemies":"Nemesis","floor":45,"turns":5},{"damage":32,"enemies":"Sphere and 2 Shapes","floor":48,"turns":3},{"damage":0,"enemies":"Time Eater","floor":50,"turns":1},{"damage":193,"enemies":"Malkuth","floor":51,"turns":8},{"damage":140,"enemies":"Hod","floor":51,"turns":12}],"seed_played":"6838393940098380422","potions_obtained":[{"floor":2,"key":"SteroidPotion"},{"floor":5,"key":"DuplicationPotion"},{"floor":14,"key":"Weak Potion"},{"floor":16,"key":"Block Potion"},{"floor":22,"key":"FearPotion"}],"is_trial":false,"path_per_floor":["M","M","?","M","M","R","E","R","T","M","M","?","R","M","R","B",null,"M","M","M","$","M","E","M","?","MIM","R","E","R","E","M","R","B",null,"M","M","$","?","M","R","E","R","T","M","E","?","?","M","R_BF","B",null],"character_chosen":"Angela","items_purchased":["CherryBlossom","halation:BottledHappiness","jedi:crownofsimplicity","War Paint","Logging","WristCuter"],"campfire_rested":0,"item_purchase_floors":[21,21,21,37,37,37],"current_hp_per_floor":[67,69,69,68,70,70,55,55,55,67,75,75,75,83,83,87,101,101,79,97,97,99,118,130,130,135,135,138,138,122,103,103,40,161,135,159,159,159,101,101,133,133,133,138,117,117,117,120,120,144],"gold":193,"neow_bonus":"NOSTALGIA","is_daily":false,"chose_seed":false,"campfire_upgraded":0,"win_rate":0.0,"timestamp":1609023624,"path_taken":["M","M","?","M","M","R","E","R","T","M","M","?","R","M","R","BOSS","M","M","M","$","M","E","M","?","MIM","R","E","R","E","M","R","BOSS","M","M","$","?","M","R","E","R","T","M","E","?","?","M","R_BF","BOSS"],"items_purchased_type":["Card","Relic","Relic","Relic","Card","Card"],"build_version":"2020-12-22","purchased_purges":0,"victory":true,"max_hp_per_floor":[70,70,70,70,70,70,74,74,74,93,97,97,97,101,101,101,101,101,105,115,115,123,128,133,133,138,138,143,143,148,156,156,161,161,172,177,177,177,182,182,187,187,187,192,197,197,187,197,197,196],"card_choices":[{"not_picked":["TodaysExpression","RedEyes"],"picked":"SKIP","floor":1},{"not_picked":["Harmony","CUTE"],"picked":"SKIP","floor":2},{"not_picked":["CENSORED_ego","Harmony"],"picked":"SKIP","floor":4},{"not_picked":["BlueScar"],"picked":"Crescendo","floor":5},{"not_picked":["Ragnarok"],"picked":"FlyingSleeves","floor":7},{"not_picked":["CherryBlossoms","SpiderBud"],"picked":"GalaxyChild","floor":7},{"not_picked":["CrumblingArmor","Murderer"],"picked":"UniverseFragment","floor":10},{"not_picked":["SwordSharpenedByTears"],"picked":"Diffraction","floor":10},{"not_picked":["HeroicMonk","MHz"],"picked":"OSAHOGD","floor":11},{"not_picked":["Crescendo","Adoration"],"picked":"SKIP","floor":11},{"not_picked":["CherryBlossoms","Yin"],"picked":"Woodsman","floor":14},{"not_picked":["Loneliness"],"picked":"Hornet","floor":14},{"not_picked":["Pinks"],"picked":"Feed","floor":16},{"not_picked":["SingingMachine","BigBird"],"picked":"RedShoes","floor":19},{"not_picked":["Harvest","Amita"],"picked":"SKIP","floor":19},{"not_picked":["Noise","Loneliness"],"picked":"SKIP","floor":20},{"not_picked":["BlackArmy","Freischutz"],"picked":"PunishingBird","floor":22},{"not_picked":["Noise","Lantern"],"picked":"SKIP","floor":22},{"not_picked":["Wellcheers","OldLady"],"picked":"VoidDream","floor":23},{"not_picked":["Penitence"],"picked":"FeatherOfHonor","floor":23},{"not_picked":["LittlePrince","BlackSwan"],"picked":"Laetitia","floor":24},{"not_picked":["CENSORED_ego","Lantern+1"],"picked":"SKIP","floor":24},{"not_picked":["Bloodbath","GalaxyChild"],"picked":"ShyLook","floor":26},{"not_picked":["Tough+1"],"picked":"Soda","floor":26},{"not_picked":["Adoration"],"picked":"Regret_ego","floor":28},{"not_picked":["LaLuna","Yin"],"picked":"SilentOrchestra","floor":28},{"not_picked":["CherryBlossoms","FairyFestival"],"picked":"QueenOfHatred","floor":30},{"not_picked":["ParadiseLost","Penitence"],"picked":"SKIP","floor":30},{"not_picked":["Scarecrow","Scorched"],"picked":"Funeral","floor":31},{"not_picked":["Noise"],"picked":"CherryBlossom","floor":31},{"not_picked":["CherryBlossoms","BlackSwan"],"picked":"BodiesMountain","floor":33},{"not_picked":["Pinks"],"picked":"SoundOfStar","floor":33},{"not_picked":["Freischutz","BigBird"],"picked":"LittleHelper","floor":35},{"not_picked":["BlackSwan_ego"],"picked":"Penitence+1","floor":35},{"not_picked":["Freischutz","HappyTeddy"],"picked":"DespairKnight","floor":36},{"not_picked":["Noise+1"],"picked":"Regret_ego+1","floor":36},{"not_picked":["Wellcheers","LittlePrince"],"picked":"CENSORED","floor":39},{"not_picked":["Amita+1"],"picked":"Regret_ego+1","floor":39},{"not_picked":["WallGazer","MHz"],"picked":"SpiderBud","floor":41},{"not_picked":["BearPaw","Pinks"],"picked":"SKIP","floor":41},{"not_picked":["Yin","Bloodbath"],"picked":"Funeral","floor":44},{"not_picked":["Tough+1","Wingbeat"],"picked":"SKIP","floor":44},{"not_picked":["BeautyBeast","Mercenary"],"picked":"WallGazer","floor":45},{"not_picked":["Wingbeat","RapturousDream"],"picked":"SKIP","floor":45},{"not_picked":["Yin","WhitesApple"],"picked":"Scorched","floor":48},{"not_picked":["Penitence+1","Soda"],"picked":"SKIP","floor":48}],"player_experience":242975,"relics_obtained":[{"floor":1,"key":"LetterFromLob"},{"floor":7,"key":"StuffTheSpire:NeowsTribute"},{"floor":9,"key":"Sundial"},{"floor":23,"key":"Nunchaku"},{"floor":28,"key":"Replay:Kaleidoscope"},{"floor":30,"key":"Centennial Puzzle"},{"floor":31,"key":"AtMidnight"},{"floor":41,"key":"CCEMRelics:PorcelainBowl"},{"floor":43,"key":"Golden Egg"},{"floor":45,"key":"CCEMRelics:JestersCrown"},{"floor":46,"key":"ReplayTheSpireMod:Ring of Challenge"},{"floor":46,"key":"ReplayTheSpireMod:Ring of Exchange"}],"event_choices":[{"damage_healed":0,"gold_gain":100,"player_choice":"Pray","damage_taken":0,"max_hp_gain":0,"max_hp_loss":0,"event_name":"Golden Shrine","floor":3,"gold_loss":0},{"damage_healed":0,"gold_gain":0,"player_choice":"Ignored","damage_taken":0,"max_hp_gain":0,"max_hp_loss":0,"event_name":"betterNote:BetterNote","floor":25,"gold_loss":0,"cards_obtained":["beaked:VolatileMisfortune"]}],"is_beta":false,"boss_relics":[{"not_picked":["aspiration:BardSkillbook","hubris:RunicObelisk","hubris:GrandSneckoEye"]},{"not_picked":["ReplayTheSpireMod:DimensionalGlitch","hubris:CrackedHourglass"],"picked":"Sozu"}],"items_purged_floors":[],"is_endless":false,"potions_floor_spawned":[2,5,14,16,22,24,33,35,36,39,48],"ascension_level":0}}