{"host":"9nzcajyrup44vdvf","time":1609007353,"event":{"mods":["2.2 Compatiblity","AchievementEnabler","AlwaysNeverKeys","Ascension Reborn","BaseMod","Become a monster ???","Better Altar","Better Note","Better Sensory Stone","Better Skull","Better Third Choice","Better Vampires","BetterRewards","Curses Come First","Googly Eyes","Minty Spire (QoL Compilation)","Permanent Neow","Quick Restart","Relic Stats","Spicy Shops","StSLib","SuperFastMode","Unceasing Turn Reminder","everything is the same but u backflip on backflip","slay the spire mod where everything is the same but ironclad has a cowboy hat"],"gold_per_floor":[121,331,353,90,110,150,174,174,174,187,218,231,10,10,10,496,496,514,527,541,541,559,597,597,635,725,471,471,368,368,405,405,524,524,538,538,555,578,578,610,634,672,737,737,756,769,769,831,831,831],"floor_reached":51,"playtime":2414,"items_purged":["Doubt","Armaments"],"score":1502,"play_id":"fcc6dc23-623b-486b-b878-d30ec632761b","local_time":"20201226192913","is_ascension_mode":true,"campfire_choices":[{"data":"Infernal Blade","floor":8,"key":"SMITH"},{"data":"Flex","floor":15,"key":"SMITH"},{"data":"True Grit","floor":24,"key":"SMITH"},{"data":"Sentinel","floor":32,"key":"SMITH"},{"data":"Spot Weakness","floor":47,"key":"SMITH"},{"data":"Disarm","floor":49,"key":"SMITH"}],"circlet_count":0,"master_deck":["Strike_R+1","Strike_R+1","Strike_R+1","Strike_R+1","Strike_R+1","Defend_R+1","Defend_R+1","Defend_R+1","Defend_R+1","Bash+1","Infernal Blade+1","True Grit+1","Disarm+1","Flex+1","Flex+1","Spot Weakness+1","Reaper+1","Sentinel+1","Shockwave+1","Blood for Blood+1","Exhume+1","Ghostly Armor+1","Dual Wield+1","Battle Trance+1","Spot Weakness+1","Inflame","Madness+1","True Grit+1","True Grit+1","Exhume+1","CurseOfTheBell","Madness+1","Madness+1","Undo+1","Evaluate+1","Feel No Pain+1","Leg Sweep+1","Offering+1","Prepared+1"],"relics":["Burning Blood","Dead Branch","Ginger","Black Star","Eternal Feather","TungstenRod","Membership Card","Turnip","Centennial Puzzle","Regal Pillow","Smiling Mask","Mango","StoneCalendar","Strawberry","Toxic Egg 2","Bottled Flame","White Beast Statue","Old Coin","Coffee Dripper","Vajra","Gremlin Horn","Toy Ornithopter","Pocketwatch","Orichalcum","Bottled Lightning","Charon\u0027s Ashes","PrismaticShard","Strange Spoon","Lantern","Molten Egg 2","Blood Vial","CaptainsWheel","Calling Bell","Omamori","Mercury Hourglass","Bird Faced Urn","PreservedInsect","Anchor","Akabeko","Whetstone","Oddly Smooth Stone","Bag of Preparation","Gambling Chip"],"acts_visited":["Exordium","TheCity","TheBeyond"],"potions_floor_usage":[41,50,50,50,50,50,50],"damage_taken":[{"damage":0,"enemies":"2 Louse","floor":1,"turns":2},{"damage":0,"enemies":"Jaw Worm","floor":3,"turns":2},{"damage":0,"enemies":"Cultist","floor":5,"turns":1},{"damage":6,"enemies":"Lagavulin","floor":6,"turns":3},{"damage":0,"enemies":"3 Louse","floor":7,"turns":3},{"damage":2,"enemies":"Gremlin Gang","floor":10,"turns":3},{"damage":2,"enemies":"Gremlin Nob","floor":11,"turns":2},{"damage":0,"enemies":"2 Fungi Beasts","floor":12,"turns":2},{"damage":0,"enemies":"The Guardian","floor":16,"turns":4},{"damage":0,"enemies":"3 Byrds","floor":18,"turns":3},{"damage":0,"enemies":"Chosen","floor":19,"turns":3},{"damage":5,"enemies":"Snake Plant","floor":20,"turns":2},{"damage":4,"enemies":"Cultist and Chosen","floor":22,"turns":2},{"damage":5,"enemies":"Slavers","floor":23,"turns":2},{"damage":0,"enemies":"Book of Stabbing","floor":25,"turns":2},{"damage":0,"enemies":"Gremlin Leader","floor":31,"turns":1},{"damage":17,"enemies":"Automaton","floor":33,"turns":3},{"damage":0,"enemies":"3 Darklings","floor":35,"turns":2},{"damage":1,"enemies":"Orb Walker","floor":37,"turns":1},{"damage":12,"enemies":"Maw","floor":38,"turns":5},{"damage":13,"enemies":"Reptomancer","floor":40,"turns":4},{"damage":3,"enemies":"Transient","floor":41,"turns":4},{"damage":0,"enemies":"Nemesis","floor":42,"turns":3},{"damage":0,"enemies":"Jaw Worm Horde","floor":45,"turns":3},{"damage":5,"enemies":"4 Shapes","floor":46,"turns":1},{"damage":5,"enemies":"2 Orb Walkers","floor":48,"turns":1},{"damage":6,"enemies":"Time Eater","floor":50,"turns":6}],"seed_played":"-6240360840065080030","potions_obtained":[{"floor":1,"key":"Weak Potion"},{"floor":1,"key":"Swift Potion"},{"floor":3,"key":"Weak Potion"},{"floor":7,"key":"DistilledChaos"},{"floor":10,"key":"EntropicBrew"},{"floor":16,"key":"Explosive Potion"},{"floor":18,"key":"ElixirPotion"},{"floor":41,"key":"CultistPotion"},{"floor":42,"key":"LiquidMemories"}],"is_trial":false,"path_per_floor":["M","?","M","$","M","E","M","R","T","M","E","M","$","?","R","B",null,"M","M","M","?","M","E","R","E","T","$","?","$","?","E","R","B",null,"M","?","M","M","?","E","M","E","T","?","M","M","R","?","R","B",null],"character_chosen":"IRONCLAD","items_purchased":["Infernal Blade","TungstenRod","Membership Card","Blood for Blood","Toxic Egg 2","Bottled Flame","Charon\u0027s Ashes","Madness+1","PrismaticShard","Strange Spoon","Lantern","True Grit+1"],"campfire_rested":0,"item_purchase_floors":[0,4,4,13,13,13,27,27,27,29,29,29],"current_hp_per_floor":[47,47,55,55,63,65,73,85,99,99,106,106,106,106,106,111,111,111,111,111,111,111,111,111,111,111,111,111,111,111,111,111,109,116,116,102,112,116,116,114,116,116,116,116,116,116,116,116,116,121],"gold":831,"neow_bonus":"","is_daily":false,"chose_seed":false,"campfire_upgraded":6,"win_rate":0.0,"timestamp":1609007353,"path_taken":["M","?","M","$","M","E","M","R","T","M","E","M","$","?","R","BOSS","M","?","M","?","M","E","R","E","T","$","?","$","?","E","R","BOSS","M","?","M","M","?","E","M","E","T","?","M","M","R","?","R","BOSS"],"items_purchased_type":["Card","Relic","Relic","Card","Relic","Relic","Relic","Card","Relic","Relic","Relic","Card"],"build_version":"2020-12-22","purchased_purges":2,"victory":true,"max_hp_per_floor":[85,85,85,85,85,85,85,85,99,99,106,106,106,106,106,111,111,111,111,111,111,111,111,111,111,111,111,111,111,111,111,111,116,116,116,116,116,116,116,116,116,116,116,116,116,116,116,116,116,121],"relic_stats":{"Regal Pillow":0,"Gremlin Horn":[14,15],"StoneCalendar":[0],"Bag of Preparation":[8],"Ginger":[7],"Whetstone":["Reaper","Blood for Blood"],"Smiling Mask":0,"Burning Blood":82,"Blood Vial":8,"Centennial Puzzle":[36],"Gambling Chip":[2],"counters":[27,70],"Dead Branch":[179],"Eternal Feather":12,"Charon\u0027s Ashes":[507],"PreservedInsect":40,"Orichalcum":[12],"Mercury Hourglass":[109],"Strange Spoon":[58],"Bird Faced Urn":[12],"Turnip":[5],"Black Star":7,"obtain_stats":[{"Regal Pillow":6,"Lantern":29,"Gremlin Horn":23,"Vajra":23,"Mango":9,"StoneCalendar":11,"Bag of Preparation":43,"Ginger":0,"Whetstone":42,"Smiling Mask":9,"PrismaticShard":27,"Burning Blood":0,"Old Coin":16,"Blood Vial":31,"Centennial Puzzle":6,"Strawberry":11,"Gambling Chip":48,"Toxic Egg 2":13,"Dead Branch":0,"Oddly Smooth Stone":43,"Eternal Feather":1,"Charon\u0027s Ashes":27,"PreservedInsect":40,"Omamori":34,"Orichalcum":26,"White Beast Statue":14,"Akabeko":42,"Mercury Hourglass":34,"Calling Bell":34,"Strange Spoon":29,"Bottled Flame":13,"CaptainsWheel":33,"Anchor":40,"Bird Faced Urn":34,"Molten Egg 2":31,"Turnip":5,"Black Star":0,"Coffee Dripper":17,"Membership Card":4,"Bottled Lightning":26,"TungstenRod":4,"Toy Ornithopter":25,"Pocketwatch":25},{"Regal Pillow":4,"Lantern":15,"Gremlin Horn":14,"Vajra":14,"Mango":5,"StoneCalendar":7,"Bag of Preparation":23,"Ginger":0,"Whetstone":23,"Smiling Mask":5,"PrismaticShard":15,"Burning Blood":0,"Old Coin":9,"Blood Vial":16,"Centennial Puzzle":4,"Strawberry":7,"Gambling Chip":26,"Toxic Egg 2":8,"Dead Branch":0,"Oddly Smooth Stone":23,"Eternal Feather":1,"Charon\u0027s Ashes":15,"PreservedInsect":21,"Omamori":17,"Orichalcum":15,"White Beast Statue":8,"Akabeko":23,"Mercury Hourglass":17,"Calling Bell":17,"Strange Spoon":15,"Bottled Flame":8,"CaptainsWheel":17,"Anchor":21,"Bird Faced Urn":17,"Molten Egg 2":16,"Turnip":3,"Black Star":0,"Coffee Dripper":9,"Membership Card":2,"Bottled Lightning":15,"TungstenRod":2,"Toy Ornithopter":15,"Pocketwatch":15},{"Regal Pillow":8,"Lantern":36,"Gremlin Horn":34,"Vajra":34,"Mango":11,"StoneCalendar":16,"Bag of Preparation":59,"Ginger":0,"Whetstone":59,"Smiling Mask":11,"PrismaticShard":36,"Burning Blood":0,"Old Coin":22,"Blood Vial":37,"Centennial Puzzle":8,"Strawberry":16,"Gambling Chip":64,"Toxic Egg 2":18,"Dead Branch":0,"Oddly Smooth Stone":59,"Eternal Feather":2,"Charon\u0027s Ashes":36,"PreservedInsect":52,"Omamori":40,"Orichalcum":36,"White Beast Statue":18,"Akabeko":59,"Mercury Hourglass":40,"Calling Bell":40,"Strange Spoon":36,"Bottled Flame":18,"CaptainsWheel":40,"Anchor":52,"Bird Faced Urn":40,"Molten Egg 2":37,"Turnip":5,"Black Star":0,"Coffee Dripper":22,"Membership Card":4,"Bottled Lightning":36,"TungstenRod":4,"Toy Ornithopter":36,"Pocketwatch":36}],"TungstenRod":38,"Toy Ornithopter":6,"Pocketwatch":[0]},"card_choices":[{"not_picked":["Carnage+1","Feel No Pain"],"picked":"Disarm","floor":1},{"not_picked":["Evolve+1","Thunderclap+1"],"picked":"Flex","floor":3},{"not_picked":["Twin Strike","Cleave"],"picked":"Flex+1","floor":5},{"not_picked":["Power Through","Armaments+1"],"picked":"Spot Weakness","floor":6},{"not_picked":["Burning Pact","Headbutt","Twin Strike"],"picked":"SKIP","floor":6},{"not_picked":["Twin Strike+1","Rage","Battle Trance+1"],"picked":"SKIP","floor":7},{"not_picked":["Perfected Strike+1","Shrug It Off"],"picked":"Reaper","floor":10},{"not_picked":["Anger+1","Infernal Blade"],"picked":"Sentinel","floor":11},{"not_picked":["Warcry+1","Heavy Blade","Intimidate"],"picked":"SKIP","floor":11},{"not_picked":["Twin Strike+1","Flex"],"picked":"Shockwave+1","floor":12},{"not_picked":["Bludgeon","Feed"],"picked":"Exhume+1","floor":16},{"not_picked":["Sword Boomerang+1","Rupture"],"picked":"Ghostly Armor+1","floor":18},{"not_picked":["Shrug It Off+1","Heavy Blade+1","Clash"],"picked":"SKIP","floor":19},{"not_picked":["Twin Strike","Infernal Blade+1"],"picked":"Dual Wield+1","floor":20},{"not_picked":["Warcry+1","Cleave"],"picked":"Battle Trance+1","floor":22},{"not_picked":["Rupture","Bludgeon"],"picked":"Spot Weakness+1","floor":23},{"not_picked":["Armaments+1","Blood for Blood"],"picked":"Inflame","floor":25},{"not_picked":["Underhanded Strike+1","PathToVictory+1","BowlingBash+1"],"picked":"SKIP","floor":31},{"not_picked":["The Bomb+1","All For One+1"],"picked":"Exhume+1","floor":33},{"not_picked":["Deflect+1","Pommel Strike+1","Gash+1"],"picked":"SKIP","floor":35},{"not_picked":["Warcry+1","Backflip+1"],"picked":"Undo+1","floor":37},{"not_picked":["Loop+1","Redo+1"],"picked":"Evaluate+1","floor":38},{"not_picked":["FollowUp+1","Metallicize+1"],"picked":"Feel No Pain+1","floor":40},{"not_picked":["Wild Strike+1","Leap+1","Uppercut+1"],"picked":"SKIP","floor":41},{"not_picked":["Dagger Throw+1","Rainbow+1"],"picked":"Leg Sweep+1","floor":42},{"not_picked":["Halt+1","Noxious Fumes","Armaments+1"],"picked":"SKIP","floor":45},{"not_picked":["Cleave+1","Forethought+1"],"picked":"Prepared+1","floor":46}],"player_experience":443229,"relics_obtained":[{"floor":1,"key":"Eternal Feather"},{"floor":5,"key":"Turnip"},{"floor":6,"key":"Centennial Puzzle"},{"floor":6,"key":"Regal Pillow"},{"floor":9,"key":"Smiling Mask"},{"floor":9,"key":"Mango"},{"floor":11,"key":"StoneCalendar"},{"floor":11,"key":"Strawberry"},{"floor":16,"key":"Old Coin"},{"floor":23,"key":"Vajra"},{"floor":23,"key":"Gremlin Horn"},{"floor":25,"key":"Toy Ornithopter"},{"floor":25,"key":"Pocketwatch"},{"floor":26,"key":"Orichalcum"},{"floor":26,"key":"Bottled Lightning"},{"floor":31,"key":"Molten Egg 2"},{"floor":31,"key":"Blood Vial"},{"floor":33,"key":"CaptainsWheel"},{"floor":34,"key":"Omamori"},{"floor":34,"key":"Mercury Hourglass"},{"floor":34,"key":"Bird Faced Urn"},{"floor":40,"key":"PreservedInsect"},{"floor":40,"key":"Anchor"},{"floor":42,"key":"Akabeko"},{"floor":42,"key":"Whetstone"},{"floor":43,"key":"Oddly Smooth Stone"},{"floor":43,"key":"Bag of Preparation"},{"floor":48,"key":"Gambling Chip"}],"event_choices":[{"damage_healed":0,"gold_gain":175,"player_choice":"AGREE","damage_taken":121,"max_hp_gain":0,"max_hp_loss":0,"event_name":"betterThird:BetterSerpent","floor":2,"gold_loss":0},{"damage_healed":0,"gold_gain":0,"player_choice":"Gave Potion","damage_taken":0,"relics_obtained":["White Beast Statue"],"max_hp_gain":0,"max_hp_loss":0,"event_name":"WeMeetAgain","floor":14,"gold_loss":0},{"damage_healed":0,"gold_gain":0,"player_choice":"Ignored","damage_taken":0,"max_hp_gain":0,"max_hp_loss":0,"event_name":"betterNote:BetterNote","floor":21,"gold_loss":0,"cards_obtained":["Searing Blow"]},{"damage_healed":0,"gold_gain":0,"player_choice":"Ignored","damage_taken":0,"max_hp_gain":0,"max_hp_loss":0,"event_name":"Beggar","floor":28,"gold_loss":0},{"damage_healed":0,"gold_gain":0,"player_choice":"Read","damage_taken":0,"max_hp_gain":0,"max_hp_loss":0,"event_name":"The Library","floor":30,"gold_loss":0,"cards_obtained":["True Grit"]},{"damage_healed":0,"gold_gain":0,"player_choice":"Embrace Madness","damage_taken":15,"max_hp_gain":0,"max_hp_loss":0,"event_name":"Winding Halls","floor":36,"gold_loss":0,"cards_obtained":["Madness","Madness"]},{"damage_healed":0,"gold_gain":0,"player_choice":"Ignored","damage_taken":0,"max_hp_gain":0,"max_hp_loss":0,"event_name":"Tomb of Lord Red Mask","floor":39,"gold_loss":0},{"damage_healed":0,"gold_gain":3,"player_choice":"3","damage_taken":0,"max_hp_gain":0,"max_hp_loss":0,"event_name":"betterStone:BetterStone","floor":44,"gold_loss":0,"cards_obtained":["Offering"]},{"damage_healed":0,"gold_gain":0,"player_choice":"Fight","damage_taken":0,"max_hp_gain":0,"max_hp_loss":0,"event_name":"Mysterious Sphere","floor":48,"gold_loss":0}],"is_beta":false,"boss_relics":[{"not_picked":["Ectoplasm","Busted Crown"],"picked":"Coffee Dripper"},{"not_picked":["Pandora\u0027s Box","Cursed Key"],"picked":"Calling Bell"}],"items_purged_floors":[4,27],"is_endless":false,"potions_floor_spawned":[1,5,10,16,18,19,20,22,33,35,37,38,41,45,46,48],"ascension_level":0}}