{"host":"ssbj2e5691x5ub3h","time":1609024559,"event":{"mods":["BaseMod","Duelist Mod","Minty Spire (QoL Compilation)","StSLib"],"gold_per_floor":[144,144,158,173,192,192,192,202,229,240,240,271,271,117,117,217,217,232,232,232,232,232,263,263,273,273,273,300,300,316,316,316,414,414,432,132,132,152,168,168,168,168,192,92,122,122,148,163,163,163],"floor_reached":51,"playtime":3378,"items_purged":["theDuelist:GravekeeperCurse","theDuelist:StimPack"],"score":1258,"play_id":"fae75932-9dd0-4e68-85d1-0945cb4554ba","local_time":"20201226211559","is_ascension_mode":true,"campfire_choices":[{"data":"theDuelist:Deskbot004","floor":6,"key":"SMITH"},{"floor":11,"key":"REST"},{"floor":15,"key":"REST"},{"floor":24,"key":"REST"},{"data":"theDuelist:AncientGearGolem","floor":27,"key":"SMITH"},{"floor":32,"key":"REST"},{"data":"theDuelist:AncientGearBox","floor":40,"key":"SMITH"},{"data":"theDuelist:AncientGearFist+1","floor":42,"key":"SMITH"},{"floor":49,"key":"REST"}],"circlet_count":0,"master_deck":["theDuelist:CardsFromTheSky+1","Dark Shackles+1","theDuelist:GreenGadget","theDuelist:CastleWalls","theDuelist:TurretWarrior+1","theDuelist:Deskbot005","theDuelist:GreenGadget","theDuelist:HeavyMetalRaiders","theDuelist:GearGigant","theDuelist:SatelliteCannon","theDuelist:Deskbot005","theDuelist:DarkFactory","theDuelist:Deskbot004","theDuelist:CastleWalls","theDuelist:Nameless:Power:Beatraptor","theDuelist:AncientGearBox+1","theDuelist:Sparks","theDuelist:AncientGearBox+1","theDuelist:CardsFromTheSky+1","theDuelist:AncientGearGolem+1","theDuelist:TurretWarrior+1","theDuelist:AncientGearFist+2","theDuelist:TurretWarrior+1","theDuelist:Biofalcon","theDuelist:CardsFromTheSky+1","theDuelist:Deskbot004+1"],"relics":["theDuelist:MillenniumPuzzle","theDuelist:CardPoolRelic","theDuelist:CardPoolBasicRelic","theDuelist:BoosterPackPoolRelic","theDuelist:CardPoolAddRelic","theDuelist:CardPoolMinusRelic","theDuelist:CardPoolSaveRelic","theDuelist:CardPoolOptionsRelic","Anchor","Regal Pillow","Ancient Tea Set","Bag of Preparation","theDuelist:MillenniumRod","Black Star","theDuelist:MillenniumRing","Enchiridion","MutagenicStrength","theDuelist:BlessingAnubis","Strawberry","Nunchaku","InkBottle","Pen Nib","Sozu","Centennial Puzzle","theDuelist:SummonAnchor","Calipers","Pocketwatch","PreservedInsect","theDuelist:MonsterEggRelic"],"acts_visited":["Exordium","TheCity","TheBeyond"],"potions_floor_usage":[12,28,50,50],"damage_taken":[{"damage":5,"enemies":"2 Louse","floor":1,"turns":4},{"damage":1,"enemies":"Small Slimes","floor":3,"turns":4},{"damage":0,"enemies":"Jaw Worm","floor":4,"turns":3},{"damage":10,"enemies":"Exordium Wildlife","floor":5,"turns":5},{"damage":4,"enemies":"Large Slime","floor":8,"turns":6},{"damage":0,"enemies":"3 Louse","floor":10,"turns":3},{"damage":38,"enemies":"Gremlin Nob","floor":12,"turns":4},{"damage":43,"enemies":"Hexaghost","floor":16,"turns":8},{"damage":11,"enemies":"Spheric Guardian","floor":18,"turns":3},{"damage":12,"enemies":"theDuelist:KaibaA2","floor":23,"turns":5},{"damage":8,"enemies":"3 Byrds","floor":25,"turns":4},{"damage":20,"enemies":"Gremlin Leader","floor":28,"turns":7},{"damage":22,"enemies":"Shelled Parasite and Fungi","floor":30,"turns":4},{"damage":1,"enemies":"Colosseum Slavers","floor":31,"turns":2},{"damage":23,"enemies":"Champ","floor":33,"turns":7},{"damage":4,"enemies":"3 Darklings","floor":35,"turns":3},{"damage":0,"enemies":"3 Shapes","floor":38,"turns":2},{"damage":17,"enemies":"Transient","floor":39,"turns":5},{"damage":0,"enemies":"Nemesis","floor":45,"turns":1},{"damage":8,"enemies":"Reptomancer","floor":47,"turns":2},{"damage":0,"enemies":"Spire Growth","floor":48,"turns":3},{"damage":0,"enemies":"Donu and Deca","floor":50,"turns":2}],"seed_played":"-9123735410076322809","potions_obtained":[{"floor":3,"key":"Strength Potion"},{"floor":4,"key":"ColorlessPotion"},{"floor":8,"key":"theDuelist:MayhemPotion"},{"floor":23,"key":"theDuelist:BombBottle"},{"floor":30,"key":"SpeedPotion"},{"floor":33,"key":"theDuelist:BurningPotionB"}],"is_trial":false,"path_per_floor":["M","?","M","M","M","R","?","M","T","M","R","E","?","$","R","B",null,"M","?","?","$","?","E","R","M","T","R","E","?","M","?","R","B",null,"M","$","?","M","M","R","?","R","T","$","E","?","E","M","R","B",null],"character_chosen":"THE_DUELIST","items_purchased":["theDuelist:MillenniumRod","theDuelist:DarkFactory","Centennial Puzzle"],"campfire_rested":5,"item_purchase_floors":[14,36,36],"current_hp_per_floor":[67,67,66,66,56,56,56,52,52,52,80,42,35,35,74,31,68,57,57,41,41,41,36,77,69,69,69,49,49,27,26,67,44,76,72,72,72,72,55,55,55,55,55,55,55,55,47,47,87,87],"gold":163,"neow_bonus":"RANDOM_COMMON_RELIC","is_daily":false,"chose_seed":false,"campfire_upgraded":4,"win_rate":0.0,"timestamp":1609024559,"path_taken":["M","?","M","M","M","R","?","M","T","M","R","E","?","$","R","BOSS","M","?","?","?","?","E","R","M","T","R","E","?","M","?","R","BOSS","M","$","?","M","?","R","?","R","T","?","E","?","E","M","R","BOSS"],"items_purchased_type":["Relic","Card","Relic"],"build_version":"2020-12-22","purchased_purges":2,"victory":true,"max_hp_per_floor":[80,80,80,80,80,80,80,80,80,80,80,80,80,80,80,80,80,80,80,80,80,80,87,87,87,87,87,87,87,87,87,87,87,87,87,87,87,87,87,87,87,87,87,87,87,87,87,87,87,87],"card_choices":[{"not_picked":["theDuelist:BlastJuggler","theDuelist:Deskbot004","theDuelist:StimPack","theDuelist:Deskbot001"],"picked":"theDuelist:CardsFromTheSky","floor":1},{"not_picked":["theDuelist:DoubleTool","theDuelist:CoreBlaster","theDuelist:Factory100Machines","theDuelist:ShortCircuit"],"picked":"theDuelist:StimPack","floor":3},{"not_picked":["theDuelist:ParallelPortArmor","theDuelist:DoubleTool+1","theDuelist:CoreBlaster+1","theDuelist:SparkBlaster+1"],"picked":"theDuelist:AncientGearFist+1","floor":4},{"not_picked":["theDuelist:Deskbot001","theDuelist:CyberArchfiend","theDuelist:Deskbot005","theDuelist:SolarWindJammer"],"picked":"theDuelist:AncientGearBox","floor":5},{"not_picked":["theDuelist:CardsFromTheSky","theDuelist:AncientGearFist"],"picked":"SKIP","floor":8},{"not_picked":["theDuelist:ParallelPortArmor","theDuelist:MetalDetector","theDuelist:IronDraw","theDuelist:ArtifactIgnition","theDuelist:AncientGearWorkshop"],"picked":"SKIP","floor":10},{"not_picked":["theDuelist:FrontlineObserver","theDuelist:AncientGearBox","theDuelist:JunkKuriboh","theDuelist:ParallelPortArmor"],"picked":"theDuelist:GreenGadget","floor":12},{"not_picked":["theDuelist:SwordsConcealing","theDuelist:SevenCompleted","theDuelist:OrcustCrescendo","theDuelist:MachineKingPrototype"],"picked":"theDuelist:SatelliteCannon","floor":16},{"not_picked":["theDuelist:SolemnStrike+1","theDuelist:BlindDestruction+1","theDuelist:BarrelDragon+1"],"picked":"SKIP","floor":18},{"not_picked":["theDuelist:CyberArchfiend","theDuelist:CannonSoldier","theDuelist:Factory100Machines+1","theDuelist:AncientGearBox"],"picked":"theDuelist:AncientGearGolem","floor":23},{"not_picked":["theDuelist:Oilman","theDuelist:SolarWindJammer","theDuelist:CyberRaider","theDuelist:GreenGadget"],"picked":"theDuelist:HeavyMetalRaiders","floor":25},{"not_picked":["theDuelist:DoubleTool+1","theDuelist:CoreBlaster","theDuelist:Factory100Machines+1","theDuelist:AncientGearFist"],"picked":"theDuelist:CardsFromTheSky+1","floor":28},{"not_picked":["theDuelist:ScrapBeast","theDuelist:Factory100Machines","theDuelist:CyberRaider+1","theDuelist:CardsFromTheSky"],"picked":"theDuelist:GearGigant","floor":30},{"not_picked":["theDuelist:SwordsConcealing","theDuelist:SolemnWarning","theDuelist:PlatinumGadget","theDuelist:Deskbot007+1"],"picked":"theDuelist:TurretWarrior+1","floor":33},{"not_picked":["theDuelist:OrcustCrescendo+1","theDuelist:IronhammerGiant","theDuelist:GoldenBlastJuggler+1","theDuelist:Deskbot009"],"picked":"theDuelist:TurretWarrior+1","floor":35},{"not_picked":["theDuelist:DamageToken+1","theDuelist:StimToken+1","theDuelist:ZombieToken+1","theDuelist:EntrenchToken+1","theDuelist:GreaseToken+1"],"picked":"SKIP","floor":38},{"not_picked":["theDuelist:GenexAllyBirdman","theDuelist:GearGigant","theDuelist:Factory100Machines+1","theDuelist:Biofalcon+1"],"picked":"theDuelist:CardsFromTheSky+1","floor":39},{"not_picked":["theDuelist:ParallelPortArmor","theDuelist:MetalDetector+1","theDuelist:IronDraw","theDuelist:AncientGearWorkshop+1","theDuelist:ArtifactIgnition"],"picked":"SKIP","floor":45},{"not_picked":["Finesse","Impatience","Swift Strike"],"picked":"Dark Shackles+1","floor":47},{"not_picked":["theDuelist:RoboticKnight","theDuelist:AllySalvo+1","theDuelist:Deskbot005+1","theDuelist:CyberArchfiend"],"picked":"theDuelist:AncientGearBox+1","floor":48}],"player_experience":243494,"relics_obtained":[{"floor":9,"key":"Regal Pillow"},{"floor":12,"key":"Ancient Tea Set"},{"floor":20,"key":"Enchiridion"},{"floor":23,"key":"theDuelist:BlessingAnubis"},{"floor":23,"key":"Strawberry"},{"floor":26,"key":"Nunchaku"},{"floor":28,"key":"InkBottle"},{"floor":28,"key":"Pen Nib"},{"floor":43,"key":"theDuelist:SummonAnchor"},{"floor":45,"key":"Calipers"},{"floor":45,"key":"Pocketwatch"},{"floor":47,"key":"PreservedInsect"},{"floor":47,"key":"theDuelist:MonsterEggRelic"}],"event_choices":[{"power_reward":4,"total_magic_score":25,"gold_gain":0,"duelist":true,"damage_taken":0,"relics_obtained":[],"points":6,"max_hp_gain":0,"max_hp_loss":0,"spent_points":{"magic":0,"greed":0,"war":0,"power":4,"hunger":2},"event_name":"Nameless Tomb","floor":2,"gold_loss":0,"cards_obtained":["theDuelist:Nameless:Power:Beatraptor"]},{"damage_healed":0,"gold_gain":0,"player_choice":"Leave","duelist":true,"damage_taken":0,"max_hp_gain":0,"max_hp_loss":0,"event_name":"Battle City","floor":7,"gold_loss":0},{"damage_healed":0,"gold_gain":0,"player_choice":"Success","damage_taken":7,"relics_obtained":["Bag of Preparation"],"max_hp_gain":0,"max_hp_loss":0,"event_name":"Scrap Ooze","floor":13,"gold_loss":0},{"damage_healed":0,"gold_gain":0,"player_choice":"Took item - Received: Millennium Ring","duelist":true,"damage_taken":0,"max_hp_gain":0,"max_hp_loss":0,"event_name":"Millennium Items","floor":19,"gold_loss":0},{"damage_healed":0,"gold_gain":0,"player_choice":"Obtained Book","damage_taken":16,"max_hp_gain":0,"max_hp_loss":0,"event_name":"Cursed Tome","floor":20,"gold_loss":0},{"damage_healed":0,"gold_gain":0,"player_choice":"Inject Mutagens","damage_taken":0,"relics_obtained":["MutagenicStrength"],"max_hp_gain":0,"max_hp_loss":0,"event_name":"Drug Dealer","floor":22,"gold_loss":0},{"damage_healed":0,"gold_gain":0,"player_choice":"Leave","duelist":true,"damage_taken":0,"max_hp_gain":0,"max_hp_loss":0,"event_name":"Egyptian Village","floor":29,"gold_loss":0},{"damage_healed":0,"gold_gain":0,"player_choice":"Fight","damage_taken":0,"max_hp_gain":0,"max_hp_loss":0,"event_name":"Colosseum","floor":31,"gold_loss":0},{"damage_healed":0,"gold_gain":0,"player_choice":"Fled From Nobs","damage_taken":0,"max_hp_gain":0,"max_hp_loss":0,"event_name":"Colosseum","floor":31,"gold_loss":0},{"damage_healed":0,"gold_gain":0,"player_choice":"Forge","damage_taken":0,"max_hp_gain":0,"max_hp_loss":0,"event_name":"Accursed Blacksmith","floor":37,"gold_loss":0,"cards_upgraded":["theDuelist:CardsFromTheSky"]},{"damage_healed":0,"gold_gain":0,"player_choice":"Copied","damage_taken":0,"max_hp_gain":0,"max_hp_loss":0,"event_name":"Duplicator","floor":41,"gold_loss":0,"cards_obtained":["theDuelist:TurretWarrior"]},{"cards_removed":["theDuelist:Sparks"],"damage_healed":0,"gold_gain":0,"player_choice":"Purged","damage_taken":0,"max_hp_gain":0,"max_hp_loss":0,"event_name":"Purifier","floor":46,"gold_loss":0}],"is_beta":false,"boss_relics":[{"not_picked":["Empty Cage","Inserter"],"picked":"Black Star"},{"not_picked":["HoveringKite","Fusion Hammer"],"picked":"Sozu"}],"items_purged_floors":[36,44],"is_endless":false,"potions_floor_spawned":[3,4,8,10,23,30,33,39,45],"ascension_level":9}}