{"host":"ec09novo68szpe7d","time":1609023777,"event":{"mods":["AchievementEnabler","BaseMod","Bestiary","Minty Spire (QoL Compilation)","StSLib"],"gold_per_floor":[109,120,120,143,162,162,203,203,203,81,95,135,164,202,202,331,331,350,363,381,381,402,440,440,455,523,523,548,569,569,610,610,730,730,746,99,432,432,449,476,492,520,520,548,592,624,24,38,38,38,38,38,38,63,63],"floor_reached":56,"playtime":3545,"items_purged":["Strike_B","Strike_B","Strike_B"],"score":1476,"play_id":"f7ccaa5c-4293-401e-b38a-f607addde5a5","local_time":"20201227000257","is_ascension_mode":true,"campfire_choices":[{"floor":6.0,"key":"REST"},{"floor":8.0,"key":"REST"},{"floor":15.0,"key":"RECALL"},{"floor":24.0,"key":"REST"},{"floor":27.0,"key":"REST"},{"floor":32.0,"key":"REST"},{"data":"Dualcast","floor":49.0,"key":"PURGE"},{"data":"Defend_B","floor":52.0,"key":"PURGE"}],"circlet_count":0,"master_deck":["Defend_B","Defend_B","Defend_B","Zap","Gash","Chill","Gash","Self Repair","Gash","Machine Learning","Genetic Algorithm+1","Skim+1","Multi-Cast","All For One","Gash","Hologram","Hologram","Scrape","Beam Cell+1","Genetic Algorithm+1","Gash+1","Skim+1","Scrape+1","Genetic Algorithm+1","Recycle","Scrape+1","Scrape+1"],"relics":["Cracked Core","Torii","Toy Ornithopter","Pen Nib","Sundial","Odd Mushroom","Singing Bowl","Sozu","MealTicket","Art of War","Runic Pyramid","Shuriken","Ice Cream","Emotion Chip","Ancient Tea Set","MawBank","Prayer Wheel","Peace Pipe","DollysMirror","Whetstone"],"acts_visited":["Exordium","TheCity","TheBeyond","TheEnding"],"potions_floor_usage":[55],"damage_taken":[{"damage":1.0,"enemies":"Cultist","floor":1.0,"turns":4.0},{"damage":1.0,"enemies":"Small Slimes","floor":2.0,"turns":3.0},{"damage":2.0,"enemies":"Jaw Worm","floor":4.0,"turns":5.0},{"damage":9.0,"enemies":"Red Slaver","floor":5.0,"turns":4.0},{"damage":13.0,"enemies":"Gremlin Nob","floor":7.0,"turns":4.0},{"damage":0.0,"enemies":"2 Fungi Beasts","floor":11.0,"turns":3.0},{"damage":7.0,"enemies":"Lagavulin","floor":12.0,"turns":7.0},{"damage":9.0,"enemies":"The Mushroom Lair","floor":13.0,"turns":5.0},{"damage":10.0,"enemies":"3 Sentries","floor":14.0,"turns":8.0},{"damage":20.0,"enemies":"The Guardian","floor":16.0,"turns":9.0},{"damage":21.0,"enemies":"3 Byrds","floor":18.0,"turns":6.0},{"damage":7.0,"enemies":"Chosen","floor":19.0,"turns":6.0},{"damage":15.0,"enemies":"Centurion and Healer","floor":20.0,"turns":7.0},{"damage":23.0,"enemies":"Snake Plant","floor":22.0,"turns":4.0},{"damage":47.0,"enemies":"Book of Stabbing","floor":23.0,"turns":7.0},{"damage":12.0,"enemies":"Shelled Parasite and Fungi","floor":25.0,"turns":5.0},{"damage":0.0,"enemies":"Chosen and Byrds","floor":28.0,"turns":4.0},{"damage":7.0,"enemies":"Sentry and Sphere","floor":29.0,"turns":4.0},{"damage":36.0,"enemies":"Slavers","floor":31.0,"turns":5.0},{"damage":8.0,"enemies":"Automaton","floor":33.0,"turns":6.0},{"damage":1.0,"enemies":"Orb Walker","floor":35.0,"turns":3.0},{"damage":6.0,"enemies":"3 Shapes","floor":39.0,"turns":3.0},{"damage":6.0,"enemies":"Giant Head","floor":40.0,"turns":6.0},{"damage":0.0,"enemies":"Maw","floor":41.0,"turns":4.0},{"damage":9.0,"enemies":"Reptomancer","floor":42.0,"turns":4.0},{"damage":38.0,"enemies":"4 Shapes","floor":44.0,"turns":3.0},{"damage":2.0,"enemies":"Nemesis","floor":45.0,"turns":3.0},{"damage":0.0,"enemies":"Jaw Worm Horde","floor":46.0,"turns":3.0},{"damage":0.0,"enemies":"Spire Growth","floor":48.0,"turns":3.0},{"damage":30.0,"enemies":"Awakened One","floor":50.0,"turns":5.0},{"damage":1,"enemies":"Shield and Spear","floor":54,"turns":4},{"damage":62,"enemies":"The Heart","floor":55,"turns":6}],"seed_played":"-5136275299396763236","potions_obtained":[{"floor":1.0,"key":"Strength Potion"},{"floor":5.0,"key":"PotionOfCapacity"},{"floor":7.0,"key":"SteroidPotion"},{"floor":14.0,"key":"Block Potion"},{"floor":16.0,"key":"EntropicBrew"}],"is_trial":false,"path_per_floor":["M","M","?","M","M","R","E","R","T","$","M","E","?","E","R","B",null,"M","M","M","?","M","E","R","M","T","R","M","M","?","E","R","B",null,"M","$","?","?","M","E","M","E","T","M","E","M","$","M","R","B",null,"R","$","E","B",null],"character_chosen":"DEFECT","items_purchased":["Gash","Shuriken","Ice Cream","Peace Pipe","DollysMirror","Recycle"],"campfire_rested":5,"item_purchase_floors":[10,36,36,47,47,47],"current_hp_per_floor":[53,52,34,32,23,45,32,54,54,54,61,61,59,58,58,50,77,63,63,57,57,43,13,37,25,25,49,56,56,56,20,44,45,83,85,85,85,85,81,82,89,87,87,49,56,67,82,91,91,68,97,97,97,96,46],"gold":63,"neow_bonus":"ONE_RARE_RELIC","is_daily":false,"chose_seed":false,"campfire_upgraded":0,"win_rate":0.0,"timestamp":1609023777,"path_taken":["M","M","?","M","M","R","E","R","T","$","M","E","?","E","R","BOSS","M","M","M","?","?","E","R","M","T","R","M","M","?","E","R","BOSS","M","$","?","?","M","E","M","E","T","M","E","?","$","M","R","BOSS","R","$","E","BOSS"],"items_purchased_type":["Card","Relic","Relic","Relic","Relic","Card"],"build_version":"2020-12-22","purchased_purges":3,"victory":true,"max_hp_per_floor":[75,75,75,75,75,75,75,75,75,75,75,75,75,77,77,77,77,77,77,79,79,81,81,81,81,81,81,81,81,81,81,81,83,83,85,85,85,85,87,87,89,89,89,89,91,95,95,97,97,97,97,97,97,97,97],"card_choices":[{"not_picked":["Rip and Tear","Coolheaded"],"picked":"Gash","floor":1.0},{"not_picked":["Lockon","Static Discharge","White Noise"],"picked":"SKIP","floor":2.0},{"not_picked":["Coolheaded","Leap"],"picked":"Chill","floor":4.0},{"not_picked":["Heatsinks","Rebound"],"picked":"Gash","floor":5.0},{"not_picked":["Leap","Capacitor"],"picked":"Self Repair","floor":7.0},{"not_picked":["Sweeping Beam","Leap","Fusion"],"picked":"SKIP","floor":11.0},{"not_picked":["Streamline","Cold Snap","Rebound"],"picked":"SKIP","floor":12.0},{"not_picked":["Biased Cognition","Sunder","Rip and Tear"],"picked":"Singing Bowl","floor":14.0},{"not_picked":["Electrodynamics","Meteor Strike"],"picked":"Machine Learning","floor":16.0},{"not_picked":["Sweeping Beam","Stack"],"picked":"Genetic Algorithm+1","floor":18.0},{"not_picked":["Coolheaded","Gash"],"picked":"Skim+1","floor":19.0},{"not_picked":["Reinforced Body","Go for the Eyes","Stack"],"picked":"Singing Bowl","floor":20.0},{"not_picked":["Heatsinks","Streamline","Rebound"],"picked":"Singing Bowl","floor":22.0},{"not_picked":["Beam Cell","Go for the Eyes"],"picked":"All For One","floor":23.0},{"not_picked":["Ball Lightning","Steam"],"picked":"Gash","floor":25.0},{"not_picked":["Leap","Self Repair"],"picked":"Hologram","floor":28.0},{"not_picked":["Stack","Turbo"],"picked":"Hologram","floor":29.0},{"not_picked":["Turbo","Capacitor"],"picked":"Beam Cell+1","floor":31.0},{"not_picked":["Echo Form","Reboot","Electrodynamics"],"picked":"Singing Bowl","floor":33.0},{"not_picked":["Rip and Tear+1","Go for the Eyes","Redo"],"picked":"Singing Bowl","floor":35.0},{"not_picked":["Compile Driver+1","Conserve Battery","Darkness"],"picked":"Singing Bowl","floor":39.0},{"not_picked":["Cold Snap","Recycle"],"picked":"Gash","floor":40.0},{"not_picked":["Sweeping Beam","Steam","Consume+1"],"picked":"Singing Bowl","floor":41.0},{"not_picked":["Loop","Hologram"],"picked":"Skim+1","floor":42.0},{"not_picked":["Loop+1","Sweeping Beam+1"],"picked":"Scrape","floor":44.0},{"not_picked":["Auto Shields+1","Sweeping Beam","Leap"],"picked":"Singing Bowl","floor":45.0},{"not_picked":["Undo+1","Coolheaded+1","Barrage+1"],"picked":"Singing Bowl","floor":46.0},{"not_picked":["Streamline","Conserve Battery+1","Beam Cell+1"],"picked":"Singing Bowl","floor":46.0},{"not_picked":["Coolheaded+1","Amplify"],"picked":"Scrape+1","floor":48.0},{"not_picked":["Rebound","Turbo","Steam"],"picked":"Singing Bowl","floor":48.0},{"not_picked":["Turbo+1","Streamline+1"],"picked":"Scrape+1","floor":54}],"player_experience":214240,"relics_obtained":[{"floor":7.0,"key":"Toy Ornithopter"},{"floor":9.0,"key":"Pen Nib"},{"floor":12.0,"key":"Sundial"},{"floor":13.0,"key":"Odd Mushroom"},{"floor":14.0,"key":"Singing Bowl"},{"floor":23.0,"key":"MealTicket"},{"floor":31.0,"key":"Art of War"},{"floor":40.0,"key":"Emotion Chip"},{"floor":42.0,"key":"Ancient Tea Set"},{"floor":43.0,"key":"MawBank"},{"floor":45.0,"key":"Prayer Wheel"},{"floor":54,"key":"Whetstone"}],"event_choices":[{"damage_healed":0.0,"max_hp_gain":0.0,"max_hp_loss":0.0,"gold_gain":0.0,"event_name":"Golden Idol","player_choice":"Take Damage","floor":3.0,"gold_loss":0.0,"damage_taken":18.0,"relics_obtained":["Golden Idol"]},{"damage_healed":0.0,"max_hp_gain":0.0,"max_hp_loss":0.0,"gold_gain":0.0,"event_name":"Mushrooms","player_choice":"Fought Mushrooms","floor":13.0,"gold_loss":0.0,"damage_taken":0.0},{"damage_healed":0.0,"max_hp_gain":0.0,"max_hp_loss":0.0,"gold_gain":0.0,"cards_transformed":["Strike_B"],"event_name":"Transmorgrifier","player_choice":"Transformed","floor":21.0,"gold_loss":0.0,"damage_taken":0.0,"cards_obtained":["Multi-Cast"]},{"damage_healed":0.0,"max_hp_gain":0.0,"max_hp_loss":0.0,"gold_gain":0.0,"event_name":"The Library","player_choice":"Read","floor":30.0,"gold_loss":0.0,"damage_taken":0.0,"cards_obtained":["Scrape"]},{"damage_healed":0.0,"max_hp_gain":0.0,"max_hp_loss":0.0,"gold_gain":333.0,"event_name":"The Moai Head","player_choice":"Gave Idol","floor":37.0,"relics_lost":["Golden Idol"],"gold_loss":0.0,"damage_taken":0.0},{"damage_healed":0.0,"max_hp_gain":0.0,"max_hp_loss":0.0,"gold_gain":0.0,"event_name":"Duplicator","player_choice":"Copied","floor":38.0,"gold_loss":0.0,"damage_taken":0.0,"cards_obtained":["Genetic Algorithm"]}],"is_beta":false,"boss_relics":[{"not_picked":["Velvet Choker","Fusion Hammer"],"picked":"Sozu"},{"not_picked":["Philosopher\u0027s Stone","Runic Dome"],"picked":"Runic Pyramid"}],"items_purged_floors":[10,36,47],"is_endless":false,"potions_floor_spawned":[1,5,7,14,16,20,22,23,29,31,35,39,41,42,48],"ascension_level":2}}