{"host":"0azimyi6n3ugndj4","time":1609004975,"event":{"mods":["2.2 Compatiblity","BaseMod","Bestiary","Conspire","Curses Come First","Defuse TimeMaze Blight","Hyrulean Relics","Infinite Spire","Minty Spire (QoL Compilation)","Relic Stats","Replay The Spire","StSLib","SuperFastMode","Uncapped","¡¼?Úª?ø«¡½REMEMod"],"gold_per_floor":[138,63,117,17,17,104,54,182,208,238,238,238,289,349,349,349,349],"floor_reached":16,"playtime":345,"items_purged":["Replay:AllIn"],"score":270,"play_id":"8f6ea28a-d7ad-4269-a9eb-f786d1a5ff0f","local_time":"20201227024935","daily_mods":["Shiny","Vintage","ControlledChaos","Diverse","Colorless Cards","Heirloom","Time Dilation","Flight","Binary","Elite Swarm","Lethality","Midas","Night Terrors","Binary"],"is_ascension_mode":true,"campfire_choices":[{"floor":15,"key":"DIG"}],"circlet_count":0,"master_deck":["Demon Form","Wraith Form v2","Echo Form","DevaForm","AscendersBane","Brilliance","Devotion","LessonLearned","Vault","Alpha","Establishment","REME_WorshipGod","Replay:LoomingThreat","DeusExMachina","Judgement","ConjureBlade","REME_EmptyShield","MasterReality","Blasphemy","Ragnarok","REME_CRH","Scrawl","Wish","Omniscience","SpiritShield","DevaForm","Hyperbeam","REME_ForAll","Machine Learning","Buffer","Mirror Shield","Seek","Echo Form","All For One","Reboot","Fission","Core Surge","Multi-Cast","Thunder Strike","Biased Cognition","REME_Shoggoth","Electrodynamics","ReplayRNGCard","ReplayTheSpireMod:Omega Cannon","Rainbow","Meteor Strike","Amplify","Creative AI","REME_ShadowForm","ReplayTheSpireMod:Necrosis","Corpse Explosion","Die Die Die","Atom Bomb","ReplayTheSpireMod:From All Sides","Adrenaline","Envenom","Doppelganger","Burst","Wraith Form v2","REME_SpectralBlade","Tools of the Trade","REME_CopyPotion","After Image","Poison Darts","A Thousand Cuts","Venomology","Replay:Bag of Tricks","Malaise","Phantasmal Killer","Night Terror","infinitespire:Neurotoxin","Unload","REME_GrazeFinale","Bullet Time","Storm of Steel","Glass Knife","Grand Finale","Double Tap","Demon Form","REME_ACTH","Fiend Fire","Eclipse","conspire:Purge","Berserk","Impervious","Juggernaut","Brutality","Demonic Infusion","conspire:HitWhereItHurts","Exhume","Offering","REME_Fury","Bludgeon","Feed","Replay:Many Hands","Limit Break","Corruption","Barricade","Hemogenesis","REME_TheLastStrike","Reaper","Immolate","Thinking Ahead","Metamorphosis","Master of Strategy","Magnetism","REME_HeartOfCthun","Chrysalis","Mayhem","REME_PuzzleBox","Secret Weapon","Midas Touch","ReplayTheSpireMod:Brewmster","REME_AllRoundStrike","Poisoned Strike","REME_MawOfCthun","REME_EyeOfCthun","REME_WheelOfFate","Sadistic Nature","Replay:Dark Deal","REME_Flogging","ReplayUltimateDefense","Transmutation","HandOfGreed","ReplayTheSpireMod:Necrogeddon","Apotheosis","Panache","Violence","Secret Technique","REME_BodyOfCthun","The Bomb","Crow Ritual","REME_BuildACard","REME_ProfessionalPlagiarism","Tools of the Trade","Ghostly","conspire:SpireCoStock","REME_PuzzleBox+1"],"relics":["Burning Blood","Frozen Eye","Busted Crown","REME_ComplimentaryCards","StoneCalendar","Prayer Wheel","Strawberry","Akabeko","zeldaRelics:CourageTriforce","Sundial","zeldaRelics:BlueTunic","Thread and Needle","Divine Protection","Smiling Mask"],"acts_visited":["Exordium"],"potions_floor_usage":[16,16],"damage_taken":[{"damage":4,"enemies":"infinitespire:Voidling","floor":1,"turns":2},{"damage":0,"enemies":"Small Slimes","floor":3,"turns":2},{"damage":25,"enemies":"Lagavulin","floor":6,"turns":5},{"damage":26,"enemies":"3 Sentries","floor":8,"turns":4},{"damage":15,"enemies":"Jaw Worm","floor":10,"turns":2},{"damage":14,"enemies":"Jaw Worm","floor":11,"turns":3},{"damage":14,"enemies":"3 Louse","floor":13,"turns":3},{"damage":6,"enemies":"Exordium Wildlife","floor":14,"turns":1},{"damage":23,"enemies":"Slime Boss","floor":16,"turns":4}],"seed_played":"-1261345124632800832","potions_obtained":[{"floor":8,"key":"Dexterity Potion"},{"floor":13,"key":"SkillPotion"}],"is_trial":true,"path_per_floor":["M","$","M","?","$","E","?","E","T","M","?","?","M","M","R","B"],"character_chosen":"IRONCLAD","items_purchased":[],"campfire_rested":0,"item_purchase_floors":[],"current_hp_per_floor":[77,77,82,82,82,63,63,43,43,34,26,26,18,18,18,0,0],"gold":349,"neow_bonus":"","is_daily":false,"chose_seed":false,"campfire_upgraded":0,"win_rate":0.0,"timestamp":1609004975,"path_taken":["M","$","?","?","?","E","?","E","T","?","?","?","M","M","R","BOSS"],"items_purchased_type":[],"build_version":"2020-12-22","purchased_purges":1,"victory":false,"max_hp_per_floor":[82,82,82,82,82,82,82,82,82,82,82,82,82,82,82,82,82],"relic_stats":{"Busted Crown":10,"counters":[9,26],"Sundial":[0],"StoneCalendar":[0],"Prayer Wheel":0,"Smiling Mask":0,"obtain_stats":[{"zeldaRelics:BlueTunic":11,"Divine Protection":14,"StoneCalendar":0,"Thread and Needle":13,"Smiling Mask":15,"Burning Blood":0,"Akabeko":3,"zeldaRelics:CourageTriforce":9,"Frozen Eye":0,"Busted Crown":0,"Sundial":10,"Strawberry":1,"Prayer Wheel":1,"zeldaRelics:CouragePiece":6,"REME_ComplimentaryCards":0},{"zeldaRelics:BlueTunic":6,"Divine Protection":8,"StoneCalendar":0,"Thread and Needle":7,"Smiling Mask":8,"Burning Blood":0,"Akabeko":2,"zeldaRelics:CourageTriforce":4,"Frozen Eye":0,"Busted Crown":0,"Sundial":5,"Strawberry":1,"Prayer Wheel":1,"zeldaRelics:CouragePiece":3,"REME_ComplimentaryCards":0},{"zeldaRelics:BlueTunic":18,"Divine Protection":22,"StoneCalendar":0,"Thread and Needle":21,"Smiling Mask":22,"Burning Blood":0,"Akabeko":4,"zeldaRelics:CourageTriforce":13,"Frozen Eye":0,"Busted Crown":0,"Sundial":15,"Strawberry":2,"Prayer Wheel":2,"zeldaRelics:CouragePiece":9,"REME_ComplimentaryCards":0}],"Burning Blood":47},"card_choices":[],"player_experience":1438657,"relics_obtained":[{"floor":1,"key":"Strawberry"},{"floor":3,"key":"Akabeko"},{"floor":6,"key":"zeldaRelics:CouragePiece"},{"floor":8,"key":"zeldaRelics:CouragePiece"},{"floor":9,"key":"zeldaRelics:CouragePiece"},{"floor":10,"key":"Sundial"},{"floor":11,"key":"zeldaRelics:BlueTunic"},{"floor":13,"key":"Thread and Needle"},{"floor":14,"key":"Divine Protection"},{"floor":15,"key":"Smiling Mask"}],"event_choices":[{"damage_healed":0,"gold_gain":0,"player_choice":"Argue","damage_taken":0,"max_hp_gain":0,"max_hp_loss":0,"event_name":"conspire:LoneGhost","floor":4,"gold_loss":0},{"damage_healed":0,"gold_gain":0,"player_choice":"Invest 1","damage_taken":0,"max_hp_gain":0,"max_hp_loss":0,"event_name":"conspire:Investor","floor":7,"gold_loss":0}],"is_beta":false,"boss_relics":[],"items_purged_floors":[2],"is_endless":false,"potions_floor_spawned":[8,13,14],"killed_by":"Slime Boss","ascension_level":20}}