{"host":"j204k34h42bd6fas","time":1609019769,"event":{"mods":["Aspiration","BaseMod","Colored Map","Colored Powertips","Conspire","Energized Spire","Hubris","Infinite Spire","JesterMod","Mimic Mod","Minty Spire (QoL Compilation)","Rare Cards Sparkle","Relic Stats","Replay The Spire","Say the Spire","StSLib","The Cursed","The Marked"],"gold_per_floor":[115,129,129,32,51,51,86,86,125,125,145,320,353,372,372,469,469,482,494,0,11,11,11,11,21,71,96,116,116,116],"floor_reached":29,"playtime":1251,"items_purged":[],"score":319,"play_id":"7aea23ec-2980-4583-a0b8-bb6496790667","local_time":"20201226165609","is_ascension_mode":true,"campfire_choices":[{"data":"Neutralize","floor":6,"key":"SMITH"},{"floor":8,"key":"REST"},{"floor":10,"key":"REST"},{"floor":15,"key":"REST"},{"floor":23,"key":"REST"}],"circlet_count":0,"master_deck":["Strike_G","Strike_G","Strike_G","Strike_G","Strike_G","Defend_G","Defend_G","Defend_G","Defend_G","Survivor","Neutralize+1","Dagger Throw","Dagger Spray","Backflip","Reflex","Dodge and Roll","Backstab","Prepared","Outmaneuver","Doubt","Choke","Distraction","Phantasmal Killer","Footwork+1","Dash+1","Crow Ritual","Infinite Blades","Acrobatics","Leg Sweep","Die Die Die","Slice+1"],"relics":["Ring of the Snake","NeowsBlessing","hubris:MobiusCoin","Art of War","infinitespire:PuzzleCube","hubris:GrandSneckoEye","infinitespire:ShieldingShard","Toy Ornithopter","energizedSpire:PogoStick","Gremlin Food"],"acts_visited":["Exordium","TheCity"],"potions_floor_usage":[25,25],"damage_taken":[{"damage":0,"enemies":"Small Slimes","floor":1,"turns":1},{"damage":0,"enemies":"conspire:RoseBush","floor":2,"turns":1},{"damage":0,"enemies":"Jaw Worm","floor":5,"turns":1},{"damage":41,"enemies":"Gremlin Nob","floor":7,"turns":5},{"damage":1,"enemies":"Exordium Thugs","floor":9,"turns":8},{"damage":8,"enemies":"Exordium Thugs","floor":11,"turns":5},{"damage":26,"enemies":"3 Sentries","floor":13,"turns":9},{"damage":7,"enemies":"Large Slime","floor":14,"turns":5},{"damage":46,"enemies":"Fading Forest","floor":16,"turns":11},{"damage":3,"enemies":"Spheric Guardian","floor":18,"turns":3},{"damage":8,"enemies":"Chosen","floor":19,"turns":2},{"damage":22,"enemies":"conspire:HollyBat","floor":21,"turns":7},{"damage":5,"enemies":"Snake Plant","floor":25,"turns":2},{"damage":4,"enemies":"Replay:Snechameleon","floor":27,"turns":7},{"damage":6,"enemies":"Centurion and Healer","floor":28,"turns":2},{"damage":26,"enemies":"Slavers","floor":29,"turns":2}],"seed_played":"115378836987363185","potions_obtained":[{"floor":2,"key":"Energy Potion"},{"floor":11,"key":"Dexterity Potion"},{"floor":16,"key":"SteroidPotion"},{"floor":21,"key":"Fire Potion"},{"floor":28,"key":"Strength Potion"}],"is_trial":false,"path_per_floor":["M","M","?","$","M","R","E","R","MIM","R","M","?","E","M","R","B",null,"M","M","$","M","AVR","R","?","M","T","E","M","E"],"character_chosen":"THE_SILENT","items_purchased":["Backflip","Reflex","infinitespire:ShieldingShard","Crow Ritual","Infinite Blades"],"campfire_rested":4,"item_purchase_floors":[4,4,20,20,20],"current_hp_per_floor":[70,70,70,70,70,70,29,50,49,70,62,62,36,29,50,16,57,54,46,46,24,24,45,45,50,50,46,40,14,14],"gold":116,"neow_bonus":"THREE_ENEMY_KILL","is_daily":false,"chose_seed":false,"campfire_upgraded":1,"win_rate":0.0,"timestamp":1609019769,"path_taken":["M","M","?","$","?","R","E","R","MIM","R","M","?","E","M","R","BOSS","M","M","$","M","AVR","R","?","?","T","E","?","E"],"items_purchased_type":["Card","Card","Relic","Card","Card"],"build_version":"2020-12-22","purchased_purges":0,"victory":false,"max_hp_per_floor":[70,70,70,70,70,70,70,70,70,70,70,70,70,70,70,70,70,70,70,70,70,70,70,70,70,70,70,70,70,70],"relic_stats":{"counters":[16,71],"Art of War":[3],"obtain_stats":[{"energizedSpire:PogoStick":22,"Gremlin Food":27,"hubris:MobiusCoin":7,"infinitespire:ShieldingShard":20,"NeowsBlessing":0,"Art of War":9,"hubris:GrandSneckoEye":17,"infinitespire:PuzzleCube":13,"Toy Ornithopter":22,"Ring of the Snake":0},{"energizedSpire:PogoStick":12,"Gremlin Food":14,"hubris:MobiusCoin":4,"infinitespire:ShieldingShard":11,"NeowsBlessing":0,"Art of War":5,"hubris:GrandSneckoEye":9,"infinitespire:PuzzleCube":7,"Toy Ornithopter":12,"Ring of the Snake":0},{"energizedSpire:PogoStick":58,"Gremlin Food":67,"hubris:MobiusCoin":8,"infinitespire:ShieldingShard":51,"NeowsBlessing":0,"Art of War":16,"hubris:GrandSneckoEye":46,"infinitespire:PuzzleCube":30,"Toy Ornithopter":58,"Ring of the Snake":0}],"Toy Ornithopter":10,"Ring of the Snake":[32]},"card_choices":[{"not_picked":["Fluid Movement","Hidden Blade"],"picked":"Dagger Throw","floor":1},{"not_picked":["Skewer","ReplayTheSpireMod:The Works"],"picked":"Dagger Spray","floor":2},{"not_picked":["Replay:Poison Smokescreen","Endless Agony"],"picked":"Dodge and Roll","floor":5},{"not_picked":["Finisher","Hidden Blade"],"picked":"Backstab","floor":7},{"not_picked":["Bouncing Flask","Quick Slash"],"picked":"Prepared","floor":9},{"not_picked":["Slice","conspire:DoublingDagger"],"picked":"Outmaneuver","floor":11},{"not_picked":["Flying Knee","Leg Sweep"],"picked":"Choke","floor":13},{"not_picked":["Hidden Blade","Sucker Punch"],"picked":"Distraction","floor":14},{"not_picked":["Burst","Venomology"],"picked":"Phantasmal Killer","floor":16},{"not_picked":["Quick Slash","Endless Agony"],"picked":"Footwork+1","floor":18},{"not_picked":["PiercingWail","Flying Knee"],"picked":"Dash+1","floor":19},{"not_picked":["infinitespire:Neurotoxin","Quick Slash"],"picked":"Acrobatics","floor":21},{"not_picked":["Quick Slash","Poisoned Stab"],"picked":"Leg Sweep","floor":25},{"not_picked":["Riddle With Holes","Backflip+1"],"picked":"Die Die Die","floor":27},{"not_picked":["hubris:SlightOfHand","Choke"],"picked":"Slice+1","floor":28}],"player_experience":313650,"relics_obtained":[{"floor":7,"key":"hubris:MobiusCoin"},{"floor":9,"key":"Art of War"},{"floor":13,"key":"infinitespire:PuzzleCube"},{"floor":27,"key":"Gremlin Food"}],"event_choices":[{"cards_removed":["Defend_G"],"damage_healed":0,"gold_gain":0,"player_choice":"Offered Basic","damage_taken":0,"max_hp_gain":0,"max_hp_loss":0,"event_name":"Bonfire Elementals","floor":3,"gold_loss":0},{"damage_healed":0,"gold_gain":175,"player_choice":"AGREE","damage_taken":0,"max_hp_gain":0,"max_hp_loss":0,"event_name":"Liars Game","floor":12,"gold_loss":0,"cards_obtained":["Doubt"]},{"damage_healed":0,"gold_gain":0,"player_choice":"Got Potions","damage_taken":0,"max_hp_gain":0,"max_hp_loss":0,"event_name":"Lab","floor":24,"gold_loss":0}],"is_beta":false,"boss_relics":[{"not_picked":["Velvet Choker","hubris:HollowSoul"],"picked":"hubris:GrandSneckoEye"}],"items_purged_floors":[],"is_endless":false,"potions_floor_spawned":[2,11,16,19,21,28],"killed_by":"Slavers","ascension_level":5}}