{"host":"J","time":1609002630,"event":{"mods":["AchievementEnabler","BaseMod","Block Reminder","Highlight Path","Minty Spire (QoL Compilation)","Permanent Neow","Quick Restart","Relic Stats","UnlockEverythingMod"],"gold_per_floor":[14,30,45,45,63,63,79,79,153,165,192,202,235,33,33,104,104,123,173,173,173,98,98,123,123,123,143,162,162,162,172,172,246,246,265,265,265,281,281,281,281],"floor_reached":40,"playtime":4250,"items_purged":[],"score":1082,"play_id":"910566e3-a269-42ca-809a-1773037e12fb","local_time":"20201226181030","is_ascension_mode":true,"campfire_choices":[{"data":"Zap","floor":6.0,"key":"SMITH"},{"data":"Loop","floor":8.0,"key":"SMITH"},{"data":"Defragment","floor":15.0,"key":"SMITH"},{"data":"Ghostly","floor":23.0,"key":"SMITH"},{"data":"Ghostly","floor":25.0,"key":"SMITH"},{"data":"Ghostly","floor":29.0,"key":"SMITH"},{"data":"Hologram","floor":32.0,"key":"SMITH"}],"circlet_count":0,"master_deck":["AscendersBane","Strike_B+1","Defend_B+1","Defend_B","Defend_B","Defend_B","Zap+1","Dualcast","Sweeping Beam","Self Repair","Ball Lightning","Loop+1","Undo","Coolheaded","Biased Cognition","Hologram","Amplify","Defragment+1","Conserve Battery","Ghostly+1","Ghostly+1","Ghostly+1","Hologram+1","Cold Snap+1","Beam Cell+1","Electrodynamics","Darkness","Doom and Gloom+1"],"relics":["Cracked Core","Incense Burner","White Beast Statue","Gambling Chip","Ancient Tea Set","Lee\u0027s Waffle","Runic Pyramid","Molten Egg 2","Philosopher\u0027s Stone"],"acts_visited":["Exordium","TheCity","TheBeyond"],"potions_floor_usage":[],"damage_taken":[{"damage":0.0,"enemies":"2 Louse","floor":1.0,"turns":2.0},{"damage":7.0,"enemies":"Small Slimes","floor":2.0,"turns":3.0},{"damage":2.0,"enemies":"Jaw Worm","floor":3.0,"turns":3.0},{"damage":7.0,"enemies":"Looter","floor":5.0,"turns":3.0},{"damage":22.0,"enemies":"Exordium Thugs","floor":7.0,"turns":4.0},{"damage":5.0,"enemies":"Red Slaver","floor":10.0,"turns":4.0},{"damage":14.0,"enemies":"Gremlin Nob","floor":11.0,"turns":4.0},{"damage":10.0,"enemies":"Large Slime","floor":12.0,"turns":4.0},{"damage":1.0,"enemies":"Lagavulin","floor":13.0,"turns":5.0},{"damage":0.0,"enemies":"The Guardian","floor":16.0,"turns":7.0},{"damage":0.0,"enemies":"Spheric Guardian","floor":18.0,"turns":4.0},{"damage":0.0,"enemies":"Book of Stabbing","floor":24.0,"turns":5.0},{"damage":0.0,"enemies":"3 Byrds","floor":27.0,"turns":6.0},{"damage":0.0,"enemies":"Snake Plant","floor":28.0,"turns":5.0},{"damage":2.0,"enemies":"Sentry and Sphere","floor":31.0,"turns":5.0},{"damage":0.0,"enemies":"Collector","floor":33.0,"turns":11.0},{"damage":3.0,"enemies":"Orb Walker","floor":35.0,"turns":4.0},{"damage":0,"enemies":"3 Shapes","floor":38,"turns":2},{"damage":0,"enemies":"Giant Head","floor":40,"turns":7}],"seed_played":"2064333443868946378","potions_obtained":[{"floor":1.0,"key":"Ancient Potion"},{"floor":5.0,"key":"Regen Potion"},{"floor":10.0,"key":"SmokeBomb"},{"floor":11.0,"key":"Explosive Potion"},{"floor":12.0,"key":"FearPotion"},{"floor":13.0,"key":"LiquidBronze"},{"floor":16.0,"key":"FocusPotion"},{"floor":18.0,"key":"Fire Potion"},{"floor":24.0,"key":"AttackPotion"},{"floor":28.0,"key":"Fruit Juice"},{"floor":31.0,"key":"DistilledChaos"},{"floor":33.0,"key":"SkillPotion"},{"floor":35.0,"key":"Dexterity Potion"}],"is_trial":false,"path_per_floor":["M","M","M","?","M","R","M","R","T","M","E","M","E","$","R","B",null,"M","?","?","?","?","R","E","R","T","M","M","R","?","M","R","B",null,"M","?","?","M","?","E"],"character_chosen":"DEFECT","items_purchased":["Lee\u0027s Waffle","Defragment"],"campfire_rested":0,"item_purchase_floors":[14,14],"current_hp_per_floor":[64,57,62,41,34,34,19,19,19,33,26,23,29,78,78,78,78,78,78,39,30,30,30,37,37,37,44,44,44,44,49,49,49,49,49,49,47,47,47,47,47],"gold":281,"neow_bonus":"ONE_RARE_RELIC","is_daily":false,"chose_seed":false,"campfire_upgraded":7,"win_rate":0.0,"timestamp":1609002630,"path_taken":["M","M","M","?","M","R","M","R","T","M","E","M","E","$","R","BOSS","M","?","?","?","?","R","E","R","T","M","M","R","?","M","R","BOSS","M","?","?","M","?","E"],"items_purchased_type":["Relic","Card"],"build_version":"2020-12-18","purchased_purges":0,"victory":false,"max_hp_per_floor":[71,71,71,71,71,71,71,71,71,71,71,71,71,78,78,78,78,78,78,39,44,44,44,44,44,44,44,44,44,44,49,49,49,49,49,49,47,47,47,47,47],"relic_stats":{"Lee\u0027s Waffle":49,"counters":[19,87],"Gambling Chip":[39],"obtain_stats":[{"Lee\u0027s Waffle":14,"Gambling Chip":11,"Molten Egg 2":24,"Philosopher\u0027s Stone":34,"Incense Burner":0,"Cracked Core":0,"Ancient Tea Set":13,"White Beast Statue":9,"Runic Pyramid":17},{"Lee\u0027s Waffle":9,"Gambling Chip":7,"Molten Egg 2":12,"Philosopher\u0027s Stone":16,"Incense Burner":0,"Cracked Core":0,"Ancient Tea Set":9,"White Beast Statue":5,"Runic Pyramid":10},{"Lee\u0027s Waffle":32,"Gambling Chip":23,"Molten Egg 2":47,"Philosopher\u0027s Stone":74,"Incense Burner":0,"Cracked Core":0,"Ancient Tea Set":32,"White Beast Statue":15,"Runic Pyramid":39}]},"card_choices":[{"not_picked":["Force Field","Gash"],"picked":"Sweeping Beam","floor":1.0},{"not_picked":["Compile Driver","Conserve Battery"],"picked":"Self Repair","floor":2.0},{"not_picked":["Fusion","Heatsinks"],"picked":"Ball Lightning","floor":3.0},{"not_picked":["Streamline","Steam"],"picked":"Loop","floor":5.0},{"not_picked":["Fusion","Beam Cell"],"picked":"Undo","floor":7.0},{"not_picked":["Fusion","Barrage"],"picked":"Coolheaded","floor":10.0},{"not_picked":["Redo","Conserve Battery"],"picked":"Biased Cognition","floor":11.0},{"not_picked":["Rebound","Streamline"],"picked":"Hologram","floor":12.0},{"not_picked":["Blizzard","Redo"],"picked":"Amplify","floor":13.0},{"not_picked":["Stack","Loop+1"],"picked":"Conserve Battery","floor":18.0},{"not_picked":["Barrage+1","Sweeping Beam+1"],"picked":"Hologram","floor":24.0},{"not_picked":["Redo","Blizzard+1","Scrape+1"],"picked":"SKIP","floor":27.0},{"not_picked":["Turbo+1","Ball Lightning+1"],"picked":"Cold Snap+1","floor":28.0},{"not_picked":["Barrage+1","Scrape+1","Coolheaded"],"picked":"SKIP","floor":31.0},{"not_picked":["All For One+1","Amplify"],"picked":"Electrodynamics","floor":33.0},{"not_picked":["Sweeping Beam+1","Steam"],"picked":"Darkness","floor":35.0},{"not_picked":["BootSequence","Reinforced Body"],"picked":"Doom and Gloom+1","floor":38}],"player_experience":175760,"relics_obtained":[{"floor":9.0,"key":"White Beast Statue"},{"floor":11.0,"key":"Gambling Chip"},{"floor":13.0,"key":"Ancient Tea Set"},{"floor":24.0,"key":"Molten Egg 2"}],"event_choices":[{"damage_healed":0.0,"max_hp_gain":0.0,"max_hp_loss":0.0,"gold_gain":0.0,"event_name":"Shining Light","player_choice":"Entered Light","floor":4.0,"gold_loss":0.0,"damage_taken":21.0,"cards_upgraded":["Defend_B","Strike_B"]},{"damage_healed":0.0,"max_hp_gain":0.0,"max_hp_loss":0.0,"gold_gain":50.0,"event_name":"Nest","player_choice":"Stole From Cult","floor":19.0,"gold_loss":0.0,"damage_taken":0.0},{"damage_healed":0.0,"max_hp_gain":0.0,"max_hp_loss":39.0,"gold_gain":0.0,"event_name":"Ghosts","player_choice":"Became a Ghost","floor":20.0,"gold_loss":0.0,"damage_taken":0.0,"cards_obtained":["Ghostly","Ghostly","Ghostly"]},{"damage_healed":0.0,"max_hp_gain":5.0,"max_hp_loss":0.0,"gold_gain":0.0,"event_name":"Forgotten Altar","player_choice":"Shed Blood","floor":21.0,"gold_loss":0.0,"damage_taken":14.0},{"cards_removed":["Strike_B"],"damage_healed":0.0,"max_hp_gain":0.0,"max_hp_loss":0.0,"gold_gain":0.0,"event_name":"Beggar","player_choice":"Gave Gold","floor":22.0,"gold_loss":75.0,"damage_taken":0.0},{"damage_healed":0.0,"max_hp_gain":0.0,"max_hp_loss":0.0,"gold_gain":0.0,"event_name":"The Library","player_choice":"Read","floor":30.0,"gold_loss":0.0,"damage_taken":0.0,"cards_obtained":["Beam Cell"]},{"cards_removed":["Strike_B"],"damage_healed":0.0,"max_hp_gain":0.0,"max_hp_loss":0.0,"gold_gain":0.0,"event_name":"Falling","player_choice":"Removed Attack","floor":36.0,"gold_loss":0.0,"damage_taken":0.0},{"damage_healed":0.0,"max_hp_gain":0.0,"max_hp_loss":2.0,"gold_gain":0.0,"event_name":"Winding Halls","player_choice":"Max HP","floor":37.0,"gold_loss":0.0,"damage_taken":0.0},{"cards_removed":["Strike_B"],"damage_healed":0,"gold_gain":0,"player_choice":"Purged","damage_taken":0,"max_hp_gain":0,"max_hp_loss":0,"event_name":"Purifier","floor":39,"gold_loss":0}],"is_beta":true,"boss_relics":[{"not_picked":["Ectoplasm","Runic Dome"],"picked":"Runic Pyramid"},{"not_picked":["Sozu","Pandora\u0027s Box"],"picked":"Philosopher\u0027s Stone"}],"items_purged_floors":[],"is_endless":false,"potions_floor_spawned":[1,5,10,11,12,13,16,18,24,27,28,31,33,35,38],"killed_by":"Giant Head","ascension_level":20}}