{"host":"pbf6u3tyx46snqc7","time":1609013859,"event":{"mods":["AchievementEnabler","BaseMod","Colored Map","Minty Spire (QoL Compilation)","Permanent Neow","Rare Cards Sparkle","Shop Mod","SuperFastMode"],"gold_per_floor":[367,367,367,386,404,404,30,65,65,96,127,139,151,179,191,304,316,344,376,408,435,447,459,488,531,592,604,644,656,680,409,409,505,505,516,528,1527,1527,1527],"floor_reached":38,"playtime":3271,"items_purged":["Nirvana"],"score":476,"play_id":"0e8c790c-4e94-4cfe-84a7-925c01b92dfa","local_time":"20201227051739","is_ascension_mode":false,"campfire_choices":[{"data":"Eruption","floor":6.0,"key":"SMITH"},{"data":"BowlingBash","floor":13.0,"key":"SMITH"},{"data":"WreathOfFlame","floor":15.0,"key":"SMITH"},{"data":"Vault","floor":23.0,"key":"SMITH"},{"data":"WheelKick","floor":27.0,"key":"SMITH"},{"floor":29,"key":"REST"},{"data":"JustLucky","floor":32,"key":"SMITH"}],"circlet_count":0,"master_deck":["Strike_P","Defend_P","Defend_P","Defend_P","Defend_P","Eruption+1","Vigilance","CutThroughFate","BowlingBash+1","EmptyBody","WheelKick+1","TalkToTheHand","WreathOfFlame+1","Meditate","DevaForm","Protect+1","Ragnarok+1","Tantrum+1","ThirdEye","EmptyMind","Vault+1","JustLucky+1","FlyingSleeves","Vault","Consecrate+1","WreathOfFlame+1"],"relics":["PureWater","Sling","Toy Ornithopter","Sundial","Omamori","MawBank","Astrolabe","Potion Belt","Art of War","InkBottle","Regal Pillow","SacredBark"],"acts_visited":["Exordium","TheCity","TheBeyond"],"potions_floor_usage":[28,28,30,36],"damage_taken":[{"damage":0.0,"enemies":"Small Slimes","floor":1.0,"turns":2.0},{"damage":0.0,"enemies":"2 Louse","floor":4.0,"turns":3.0},{"damage":0.0,"enemies":"Cultist","floor":5.0,"turns":2.0},{"damage":8.0,"enemies":"Lagavulin","floor":8.0,"turns":3.0},{"damage":9.0,"enemies":"3 Sentries","floor":10.0,"turns":4.0},{"damage":7.0,"enemies":"Exordium Thugs","floor":11.0,"turns":3.0},{"damage":2.0,"enemies":"Gremlin Gang","floor":14.0,"turns":4.0},{"damage":39.0,"enemies":"The Guardian","floor":16.0,"turns":13.0},{"damage":0.0,"enemies":"Shell Parasite","floor":18.0,"turns":3.0},{"damage":0.0,"enemies":"Spheric Guardian","floor":19.0,"turns":2.0},{"damage":8.0,"enemies":"Chosen and Byrds","floor":20.0,"turns":3.0},{"damage":2.0,"enemies":"Sentry and Sphere","floor":21.0,"turns":3.0},{"damage":0.0,"enemies":"Snake Plant","floor":24.0,"turns":1.0},{"damage":20.0,"enemies":"Book of Stabbing","floor":25.0,"turns":3.0},{"damage":29,"enemies":"Gremlin Leader","floor":28,"turns":6},{"damage":3,"enemies":"Centurion and Healer","floor":30,"turns":3},{"damage":47,"enemies":"Automaton","floor":33,"turns":8},{"damage":22,"enemies":"Orb Walker","floor":35,"turns":7},{"damage":27,"enemies":"3 Shapes","floor":36,"turns":3},{"damage":30,"enemies":"Spire Growth","floor":38,"turns":3}],"seed_played":"5368365778647596622","potions_obtained":[{"floor":4.0,"key":"Weak Potion"},{"floor":5.0,"key":"SpeedPotion"},{"floor":10.0,"key":"EssenceOfSteel"},{"floor":11.0,"key":"Weak Potion"},{"floor":14.0,"key":"Energy Potion"},{"floor":19.0,"key":"ColorlessPotion"},{"floor":21.0,"key":"Explosive Potion"},{"floor":24.0,"key":"Explosive Potion"},{"floor":28,"key":"Energy Potion"},{"floor":33,"key":"BottledMiracle"},{"floor":35,"key":"LiquidMemories"}],"is_trial":false,"path_per_floor":["M","?","?","M","M","R","$","E","T","E","M","$","R","M","R","B",null,"M","M","M","M","?","R","M","E","T","R","E","R","M","$","R","B",null,"M","M","?","M"],"character_chosen":"WATCHER","items_purchased":["Sling","Toy Ornithopter","WheelKick","Regal Pillow","FlyingSleeves"],"campfire_rested":1,"item_purchase_floors":[7,7,7,31,31],"current_hp_per_floor":[65,70,70,70,70,70,70,62,62,53,46,46,46,44,44,15,70,70,70,62,65,65,65,65,50,50,50,31,52,54,54,54,7,70,48,26,26,0,0],"gold":1527,"neow_bonus":"TWO_FIFTY_GOLD","is_daily":false,"chose_seed":false,"campfire_upgraded":6,"win_rate":0.0,"timestamp":1609013859,"path_taken":["M","?","?","M","?","R","?","E","T","E","M","$","R","M","R","BOSS","M","M","?","M","?","R","M","E","T","R","E","R","M","?","R","BOSS","M","M","?","M"],"items_purchased_type":["Relic","Relic","Card","Relic","Card"],"build_version":"2020-12-22","purchased_purges":1,"victory":false,"max_hp_per_floor":[65,70,70,70,70,70,70,70,70,70,70,70,70,70,70,70,70,70,70,70,70,70,70,70,70,70,70,70,70,70,70,70,70,70,70,70,70,70,70],"card_choices":[{"not_picked":["Evaluate","Collect"],"picked":"CutThroughFate","floor":1.0},{"not_picked":["Protect","PathToVictory"],"picked":"BowlingBash","floor":4.0},{"not_picked":["Consecrate","JustLucky"],"picked":"EmptyBody","floor":5.0},{"not_picked":["Perseverance","Worship","SignatureMove"],"picked":"SKIP","floor":8.0},{"not_picked":["FollowUp","WaveOfTheHand"],"picked":"TalkToTheHand","floor":10.0},{"not_picked":["DeceiveReality","Wallop"],"picked":"WreathOfFlame","floor":11.0},{"not_picked":["CrushJoints","Nirvana"],"picked":"Meditate","floor":14.0},{"not_picked":["Omniscience","Brilliance"],"picked":"DevaForm","floor":16.0},{"not_picked":["CutThroughFate","EmptyBody+1","TalkToTheHand+1"],"picked":"SKIP","floor":18.0},{"not_picked":["ReachHeaven","EmptyFist+1"],"picked":"ThirdEye","floor":19.0},{"not_picked":["Consecrate+1","SashWhip","MasterReality"],"picked":"SKIP","floor":20.0},{"not_picked":["BowlingBash","FollowUp+1"],"picked":"EmptyMind","floor":21.0},{"not_picked":["TalkToTheHand+1","FearNoEvil"],"picked":"Nirvana","floor":24.0},{"not_picked":["EmptyBody","Establishment","CutThroughFate"],"picked":"SKIP","floor":25.0},{"not_picked":["Collect","Evaluate+1","EmptyFist"],"picked":"SKIP","floor":28},{"not_picked":["ThirdEye","Crescendo"],"picked":"JustLucky","floor":30},{"not_picked":["Ragnarok","Judgement"],"picked":"Vault","floor":33},{"not_picked":["FollowUp","Study"],"picked":"Consecrate+1","floor":35},{"not_picked":["ThirdEye+1","Protect+1"],"picked":"WreathOfFlame+1","floor":36}],"player_experience":351794,"relics_obtained":[{"floor":8.0,"key":"Sundial"},{"floor":9.0,"key":"Omamori"},{"floor":10.0,"key":"MawBank"},{"floor":25.0,"key":"Potion Belt"},{"floor":26.0,"key":"Art of War"},{"floor":28,"key":"InkBottle"}],"event_choices":[{"damage_healed":0.0,"max_hp_gain":5.0,"max_hp_loss":0.0,"gold_gain":0.0,"event_name":"Big Fish","player_choice":"Donut","floor":2.0,"gold_loss":0.0,"damage_taken":0.0},{"damage_healed":0.0,"max_hp_gain":0.0,"max_hp_loss":0.0,"gold_gain":0.0,"event_name":"Match and Keep!","player_choice":"0 cards matched","floor":3.0,"gold_loss":0.0,"damage_taken":0.0,"cards_obtained":[]},{"damage_healed":0.0,"max_hp_gain":0.0,"max_hp_loss":0.0,"gold_gain":0.0,"event_name":"Match and Keep!","player_choice":"1 cards matched","floor":22.0,"gold_loss":0.0,"damage_taken":0.0,"cards_obtained":["Vault"]},{"damage_healed":0.0,"max_hp_gain":0.0,"max_hp_loss":0.0,"gold_gain":0.0,"event_name":"Match and Keep!","player_choice":"1 cards matched","floor":22.0,"gold_loss":0.0,"damage_taken":0.0,"cards_obtained":["Vault"]},{"damage_healed":0,"gold_gain":999,"player_choice":"Gold","damage_taken":0,"max_hp_gain":0,"max_hp_loss":0,"event_name":"MindBloom","floor":37,"gold_loss":0,"cards_obtained":["Normality","Normality"]}],"is_beta":false,"boss_relics":[{"not_picked":["Runic Dome","Sozu"],"picked":"Astrolabe"},{"not_picked":["Empty Cage","Runic Pyramid"],"picked":"SacredBark"}],"items_purged_floors":[31],"is_endless":false,"potions_floor_spawned":[4,5,10,11,14,19,21,24,28,33,35],"killed_by":"Spire Growth","ascension_level":0}}