{"host":"pbf6u3tyx46snqc7","time":1609003455,"event":{"mods":["AchievementEnabler","BaseMod","Colored Map","Minty Spire (QoL Compilation)","Permanent Neow","Rare Cards Sparkle","Shop Mod","SuperFastMode"],"gold_per_floor":[17,34,51,64,14,14,14,37,37,2,2,42,57,93,93,189,189,213,47,47,47,61,61,101,121,121,121,136,149,19,19,19],"floor_reached":31,"playtime":1459,"items_purged":["Shame"],"score":569,"play_id":"6389e246-059b-4da3-b2d0-f299ec39f26b","local_time":"20201227022415","is_ascension_mode":true,"campfire_choices":[{"data":"Zap","floor":6.0,"key":"SMITH"},{"data":"Ball Lightning","floor":11.0,"key":"SMITH"},{"data":"Static Discharge","floor":15.0,"key":"SMITH"},{"floor":23.0,"key":"REST"},{"floor":27.0,"key":"REST"}],"circlet_count":0,"master_deck":["AscendersBane","Strike_B","Strike_B","Strike_B","Strike_B","Defend_B","Defend_B","Defend_B","Defend_B","Zap+1","Dualcast","Ball Lightning+1","White Noise","Cold Snap+1","Ball Lightning","Injury","Coolheaded+1","Core Surge+1","Static Discharge+1","Electrodynamics","FTL","Tempest","Conserve Battery+1","Skim","Consume+1","Lockon","Cold Snap"],"relics":["Cracked Core","Unceasing Top","Golden Idol","Whetstone","Ornamental Fan","Philosopher\u0027s Stone","Potion Belt","Bag of Preparation","Question Card"],"acts_visited":["Exordium","TheCity"],"potions_floor_usage":[31,31],"damage_taken":[{"damage":1.0,"enemies":"Cultist","floor":1.0,"turns":3.0},{"damage":5.0,"enemies":"Small Slimes","floor":2.0,"turns":2.0},{"damage":0.0,"enemies":"2 Louse","floor":3.0,"turns":3.0},{"damage":2.0,"enemies":"Looter","floor":4.0,"turns":3.0},{"damage":7.0,"enemies":"Blue Slaver","floor":8.0,"turns":3.0},{"damage":18.0,"enemies":"3 Sentries","floor":12.0,"turns":6.0},{"damage":11.0,"enemies":"Red Slaver","floor":13.0,"turns":3.0},{"damage":0.0,"enemies":"Gremlin Nob","floor":14.0,"turns":3.0},{"damage":21.0,"enemies":"The Guardian","floor":16.0,"turns":11.0},{"damage":9.0,"enemies":"3 Byrds","floor":18.0,"turns":2.0},{"damage":9.0,"enemies":"Shell Parasite","floor":22.0,"turns":3.0},{"damage":38.0,"enemies":"Gremlin Leader","floor":24.0,"turns":6.0},{"damage":11.0,"enemies":"Snecko","floor":25.0,"turns":3.0},{"damage":17,"enemies":"Cultist and Chosen","floor":28,"turns":3},{"damage":0,"enemies":"3 Cultists","floor":29,"turns":3},{"damage":16,"enemies":"Shelled Parasite and Fungi","floor":31,"turns":3}],"seed_played":"863152981571132245","potions_obtained":[{"floor":3.0,"key":"Strength Potion"},{"floor":4.0,"key":"LiquidMemories"},{"floor":12.0,"key":"Strength Potion"},{"floor":13.0,"key":"PowerPotion"},{"floor":16.0,"key":"AttackPotion"},{"floor":18.0,"key":"SpeedPotion"},{"floor":28,"key":"Dexterity Potion"},{"floor":29,"key":"SneckoOil"}],"is_trial":false,"path_per_floor":["M","M","M","M","$","R","?","M","T","?","R","E","M","E","R","B",null,"M","$","?","?","M","R","E","M","T","R","M","M","$","M"],"character_chosen":"DEFECT","items_purchased":["Ball Lightning","FTL","Tempest","Cold Snap"],"campfire_rested":2,"item_purchase_floors":[5,19,19,30],"current_hp_per_floor":[63,58,58,56,56,56,56,49,49,66,66,48,37,37,37,16,57,48,48,48,48,39,60,22,11,11,32,15,15,15,0,0],"gold":19,"neow_bonus":"ONE_RARE_RELIC","is_daily":false,"chose_seed":false,"campfire_upgraded":3,"win_rate":0.0,"timestamp":1609003455,"path_taken":["M","M","M","?","$","R","?","M","T","?","R","E","M","E","R","BOSS","M","$","?","?","M","R","E","M","T","R","M","?","?","?"],"items_purchased_type":["Card","Card","Card","Card"],"build_version":"2020-12-22","purchased_purges":1,"victory":false,"max_hp_per_floor":[71,71,71,71,71,71,71,71,71,71,71,71,71,71,71,71,71,71,71,71,71,71,71,71,71,71,71,71,71,71,71,71],"card_choices":[{"not_picked":["Chill","Rebound"],"picked":"Ball Lightning","floor":1.0},{"not_picked":["Redo","Steam"],"picked":"White Noise","floor":2.0},{"not_picked":["Steam","Barrage"],"picked":"Cold Snap","floor":3.0},{"not_picked":["Go for the Eyes","Beam Cell","Steam"],"picked":"SKIP","floor":4.0},{"not_picked":["Streamline","Force Field"],"picked":"Coolheaded","floor":8.0},{"not_picked":["Turbo","Echo Form"],"picked":"Core Surge","floor":12.0},{"not_picked":["Turbo","Rebound","Sweeping Beam"],"picked":"SKIP","floor":13.0},{"not_picked":["Fission","Leap"],"picked":"Static Discharge","floor":14.0},{"not_picked":["Reboot","Meteor Strike"],"picked":"Electrodynamics","floor":16.0},{"not_picked":["Hologram","Stack","Coolheaded"],"picked":"SKIP","floor":18.0},{"not_picked":["Hello World","Coolheaded"],"picked":"Conserve Battery+1","floor":22.0},{"not_picked":["Loop","Gash"],"picked":"Skim","floor":24.0},{"not_picked":["Cold Snap","Chill"],"picked":"Consume+1","floor":25.0},{"not_picked":["Self Repair","Beam Cell","Rebound","Hologram"],"picked":"SKIP","floor":28},{"not_picked":["Gash+1","Streamline","Barrage+1"],"picked":"Lockon","floor":29}],"player_experience":345548,"relics_obtained":[{"floor":12.0,"key":"Whetstone"},{"floor":14.0,"key":"Ornamental Fan"},{"floor":24.0,"key":"Bag of Preparation"},{"floor":26.0,"key":"Question Card"}],"event_choices":[{"damage_healed":0.0,"max_hp_gain":0.0,"max_hp_loss":0.0,"gold_gain":0.0,"event_name":"Golden Idol","player_choice":"Take Wound","floor":7.0,"gold_loss":0.0,"damage_taken":0.0,"relics_obtained":["Golden Idol"],"cards_obtained":["Injury"]},{"damage_healed":17.0,"max_hp_gain":0.0,"max_hp_loss":0.0,"gold_gain":0.0,"event_name":"The Cleric","player_choice":"Healed","floor":10.0,"gold_loss":35.0,"damage_taken":0.0},{"damage_healed":0.0,"max_hp_gain":0.0,"max_hp_loss":0.0,"gold_gain":0.0,"event_name":"Addict","player_choice":"Stole Relic","floor":20.0,"gold_loss":0.0,"damage_taken":0.0,"relics_obtained":["Potion Belt"],"cards_obtained":["Shame"]},{"damage_healed":0.0,"max_hp_gain":0.0,"max_hp_loss":0.0,"gold_gain":0.0,"event_name":"Upgrade Shrine","player_choice":"Upgraded","floor":21.0,"gold_loss":0.0,"damage_taken":0.0,"cards_upgraded":["Coolheaded"]}],"is_beta":false,"boss_relics":[{"not_picked":["Fusion Hammer","Nuclear Battery"],"picked":"Philosopher\u0027s Stone"}],"items_purged_floors":[30],"is_endless":false,"potions_floor_spawned":[3,4,12,13,16,18,28,29],"killed_by":"Shelled Parasite and Fungi","ascension_level":19}}