{"host":"zt8a6xk8zi449pm4","time":1609014028,"event":{"mods":["AchievementEnabler","Aspiration","BaseMod","Conspire","Energized Spire","Infinite Spire","Minty Spire (QoL Compilation)","Rare Cards Sparkle","Relic Stats","Replay The Spire","StSLib"],"gold_per_floor":[115,133,133,150,165,165,198,198,198,198,198,198,198,221,221,221,221],"floor_reached":16,"playtime":1219,"items_purged":[],"score":110,"play_id":"8169db66-b467-4b2b-a910-4a1fa6d26777","local_time":"20201226202028","is_ascension_mode":true,"campfire_choices":[{"data":"Leg Sweep","floor":6,"key":"SMITH"},{"floor":8,"key":"REST"},{"data":"Sucker Punch","floor":11,"key":"SMITH"},{"floor":15,"key":"DIG"}],"circlet_count":0,"master_deck":["Strike_G","Strike_G","Strike_G","Strike_G","Strike_G","Defend_G","Defend_G","Defend_G","Defend_G","Defend_G","Survivor","Neutralize+1","Eviscerate","Dash","Sucker Punch+1","Leg Sweep+1","Dash","Regret","Heel Hook"],"relics":["aspiration:DSix","Sizzling Blood","ReplayTheSpireMod:Ninjato","Gremlin Food","Golden Idol","InkBottle"],"acts_visited":["Exordium"],"potions_floor_usage":[7,16],"damage_taken":[{"damage":2,"enemies":"Small Slimes","floor":1,"turns":5},{"damage":4,"enemies":"2 Louse","floor":2,"turns":3},{"damage":16,"enemies":"conspire:RoseBush","floor":4,"turns":3},{"damage":0,"enemies":"Blue Slaver","floor":5,"turns":4},{"damage":24,"enemies":"Lagavulin","floor":7,"turns":13},{"damage":4,"enemies":"3 Louse","floor":14,"turns":4},{"damage":63,"enemies":"Hexaghost","floor":16,"turns":17}],"seed_played":"8990786532748655502","potions_obtained":[{"floor":4,"key":"SkillPotion"},{"floor":7,"key":"PowerPotion"}],"is_trial":false,"path_per_floor":["M","M","?","M","M","R","E","R","T","?","R","?","?","M","R","B"],"character_chosen":"THE_SILENT","items_purchased":[],"campfire_rested":1,"item_purchase_floors":[],"current_hp_per_floor":[68,64,68,56,60,60,40,62,62,62,62,62,62,62,62,0,0],"gold":221,"neow_bonus":"DSIX","is_daily":false,"chose_seed":false,"campfire_upgraded":2,"win_rate":0.0,"timestamp":1609014028,"path_taken":["M","M","?","M","M","R","E","R","T","?","R","?","?","M","R","BOSS"],"items_purchased_type":[],"build_version":"2020-12-22","purchased_purges":0,"victory":false,"max_hp_per_floor":[70,70,74,74,74,74,74,74,74,74,74,74,69,69,69,69,69],"relic_stats":{"counters":[7,49],"Golden Idol":5,"obtain_stats":[{"Gremlin Food":12,"ReplayTheSpireMod:Ninjato":7,"Golden Idol":13,"Sizzling Blood":3,"aspiration:DSix":0,"InkBottle":15,"Ring of the Snake":0},{"Gremlin Food":5,"ReplayTheSpireMod:Ninjato":5,"Golden Idol":5,"Sizzling Blood":2,"aspiration:DSix":0,"InkBottle":6,"Ring of the Snake":0},{"Gremlin Food":28,"ReplayTheSpireMod:Ninjato":28,"Golden Idol":28,"Sizzling Blood":8,"aspiration:DSix":0,"InkBottle":32,"Ring of the Snake":0}],"InkBottle":[5]},"card_choices":[{"not_picked":["Sneak Up","Prepared"],"picked":"Eviscerate","floor":1},{"not_picked":["PiercingWail","Cloak And Dagger"],"picked":"Dash","floor":2},{"not_picked":["Flying Knee","Bane"],"picked":"Sucker Punch","floor":4},{"not_picked":["Acrobatics","ReplayTheSpireMod:The Works"],"picked":"Leg Sweep","floor":5},{"not_picked":["Dagger Throw","Replay:Poison Smokescreen"],"picked":"Dash","floor":7},{"not_picked":["Acrobatics","Deadly Poison"],"picked":"Heel Hook","floor":14}],"player_experience":238737,"relics_obtained":[{"floor":7,"key":"ReplayTheSpireMod:Ninjato"},{"floor":15,"key":"InkBottle"}],"event_choices":[{"damage_healed":0,"gold_gain":0,"player_choice":"Box","damage_taken":0,"relics_obtained":["Gremlin Food"],"max_hp_gain":0,"max_hp_loss":0,"event_name":"Big Fish","floor":12,"gold_loss":0,"cards_obtained":["Regret"]},{"damage_healed":0,"gold_gain":0,"player_choice":"Lose Max HP","damage_taken":0,"relics_obtained":["Golden Idol"],"max_hp_gain":0,"max_hp_loss":5,"event_name":"Golden Idol","floor":13,"gold_loss":0}],"is_beta":false,"boss_relics":[],"items_purged_floors":[],"is_endless":false,"potions_floor_spawned":[4,7],"killed_by":"Hexaghost","ascension_level":2}}