{"host":"aq6j0shg22k0vr7s","time":1609019326,"event":{"mods":["2.2 Compatiblity","AchievementEnabler","BaseMod","Better Note","Colored Map","Downfall","Duelist Mod","GifTheSpireLib","Hermit","Marisa????????","Minty Spire (QoL Compilation)","Quick Restart","StSLib","Td1madao Mod","The Bug Knight","The Cursed"],"gold_per_floor":[99,114,134,134,148,148,175,189,114,139,153,153,153,169,179,280,280,280,291,310,330,330,342,395,395,595,612,612,612,612,712,729,825,825,825,844,894,894,894],"floor_reached":37,"playtime":2273,"items_purged":[],"score":373,"play_id":"79d94515-f1ac-44b5-bfdc-1df87e5e6fad","local_time":"20201226134846","is_ascension_mode":false,"campfire_choices":[{"floor":1.0,"key":"RECALL"},{"data":"Guardian:SpikerProtocol","floor":9.0,"key":"SMITH"},{"data":"Guardian:CrystalBeam","floor":18.0,"key":"SMITH"},{"data":"Guardian:TwinSlam","floor":25.0,"key":"SMITH"},{"data":"Guardian:TemporalShield","floor":30.0,"key":"SMITH"},{"data":"Guardian:RevengeProtocol","floor":35.0,"key":"SMITH"}],"circlet_count":0,"master_deck":["Guardian:Strike_Guardian","Guardian:Strike_Guardian+1","Guardian:Strike_Guardian+1","Guardian:Strike_Guardian","Guardian:Defend_Guardian","Guardian:Defend_Guardian","Guardian:Defend_Guardian","Guardian:Defend_Guardian","Guardian:TwinSlam+1","Guardian:PiercingHide+1","Guardian:SpikerProtocol+1","Guardian:PrismaticBeam","Regret","Guardian:CrystalBeam+1","Guardian:ExploitGems","Guardian:Reroute+1","Guardian:RollAttack","Guardian:FloatingOrbs","Guardian:TemporalShield+1","RitualDagger+1","Guardian:RevengeProtocol+1","Guardian:Gem_Red"],"relics":["Guardian:ModeShifterPlus","Bronze Scales","downfall:HeartBlessingRed","Orichalcum","Blood Vial","Guardian:StasisSlotReductionRelic","Juzu Bracelet","Gambling Chip"],"acts_visited":["Exordium","TheCity","TheBeyond"],"potions_floor_usage":[],"damage_taken":[{"damage":0.0,"enemies":"Small Slimes","floor":2.0,"turns":3.0},{"damage":1.0,"enemies":"Cultist","floor":3.0,"turns":4.0},{"damage":2.0,"enemies":"2 Louse","floor":5.0,"turns":3.0},{"damage":11.0,"enemies":"Gremlin Gang","floor":8.0,"turns":5.0},{"damage":16.0,"enemies":"Gremlin Nob","floor":10.0,"turns":5.0},{"damage":7.0,"enemies":"Exordium Thugs","floor":11.0,"turns":4.0},{"damage":2.0,"enemies":"2 Fungi Beasts","floor":14.0,"turns":2.0},{"damage":1.0,"enemies":"3 Louse","floor":15.0,"turns":3.0},{"damage":88.0,"enemies":"downfall:Ironclad","floor":16.0,"turns":11.0},{"damage":2.0,"enemies":"Spheric Guardian","floor":19.0,"turns":3.0},{"damage":7.0,"enemies":"Shell Parasite","floor":20.0,"turns":5.0},{"damage":12.0,"enemies":"Snecko","floor":21.0,"turns":4.0},{"damage":11.0,"enemies":"Snake Plant","floor":23.0,"turns":2.0},{"damage":13.0,"enemies":"Centurion and Healer","floor":27.0,"turns":3.0},{"damage":8.0,"enemies":"Shelled Parasite and Fungi","floor":32.0,"turns":3.0},{"damage":45.0,"enemies":"downfall:Watcher","floor":33.0,"turns":9.0},{"damage":6.0,"enemies":"3 Shapes","floor":36.0,"turns":3.0},{"damage":11.0,"enemies":"Mind Bloom Boss Battle","floor":37.0,"turns":7.0}],"seed_played":"-8213071459465331484","potions_obtained":[{"floor":2.0,"key":"FairyPotion"},{"floor":4.0,"key":"FairyPotion"},{"floor":4.0,"key":"Regen Potion"},{"floor":5.0,"key":"DuplicationPotion"},{"floor":8.0,"key":"Ancient Potion"},{"floor":14.0,"key":"champ:CounterPotion"},{"floor":16.0,"key":"Energy Potion"},{"floor":19.0,"key":"Guardian:AcceleratePotion"},{"floor":23.0,"key":"Block Potion"},{"floor":27.0,"key":"Energy Potion"},{"floor":29.0,"key":"CultistPotion"},{"floor":33.0,"key":"Swift Potion"},{"floor":36.0,"key":"AttackPotion"}],"is_trial":false,"path_per_floor":["R","M","M","?","M","?","T","M","R","E","M","T","?","M","M","B",null,"R","M","M","M","?","M","T","R","?","M","?","?","R","?","M","B",null,"R","M","?"],"character_chosen":"GUARDIAN","items_purchased":[],"campfire_rested":0,"item_purchase_floors":[],"current_hp_per_floor":[88,88,87,87,85,85,85,74,74,58,51,51,51,51,52,19,88,88,86,81,71,71,62,62,62,62,51,51,51,51,51,45,2,88,88,82,73,73,73],"gold":894,"neow_bonus":"TEN_PERCENT_HP_BONUS","is_daily":false,"chose_seed":false,"campfire_upgraded":5,"win_rate":0.0,"timestamp":1609019326,"path_taken":["R","M","M","?","?","?","T","?","R","E","M","?","?","M","M","BOSS","R","M","M","M","?","M","T","R","?","M","?","?","R","?","M","BOSS","R","M","?"],"items_purchased_type":[],"build_version":"2020-12-22","purchased_purges":0,"victory":false,"max_hp_per_floor":[88,88,88,88,88,88,88,88,88,88,88,88,88,88,88,88,88,88,88,88,88,88,88,88,88,88,88,88,88,88,88,88,88,88,88,88,88,88,88],"card_choices":[{"not_picked":["Guardian:CrystalBeam","Guardian:RollAttack"],"picked":"Guardian:PiercingHide","floor":2.0},{"not_picked":["Guardian:Clone","Guardian:MultiBeam","Guardian:Planning"],"picked":"SKIP","floor":3.0},{"not_picked":["Guardian:PolyBeam","Guardian:Gem_Cyan"],"picked":"Guardian:SpikerProtocol","floor":5.0},{"not_picked":["Guardian:Harden","Guardian:Gem_Synthetic"],"picked":"Guardian:Gem_Crimson","floor":8.0},{"not_picked":["Guardian:MultiBeam","Guardian:SpikerProtocol"],"picked":"Guardian:PrismaticBeam","floor":10.0},{"not_picked":["Guardian:ChargeUp","Guardian:Suspension"],"picked":"Guardian:Gem_Red","floor":11.0},{"not_picked":["Guardian:Reroute","Guardian:Emergency"],"picked":"Guardian:Gem_Lightblue","floor":14.0},{"not_picked":["Guardian:Incinerate","Guardian:Gem_Green"],"picked":"Guardian:CrystalBeam","floor":15.0},{"not_picked":["Guardian:StasisStrike","Guardian:StasisField"],"picked":"Guardian:ExploitGems","floor":16.0},{"not_picked":["Guardian:CrystalBeam","Guardian:PrimingBeam"],"picked":"Guardian:Reroute+1","floor":19.0},{"not_picked":["Guardian:Planning","Guardian:WalkerClaw"],"picked":"Guardian:RollAttack","floor":20.0},{"not_picked":["Guardian:RollAttack","Guardian:CrystalBeam"],"picked":"Guardian:FloatingOrbs","floor":21.0},{"not_picked":["Guardian:Emergency+1","Guardian:RollAttack+1"],"picked":"Guardian:TemporalShield","floor":23.0},{"not_picked":["Guardian:PrismaticBeam","Guardian:PrismaticBarrier"],"picked":"Guardian:Gem_Cyan","floor":27.0},{"not_picked":["Guardian:Gem_Synthetic","Guardian:Preprogram+1"],"picked":"Guardian:Gem_Green","floor":32.0},{"not_picked":["Guardian:SphericShield","Guardian:FastForward"],"picked":"Guardian:RevengeProtocol","floor":33.0},{"not_picked":["Guardian:RefractedBeam+1","Guardian:CrystalBeam"],"picked":"Guardian:Gem_Red","floor":36.0}],"player_experience":76378,"relics_obtained":[{"floor":7.0,"key":"Bronze Scales"},{"floor":10.0,"key":"Orichalcum"},{"floor":12.0,"key":"Blood Vial"},{"floor":24.0,"key":"Juzu Bracelet"},{"floor":37,"key":"Gambling Chip"}],"event_choices":[{"damage_healed":0.0,"max_hp_gain":0.0,"max_hp_loss":0.0,"gold_gain":0.0,"event_name":"Lab","player_choice":"Got Potions","floor":4.0,"gold_loss":0.0,"damage_taken":0.0},{"cards_removed":["Guardian:CurlUp"],"damage_healed":0.0,"max_hp_gain":0.0,"max_hp_loss":0.0,"gold_gain":0.0,"event_name":"Bonfire Elementals","player_choice":"Offered Basic","floor":6.0,"gold_loss":0.0,"damage_taken":0.0},{"damage_healed":0.0,"max_hp_gain":0.0,"max_hp_loss":0.0,"gold_gain":200.0,"event_name":"Wheel of Change","player_choice":"Gold","floor":26.0,"gold_loss":0.0,"damage_taken":0.0}],"is_beta":false,"boss_relics":[{"not_picked":["Black Star","Coffee Dripper"],"picked":"Guardian:StasisSlotReductionRelic"},{"not_picked":["SlaversCollar","Cursed Key"],"picked":"Guardian:ModeShifterPlus"}],"items_purged_floors":[],"is_endless":false,"potions_floor_spawned":[2,5,8,14,16,19,23,27,33,36],"ascension_level":0}}