{"host":"nkolxg4se00n20yf","time":1609018868,"event":{"mods":["BaseMod","CatGirl Mod","Chen","Colored Map","Colored Powertips","Downfall","Friendly Minions","Infinite Spire","Kiyohime????","Marisa????????","Minty Spire (QoL Compilation)","StSLib","Td1madao Mod","The Administrix","The Cursed","The Exalted","The Hierophant","The Servant 0.9.4"],"gold_per_floor":[113,123,123,123,177,208,208,208,208],"floor_reached":8,"playtime":262,"items_purged":[],"score":86,"play_id":"661dab45-836f-484a-8825-b8f6f76134fc","local_time":"20201226224108","is_ascension_mode":true,"campfire_choices":[{"floor":7,"key":"REST"}],"circlet_count":0,"master_deck":["AscendersBane","Strike_B","Strike_B","Strike_B","Strike_B","Defend_B","Defend_B","Defend_B","Defend_B","Zap+1","Dualcast","Conserve Battery","Tempest","Regret","BootSequence"],"relics":["Cracked Core","Happy Flower","Orichalcum","Du-Vu Doll"],"acts_visited":["Exordium"],"potions_floor_usage":[],"damage_taken":[{"damage":5,"enemies":"Small Slimes","floor":1,"turns":2},{"damage":2,"enemies":"Jaw Worm","floor":2,"turns":3},{"damage":28,"enemies":"3 Sentries","floor":6,"turns":7},{"damage":78,"enemies":"Gremlin Nob","floor":8,"turns":4}],"seed_played":"6260269090578704917","potions_obtained":[],"is_trial":false,"path_per_floor":["M","M","?","?","T","E","R","E"],"character_chosen":"DEFECT","items_purchased":[],"campfire_rested":1,"item_purchase_floors":[],"current_hp_per_floor":[63,61,61,61,61,33,55,0,0],"gold":208,"neow_bonus":"UPGRADE_CARD","is_daily":false,"chose_seed":false,"campfire_upgraded":0,"win_rate":0.0,"timestamp":1609018868,"path_taken":["M","M","?","?","?","E","R","E"],"items_purchased_type":[],"build_version":"2020-12-22","purchased_purges":0,"victory":false,"max_hp_per_floor":[75,75,75,75,75,75,75,75,75],"card_choices":[{"not_picked":["Tempest","Ball Lightning"],"picked":"Conserve Battery","floor":1},{"not_picked":["Darkness","Conserve Battery"],"picked":"Tempest","floor":2},{"not_picked":["Reinforced Body","Double Energy"],"picked":"BootSequence","floor":6}],"player_experience":1057961,"relics_obtained":[{"floor":5,"key":"Orichalcum"},{"floor":6,"key":"Du-Vu Doll"}],"event_choices":[{"damage_healed":0,"gold_gain":0,"player_choice":"Leave","damage_taken":0,"max_hp_gain":0,"max_hp_loss":0,"event_name":"The Cleric","floor":3,"gold_loss":0},{"damage_healed":0,"gold_gain":0,"player_choice":"Box","damage_taken":0,"relics_obtained":["Happy Flower"],"max_hp_gain":0,"max_hp_loss":0,"event_name":"Big Fish","floor":4,"gold_loss":0,"cards_obtained":["Regret"]}],"is_beta":false,"boss_relics":[],"items_purged_floors":[],"is_endless":false,"potions_floor_spawned":[],"killed_by":"Gremlin Nob","ascension_level":12}}