{"host":"oiai0qxasotny765","time":1609009999,"event":{"mods":["2.2 Compatiblity","AchievementEnabler","BaseMod","Colored Map","Minty Spire (QoL Compilation)","Permanent Neow","Relic Stats","StSLib","SuperFastMode","everything is the same but u backflip on backflip"],"gold_per_floor":[113,113,113,133,3,3,3,3],"floor_reached":7,"playtime":177,"items_purged":["Defend_G"],"score":74,"play_id":"f706d7b2-4471-4175-8b93-91762bd057f2","local_time":"20201227041319","is_ascension_mode":true,"campfire_choices":[{"data":"Envenom","floor":6,"key":"SMITH"}],"circlet_count":0,"master_deck":["AscendersBane","Strike_G","Strike_G","Strike_G","Strike_G","Defend_G","Defend_G","Defend_G","Defend_G","Survivor","Neutralize","Envenom+1","Dagger Spray","Backflip","Cloak And Dagger"],"relics":["Ring of the Snake","Incense Burner"],"acts_visited":["Exordium"],"potions_floor_usage":[],"damage_taken":[{"damage":6,"enemies":"2 Louse","floor":1,"turns":5},{"damage":2,"enemies":"Jaw Worm","floor":4,"turns":5},{"damage":30,"enemies":"Gremlin Nob","floor":7,"turns":3}],"seed_played":"3938124852129215249","potions_obtained":[],"is_trial":false,"path_per_floor":["M","?","?","M","$","R","E"],"character_chosen":"THE_SILENT","items_purchased":["Cloak And Dagger"],"campfire_rested":0,"item_purchase_floors":[5],"current_hp_per_floor":[38,31,20,18,18,18,0,0],"gold":3,"neow_bonus":"THREE_RARE_CARDS","is_daily":false,"chose_seed":false,"campfire_upgraded":1,"win_rate":0.0,"timestamp":1609009999,"path_taken":["M","?","?","M","$","R","E"],"items_purchased_type":["Card"],"build_version":"2020-12-22","purchased_purges":1,"victory":false,"max_hp_per_floor":[66,66,66,66,66,66,66,66],"relic_stats":{"counters":[3,13],"obtain_stats":[{"Incense Burner":3,"Ring of the Snake":0},{"Incense Burner":1,"Ring of the Snake":0},{"Incense Burner":5,"Ring of the Snake":0}],"Ring of the Snake":[6]},"card_choices":[{"not_picked":["Adrenaline","Burst"],"picked":"Envenom","floor":0},{"not_picked":["Sucker Punch","Catalyst"],"picked":"Dagger Spray","floor":1},{"not_picked":["PiercingWail","Setup"],"picked":"Backflip","floor":4}],"player_experience":286761,"relics_obtained":[],"event_choices":[{"cards_removed":["Strike_G"],"damage_healed":0,"gold_gain":0,"player_choice":"Card Removal","damage_taken":7,"max_hp_gain":0,"max_hp_loss":0,"event_name":"Golden Wing","floor":2,"gold_loss":0},{"damage_healed":0,"gold_gain":0,"player_choice":"Success","damage_taken":11,"relics_obtained":["Incense Burner"],"max_hp_gain":0,"max_hp_loss":0,"event_name":"Scrap Ooze","floor":3,"gold_loss":0}],"is_beta":false,"boss_relics":[],"items_purged_floors":[5],"is_endless":false,"potions_floor_spawned":[],"killed_by":"Gremlin Nob","ascension_level":18}}