{"host":"h4zw6jwkrt9pzyby","time":1609006973,"event":{"mods":["BaseMod","Colored Map","Curses Come First","Minty Spire (QoL Compilation)","StSLib","SuperFastMode"],"gold_per_floor":[119,131,131,131,56,56,90,90,140,140,152,183,183,201,201,296,296,309,335,353,253,270,296,296,323,347,359,359,359,392,405,405,504,504,516,535,102,122,137,167,167,181,181,212,222,22,53,73,73,73],"floor_reached":51,"playtime":2751,"items_purged":["Strike_G","Strike_G","Strike_G","Defend_G"],"score":1204,"play_id":"53160c98-e3d3-4ac1-a4dd-10e597547017","local_time":"20201226202253","is_ascension_mode":true,"campfire_choices":[{"data":"Flying Knee","floor":6,"key":"SMITH"},{"data":"Doppelganger","floor":8,"key":"SMITH"},{"floor":10,"key":"REST"},{"data":"Adrenaline","floor":15,"key":"SMITH"},{"data":"Riddle With Holes","floor":24,"key":"SMITH"},{"floor":29,"key":"REST"},{"floor":32,"key":"REST"},{"data":"Envenom","floor":41,"key":"SMITH"},{"floor":49,"key":"REST"}],"circlet_count":0,"master_deck":["Strike_G+1","Defend_G","Defend_G","Defend_G","Survivor+1","Neutralize","Dagger Spray","Flying Knee+1","Doppelganger+1","Adrenaline+1","Quick Slash","All Out Attack","Envenom+1","Riddle With Holes+1","Infinite Blades","Dagger Throw","Glass Knife","Deflect+1","Skewer","Sucker Punch","After Image","Deadly Poison+1","Dodge and Roll+1","Leg Sweep","Calculated Gamble","Deflect+1","PiercingWail","Backstab+1","Leg Sweep+1"],"relics":["Busted Crown","Dead Branch","Bag of Preparation","FossilizedHelix","Runic Pyramid","Pen Nib","Boot","Omamori","Regal Pillow","Snake Skull","Black Star","Lee\u0027s Waffle","Nunchaku","Bag of Marbles","Smiling Mask","Eternal Feather","Blue Candle","Centennial Puzzle","Vajra","PreservedInsect","White Beast Statue"],"acts_visited":["Exordium","TheCity","TheBeyond"],"potions_floor_usage":[12,16,22,23,23,44,44,50,50,50],"damage_taken":[{"damage":0,"enemies":"2 Louse","floor":1,"turns":3},{"damage":0,"enemies":"Jaw Worm","floor":2,"turns":3},{"damage":15,"enemies":"Lagavulin","floor":7,"turns":7},{"damage":0,"enemies":"Cultist","floor":11,"turns":3},{"damage":0,"enemies":"3 Sentries","floor":12,"turns":3},{"damage":0,"enemies":"Blue Slaver","floor":14,"turns":2},{"damage":0,"enemies":"Hexaghost","floor":16,"turns":9},{"damage":0,"enemies":"3 Byrds","floor":18,"turns":3},{"damage":0,"enemies":"Spheric Guardian","floor":20,"turns":3},{"damage":12,"enemies":"Shelled Parasite and Fungi","floor":22,"turns":4},{"damage":17,"enemies":"Slavers","floor":23,"turns":2},{"damage":19,"enemies":"Book of Stabbing","floor":25,"turns":4},{"damage":0,"enemies":"Centurion and Healer","floor":27,"turns":3},{"damage":21,"enemies":"Slavers","floor":30,"turns":4},{"damage":18,"enemies":"Snake Plant","floor":31,"turns":3},{"damage":0,"enemies":"Collector","floor":33,"turns":6},{"damage":12,"enemies":"Orb Walker","floor":35,"turns":4},{"damage":0,"enemies":"3 Shapes","floor":36,"turns":4},{"damage":12,"enemies":"Spire Growth","floor":38,"turns":4},{"damage":3,"enemies":"Maw","floor":39,"turns":6},{"damage":8,"enemies":"Giant Head","floor":40,"turns":6},{"damage":0,"enemies":"Writhing Mass","floor":42,"turns":3},{"damage":23,"enemies":"Reptomancer","floor":44,"turns":4},{"damage":0,"enemies":"4 Shapes","floor":45,"turns":5},{"damage":0,"enemies":"Nemesis","floor":47,"turns":5},{"damage":0,"enemies":"Transient","floor":48,"turns":5},{"damage":33,"enemies":"Time Eater","floor":50,"turns":8}],"seed_played":"5820401305194865886","potions_obtained":[{"floor":7,"key":"Strength Potion"},{"floor":11,"key":"LiquidBronze"},{"floor":12,"key":"Regen Potion"},{"floor":16,"key":"Energy Potion"},{"floor":18,"key":"Swift Potion"},{"floor":25,"key":"BlessingOfTheForge"},{"floor":30,"key":"LiquidBronze"},{"floor":33,"key":"FearPotion"},{"floor":36,"key":"ColorlessPotion"},{"floor":47,"key":"EssenceOfSteel"},{"floor":48,"key":"FearPotion"}],"is_trial":false,"path_per_floor":["M","M","?","?","$","R","E","R","T","R","M","E","?","M","R","B",null,"M","T","M","$","M","E","R","E","T","M","?","R","E","M","R","B",null,"M","M","$","M","M","E","R","M","T","E","M","$","E","M","R","B",null],"character_chosen":"THE_SILENT","items_purchased":["Lee\u0027s Waffle","Nunchaku","Vajra"],"campfire_rested":4,"item_purchase_floors":[37,37,46],"current_hp_per_floor":[63,63,49,49,49,49,34,34,34,55,55,55,55,55,55,55,66,66,66,66,66,54,42,42,23,23,23,46,70,49,31,67,67,69,57,57,77,65,62,54,54,54,54,31,31,31,31,31,77,44],"gold":73,"neow_bonus":"BOSS_RELIC","is_daily":false,"chose_seed":false,"campfire_upgraded":5,"win_rate":0.0,"timestamp":1609006973,"path_taken":["M","M","?","?","?","R","E","R","T","R","M","E","?","M","R","BOSS","M","?","M","$","M","E","R","E","T","M","?","R","E","M","R","BOSS","M","M","$","M","M","E","R","M","T","E","M","$","E","M","R","BOSS"],"items_purchased_type":["Relic","Relic","Relic"],"build_version":"2020-12-22","purchased_purges":4,"victory":true,"max_hp_per_floor":[70,70,70,70,70,70,70,70,70,70,70,70,70,70,70,70,70,70,70,70,70,70,70,70,70,70,70,70,70,70,70,70,70,70,70,70,77,77,77,77,77,77,77,77,77,77,77,77,77,77],"card_choices":[{"not_picked":[],"picked":"Dagger Spray","floor":1},{"not_picked":[],"picked":"Flying Knee","floor":2},{"not_picked":[],"picked":"Adrenaline","floor":7},{"not_picked":[],"picked":"Quick Slash","floor":11},{"not_picked":[],"picked":"All Out Attack","floor":12},{"not_picked":["Blade Dance"],"picked":"SKIP","floor":14},{"not_picked":[],"picked":"Envenom","floor":16},{"not_picked":[],"picked":"Riddle With Holes","floor":18},{"not_picked":[],"picked":"Infinite Blades","floor":20},{"not_picked":[],"picked":"Dagger Throw","floor":22},{"not_picked":["Setup+1"],"picked":"SKIP","floor":23},{"not_picked":[],"picked":"Glass Knife","floor":25},{"not_picked":[],"picked":"Deflect+1","floor":27},{"not_picked":[],"picked":"Skewer","floor":30},{"not_picked":[],"picked":"Sucker Punch","floor":31},{"not_picked":[],"picked":"After Image","floor":33},{"not_picked":[],"picked":"Deadly Poison+1","floor":35},{"not_picked":["Dagger Spray"],"picked":"SKIP","floor":36},{"not_picked":[],"picked":"Dodge and Roll+1","floor":38},{"not_picked":[],"picked":"Leg Sweep","floor":39},{"not_picked":["Calculated Gamble"],"picked":"SKIP","floor":40},{"not_picked":[],"picked":"Calculated Gamble","floor":40},{"not_picked":["Dagger Spray"],"picked":"SKIP","floor":42},{"not_picked":[],"picked":"Deflect+1","floor":44},{"not_picked":[],"picked":"PiercingWail","floor":45},{"not_picked":[],"picked":"Backstab+1","floor":47},{"not_picked":[],"picked":"Leg Sweep+1","floor":48}],"player_experience":209672,"relics_obtained":[{"floor":7,"key":"Dead Branch"},{"floor":9,"key":"Bag of Preparation"},{"floor":12,"key":"FossilizedHelix"},{"floor":19,"key":"Pen Nib"},{"floor":23,"key":"Boot"},{"floor":25,"key":"Omamori"},{"floor":26,"key":"Regal Pillow"},{"floor":30,"key":"Snake Skull"},{"floor":40,"key":"Bag of Marbles"},{"floor":40,"key":"Smiling Mask"},{"floor":43,"key":"Eternal Feather"},{"floor":44,"key":"Blue Candle"},{"floor":44,"key":"Centennial Puzzle"},{"floor":47,"key":"PreservedInsect"},{"floor":47,"key":"White Beast Statue"}],"event_choices":[{"damage_healed":0,"gold_gain":0,"player_choice":"Entered Light","damage_taken":14,"max_hp_gain":0,"max_hp_loss":0,"event_name":"Shining Light","floor":3,"gold_loss":0,"cards_upgraded":["Survivor","Strike_G"]},{"damage_healed":0,"gold_gain":0,"cards_transformed":["Defend_G"],"player_choice":"Change","damage_taken":0,"max_hp_gain":0,"max_hp_loss":0,"event_name":"Living Wall","floor":4,"gold_loss":0,"cards_obtained":["Doppelganger"]},{"cards_removed":["Strike_G"],"damage_healed":0,"gold_gain":0,"player_choice":"Offered Basic","damage_taken":0,"max_hp_gain":0,"max_hp_loss":0,"event_name":"Bonfire Elementals","floor":13,"gold_loss":0},{"damage_healed":23,"gold_gain":0,"player_choice":"Heal","damage_taken":0,"max_hp_gain":0,"max_hp_loss":0,"event_name":"The Library","floor":28,"gold_loss":0}],"is_beta":false,"boss_relics":[{"not_picked":["Velvet Choker","Ectoplasm"],"picked":"Runic Pyramid"},{"not_picked":["Tiny House","Astrolabe"],"picked":"Black Star"}],"items_purged_floors":[5,21,37,46],"is_endless":false,"potions_floor_spawned":[7,11,12,16,18,25,30,33,36,39,40,47,48],"ascension_level":6}}