{"host":"0azimyi6n3ugndj4","time":1609005552,"event":{"mods":["2.2 Compatiblity","BaseMod","Bestiary","Conspire","Curses Come First","Defuse TimeMaze Blight","Hyrulean Relics","Infinite Spire","Minty Spire (QoL Compilation)","Relic Stats","Replay The Spire","StSLib","SuperFastMode","Uncapped","¡¼?Úª?ø«¡½REMEMod"],"gold_per_floor":[153,165,252,264,276,288,351,39,87,87,120,20,110,164,164,395,395,452,402,322,322,322,322],"floor_reached":22,"playtime":383,"items_purged":[],"score":460,"play_id":"b99a7ef5-3ec4-4b0e-90c5-17f44d175916","local_time":"20201227025912","daily_mods":["Shiny","Vintage","ControlledChaos","Diverse","Colorless Cards","Heirloom","Time Dilation","Flight","Binary","Elite Swarm","Lethality","Midas","Night Terrors","Binary"],"is_ascension_mode":true,"campfire_choices":[{"floor":6,"key":"REST"}],"circlet_count":0,"master_deck":["AscendersBane","Brilliance","Devotion","Replay:AllIn","LessonLearned","Vault","Alpha","Establishment","REME_WorshipGod","Replay:LoomingThreat","DeusExMachina","Judgement","ConjureBlade","REME_EmptyShield","MasterReality","Blasphemy","Ragnarok","REME_CRH","Scrawl","Wish","Omniscience","SpiritShield","DevaForm","Hyperbeam","REME_ForAll","Machine Learning","Buffer","Mirror Shield","Seek","Echo Form","All For One","Reboot","Fission","Core Surge","Multi-Cast","Thunder Strike","Biased Cognition","REME_Shoggoth","Electrodynamics","ReplayRNGCard","ReplayTheSpireMod:Omega Cannon","Rainbow","Meteor Strike","ReplayTheSpireMod:Fabricate Wheel","Amplify","Creative AI","REME_ShadowForm+1","ReplayTheSpireMod:Necrosis","Corpse Explosion","Die Die Die+1","Atom Bomb","ReplayTheSpireMod:From All Sides","Adrenaline","Envenom","Doppelganger","Burst","Wraith Form v2","REME_SpectralBlade","Tools of the Trade","REME_CopyPotion","After Image+1","Poison Darts","A Thousand Cuts","Venomology","Replay:Bag of Tricks","Malaise","Phantasmal Killer+1","Night Terror","infinitespire:Neurotoxin","Unload","REME_GrazeFinale","Bullet Time","Storm of Steel","Glass Knife","Grand Finale","Double Tap","Demon Form","REME_ACTH","Fiend Fire","Eclipse","conspire:Purge","Berserk","Impervious","Juggernaut","Brutality","Demonic Infusion","conspire:HitWhereItHurts","Exhume","Offering","REME_Fury","Bludgeon","Feed","Replay:Many Hands","Limit Break","Corruption","Barricade","Hemogenesis","REME_TheLastStrike","Reaper","Immolate","Thinking Ahead","Metamorphosis","Master of Strategy","Magnetism","REME_HeartOfCthun","Chrysalis","Mayhem","REME_PuzzleBox","Secret Weapon","Midas Touch","ReplayTheSpireMod:Brewmster","REME_AllRoundStrike","Poisoned Strike","REME_MawOfCthun","REME_EyeOfCthun+1","REME_WheelOfFate","Sadistic Nature","Replay:Dark Deal","REME_Flogging","ReplayUltimateDefense","Transmutation","REME_BattleFury","HandOfGreed","ReplayTheSpireMod:Necrogeddon","Apotheosis","Panache","Violence","Secret Technique","REME_BodyOfCthun","The Bomb","Crow Ritual","REME_BuildACard","REME_ProfessionalPlagiarism","REME_BuildACard","infinitespire:FutureSight","REME_DataAnalysis","Dagger Throw","A Thousand Cuts","Ghostly","conspire:SpireCoStock"],"relics":["Ring of the Snake","Frozen Eye","Busted Crown","REME_ComplimentaryCards","Replay:Kaleidoscope","MawBank","zeldaRelics:CourageTriforce","Whetstone","conspire:TreasureMap","Nunchaku","infinitespire:PuzzleCube","Incense Burner","HoveringKite","Quantum Egg"],"acts_visited":["Exordium","TheCity"],"potions_floor_usage":[14,22,22],"damage_taken":[{"damage":0,"enemies":"Cultist","floor":1,"turns":1},{"damage":42,"enemies":"2 Louse","floor":7,"turns":4},{"damage":0,"enemies":"Small Slimes","floor":11,"turns":1},{"damage":8,"enemies":"Gremlin Nob","floor":13,"turns":2},{"damage":20,"enemies":"Gremlin Gang","floor":14,"turns":3},{"damage":19,"enemies":"The Guardian","floor":16,"turns":6},{"damage":30,"enemies":"conspire:FuzzyDice","floor":18,"turns":3},{"damage":11,"enemies":"3 Byrds","floor":22,"turns":1}],"seed_played":"-8945032594400277892","potions_obtained":[{"floor":7,"key":"Poison Potion"},{"floor":14,"key":"Explosive Potion"}],"is_trial":true,"path_per_floor":["M","T","?","?","?","R","M","$","T","?","M","?","E","M","R","B",null,"M","?","?","?","M"],"character_chosen":"THE_SILENT","items_purchased":["conspire:TreasureMap","Nunchaku"],"campfire_rested":1,"item_purchase_floors":[8,8],"current_hp_per_floor":[59,59,48,31,11,61,19,19,19,19,19,19,11,19,56,46,54,26,26,26,11,0,0],"gold":322,"neow_bonus":"","is_daily":false,"chose_seed":false,"campfire_upgraded":0,"win_rate":0.0,"timestamp":1609005552,"path_taken":["M","?","?","?","?","R","M","?","T","?","?","?","E","M","R","BOSS","M","?","?","?","?"],"items_purchased_type":["Relic","Relic"],"build_version":"2020-12-22","purchased_purges":0,"victory":false,"max_hp_per_floor":[66,66,66,66,66,61,61,61,61,61,61,61,61,61,56,56,56,58,58,58,63,63,63],"relic_stats":{"Nunchaku":[2],"Busted Crown":8,"counters":[8,21],"HoveringKite":[2],"Whetstone":["REME_EyeOfCthun","Die Die Die"],"MawBank":84,"obtain_stats":[{"conspire:TreasureMap":8,"Quantum Egg":18,"HoveringKite":17,"Incense Burner":14,"Replay:Kaleidoscope":0,"Whetstone":7,"MawBank":1,"zeldaRelics:CourageTriforce":13,"Frozen Eye":0,"Nunchaku":8,"Busted Crown":0,"zeldaRelics:CouragePiece":2,"infinitespire:PuzzleCube":11,"Ring of the Snake":0,"REME_ComplimentaryCards":0},{"conspire:TreasureMap":2,"Quantum Egg":7,"HoveringKite":6,"Incense Burner":5,"Replay:Kaleidoscope":0,"Whetstone":2,"MawBank":1,"zeldaRelics:CourageTriforce":4,"Frozen Eye":0,"Nunchaku":2,"Busted Crown":0,"zeldaRelics:CouragePiece":1,"infinitespire:PuzzleCube":3,"Ring of the Snake":0,"REME_ComplimentaryCards":0},{"conspire:TreasureMap":5,"Quantum Egg":20,"HoveringKite":17,"Incense Burner":11,"Replay:Kaleidoscope":0,"Whetstone":5,"MawBank":1,"zeldaRelics:CourageTriforce":8,"Frozen Eye":0,"Nunchaku":5,"Busted Crown":0,"zeldaRelics:CouragePiece":1,"infinitespire:PuzzleCube":6,"Ring of the Snake":0,"REME_ComplimentaryCards":0}],"Ring of the Snake":[16]},"card_choices":[{"not_picked":["infinitespire:Punishment","infinitespire:NeuralNetwork"],"picked":"infinitespire:FutureSight","floor":4}],"player_experience":1439002,"relics_obtained":[{"floor":1,"key":"MawBank"},{"floor":2,"key":"zeldaRelics:CouragePiece"},{"floor":7,"key":"Whetstone"},{"floor":9,"key":"zeldaRelics:CouragePiece"},{"floor":11,"key":"infinitespire:PuzzleCube"},{"floor":13,"key":"zeldaRelics:CouragePiece"},{"floor":14,"key":"Incense Burner"},{"floor":18,"key":"Quantum Egg"}],"event_choices":[{"damage_healed":0,"gold_gain":75,"player_choice":"Gather Gold","damage_taken":11,"max_hp_gain":0,"max_hp_loss":0,"event_name":"World of Goop","floor":3,"gold_loss":0},{"damage_healed":0,"gold_gain":0,"player_choice":"Entered Light","damage_taken":20,"max_hp_gain":0,"max_hp_loss":0,"event_name":"Shining Light","floor":5,"gold_loss":0,"cards_upgraded":["REME_ShadowForm","Phantasmal Killer"]},{"damage_healed":0,"gold_gain":0,"player_choice":"3 cards matched","damage_taken":0,"max_hp_gain":0,"max_hp_loss":0,"event_name":"Match and Keep!","floor":10,"gold_loss":0,"cards_obtained":["REME_DataAnalysis","Dagger Throw","A Thousand Cuts"]},{"damage_healed":0,"gold_gain":0,"player_choice":"Argue","damage_taken":0,"max_hp_gain":0,"max_hp_loss":0,"event_name":"conspire:LoneGhost","floor":12,"gold_loss":0},{"damage_healed":0,"gold_gain":0,"player_choice":"Invest 1","damage_taken":0,"max_hp_gain":0,"max_hp_loss":0,"event_name":"conspire:Investor","floor":19,"gold_loss":0},{"damage_healed":0,"gold_gain":0,"player_choice":"Shed Blood","damage_taken":20,"max_hp_gain":5,"max_hp_loss":0,"event_name":"Forgotten Altar","floor":21,"gold_loss":0}],"is_beta":false,"boss_relics":[{"not_picked":["REME_LowDesire","Ring of Chaos"],"picked":"HoveringKite"}],"items_purged_floors":[],"is_endless":false,"potions_floor_spawned":[7,14],"killed_by":"3 Byrds","ascension_level":20}}