{"host":"vlqejv0notyktumz","time":1609005493,"event":{"mods":["AchievementEnabler","BaseMod","Googly Eyes","Minty Spire (QoL Compilation)"],"gold_per_floor":[114,128,138,63,82,82,110,110,135,135,155,55,67,80,80,180,180,199,199,74,173,173,203,203,222,222,222,222,222],"floor_reached":28,"playtime":663,"items_purged":["Strike_G","Strike_G","Die Die Die"],"score":345,"play_id":"0b30a37d-cef3-4c38-827b-3aa2b95018db","local_time":"20201226115813","is_ascension_mode":true,"campfire_choices":[{"data":"Neutralize","floor":6,"key":"SMITH"},{"data":"Poisoned Stab","floor":8,"key":"SMITH"},{"data":"Survivor","floor":10,"key":"SMITH"},{"data":"Noxious Fumes","floor":15,"key":"SMITH"},{"data":"Deflect","floor":24,"key":"SMITH"},{"data":"Blur","floor":27,"key":"SMITH"}],"circlet_count":0,"master_deck":["Survivor+1","Neutralize+1","Deadly Poison","Slice","Poisoned Stab+1","Slice","Noxious Fumes+1","Footwork","Deadly Poison","Envenom","Noxious Fumes","Malaise","Deflect+1","Slice","Footwork","Distraction","Crippling Poison","Noxious Fumes+1","Blur+1","Cloak And Dagger+1"],"relics":["Ring of the Snake","NeowsBlessing","Centennial Puzzle","Anchor","Pandora\u0027s Box","Bronze Scales","Smiling Mask"],"acts_visited":["Exordium","TheCity"],"potions_floor_usage":[16,23,25,28],"damage_taken":[{"damage":0,"enemies":"Cultist","floor":1,"turns":1},{"damage":0,"enemies":"2 Louse","floor":2,"turns":1},{"damage":0,"enemies":"Small Slimes","floor":3,"turns":1},{"damage":2,"enemies":"2 Fungi Beasts","floor":5,"turns":4},{"damage":24,"enemies":"Lagavulin","floor":7,"turns":8},{"damage":3,"enemies":"Looter","floor":11,"turns":3},{"damage":3,"enemies":"Gremlin Gang","floor":13,"turns":5},{"damage":0,"enemies":"Blue Slaver","floor":14,"turns":3},{"damage":21,"enemies":"Slime Boss","floor":16,"turns":11},{"damage":7,"enemies":"Shell Parasite","floor":18,"turns":5},{"damage":20,"enemies":"Book of Stabbing","floor":23,"turns":6},{"damage":8,"enemies":"Spheric Guardian","floor":25,"turns":4},{"damage":27,"enemies":"Snecko","floor":28,"turns":3}],"seed_played":"-1292871119428539314","potions_obtained":[{"floor":1,"key":"GamblersBrew"},{"floor":7,"key":"Block Potion"},{"floor":14,"key":"PowerPotion"},{"floor":23,"key":"SkillPotion"},{"floor":25,"key":"AttackPotion"}],"is_trial":false,"path_per_floor":["M","M","M","$","M","R","E","R","T","R","M","$","M","M","R","B",null,"M","?","$","?","?","E","R","M","T","R","M"],"character_chosen":"THE_SILENT","items_purchased":[],"campfire_rested":0,"item_purchase_floors":[],"current_hp_per_floor":[63,63,63,63,61,61,37,37,37,37,34,34,31,31,31,10,55,48,48,48,48,48,28,28,20,20,20,0,0],"gold":222,"neow_bonus":"THREE_ENEMY_KILL","is_daily":false,"chose_seed":false,"campfire_upgraded":6,"win_rate":0.0,"timestamp":1609005493,"path_taken":["M","?","M","$","M","R","E","R","T","R","M","?","?","M","R","BOSS","M","?","$","?","?","E","R","M","T","R","M"],"items_purchased_type":[],"build_version":"2020-12-22","purchased_purges":3,"victory":false,"max_hp_per_floor":[70,70,70,70,70,70,70,70,70,70,70,70,70,70,70,70,70,70,70,70,70,70,70,70,70,70,70,70,70],"card_choices":[{"not_picked":["Well Laid Plans","Dagger Spray"],"picked":"Deadly Poison","floor":1},{"not_picked":["Tactician","Acrobatics","PiercingWail"],"picked":"SKIP","floor":2},{"not_picked":["Tactician","Blade Dance"],"picked":"Slice","floor":3},{"not_picked":["Backflip","Grand Finale"],"picked":"Poisoned Stab","floor":5},{"not_picked":["Flying Knee","Sucker Punch"],"picked":"Slice","floor":7},{"not_picked":["Blade Dance","Cloak And Dagger"],"picked":"Noxious Fumes","floor":11},{"not_picked":["Deflect","Prepared"],"picked":"Footwork","floor":13},{"not_picked":["Underhanded Strike","Well Laid Plans"],"picked":"Deadly Poison","floor":14},{"not_picked":["Die Die Die","Venomology"],"picked":"Envenom","floor":16},{"not_picked":["Riddle With Holes","Distraction"],"picked":"Noxious Fumes+1","floor":18},{"not_picked":["Caltrops","Sucker Punch"],"picked":"Cloak And Dagger+1","floor":23},{"not_picked":["PiercingWail","Sucker Punch","Bane+1"],"picked":"SKIP","floor":25}],"player_experience":278673,"relics_obtained":[{"floor":7,"key":"Centennial Puzzle"},{"floor":9,"key":"Anchor"},{"floor":23,"key":"Bronze Scales"},{"floor":26,"key":"Smiling Mask"}],"event_choices":[{"damage_healed":0,"gold_gain":0,"player_choice":"Read","damage_taken":0,"max_hp_gain":0,"max_hp_loss":0,"event_name":"The Library","floor":19,"gold_loss":0,"cards_obtained":["Blur"]},{"damage_healed":0,"gold_gain":99,"player_choice":"Stole From Cult","damage_taken":0,"max_hp_gain":0,"max_hp_loss":0,"event_name":"Nest","floor":21,"gold_loss":0},{"damage_healed":0,"gold_gain":0,"player_choice":"Ignored","damage_taken":0,"max_hp_gain":0,"max_hp_loss":0,"event_name":"Cursed Tome","floor":22,"gold_loss":0}],"is_beta":false,"boss_relics":[{"not_picked":["Philosopher\u0027s Stone","Ring of the Serpent"],"picked":"Pandora\u0027s Box"}],"items_purged_floors":[4,12,20],"is_endless":false,"potions_floor_spawned":[1,7,14,23,25],"killed_by":"Snecko","ascension_level":9}}