{"host":"7nu0fnckee4tlfez","time":1609006896,"event":{"mods":["2.2 Compatiblity","AchievementEnabler","BaseMod","Colored Map","Marisa£¨Ùöéë¡¡Øª×âÞÞ£©","Minty Spire (QoL Compilation)","SuperFastMode"],"gold_per_floor":[118,118,193,193,97,128,147,147,147,147,182,221,250,281,281,396,396,408,423,452,258,291,291,324,324,324,389,389,416,449,493,493,493,493],"floor_reached":33,"playtime":2031,"items_purged":[],"score":337,"play_id":"8a01e2ee-dcda-4628-a274-99404fe3e666","local_time":"20201227032136","is_ascension_mode":false,"campfire_choices":[{"data":"1","floor":15.0,"key":"LIFT"},{"floor":23,"key":"REST"},{"floor":25,"key":"REST"},{"floor":28,"key":"REST"},{"floor":32,"key":"REST"}],"circlet_count":0,"master_deck":["Strike_MRS","Strike_MRS+1","Strike_MRS","Strike_MRS","Defend_MRS","Defend_MRS","Defend_MRS","Defend_MRS","MasterSpark","UpSweep+1","GalacticHalo","WitchOfGreed","AsteroidBelt","MilkyWay","Acceleration","FairyDestructionRay","Parasite","Parasite","GalacticHalo","MillisecondPulsars","WitchOfGreed","TreasureHunter","StarBarrage","WitchLeyline","OrrerysSun","PropBag","WitchLeyline+1","ChargeUpSpray+1","GrandCross","DoubleSpark+1"],"relics":["MiniHakkero","NeowsBlessing","Bird Faced Urn","Lizard Tail","StoneCalendar","Girya","ShroomBag","Black Star","Red Mask","Regal Pillow","Eternal Feather","CaptainsWheel","BreadOfAWashokuLover","Bottled Flame","Gremlin Horn","Mummified Hand"],"acts_visited":["Exordium","TheCity"],"potions_floor_usage":[20,20,24,27,27,27,30,31,31,31,33],"damage_taken":[{"damage":0.0,"enemies":"2 Louse","floor":1.0,"turns":1.0},{"damage":0.0,"enemies":"Lagavulin","floor":6.0,"turns":1.0},{"damage":0.0,"enemies":"Small Slimes","floor":7.0,"turns":1.0},{"damage":6.0,"enemies":"Jaw Worm","floor":11.0,"turns":6.0},{"damage":23.0,"enemies":"The Mushroom Lair","floor":12.0,"turns":5.0},{"damage":4.0,"enemies":"Blue Slaver","floor":13.0,"turns":6.0},{"damage":0.0,"enemies":"Large Slime","floor":14.0,"turns":7.0},{"damage":22.0,"enemies":"Slime Boss","floor":16.0,"turns":7.0},{"damage":35.0,"enemies":"2 Thieves","floor":18.0,"turns":5.0},{"damage":0.0,"enemies":"3 Byrds","floor":19.0,"turns":2.0},{"damage":33,"enemies":"Masked Bandits","floor":20,"turns":5},{"damage":25,"enemies":"Centurion and Healer","floor":22,"turns":7},{"damage":29,"enemies":"Sentry and Sphere","floor":24,"turns":7},{"damage":52,"enemies":"Book of Stabbing","floor":27,"turns":8},{"damage":51,"enemies":"3 Cultists","floor":29,"turns":6},{"damage":40,"enemies":"Chosen and Byrds","floor":30,"turns":7},{"damage":60,"enemies":"Slavers","floor":31,"turns":7},{"damage":111,"enemies":"Champ","floor":33,"turns":12}],"seed_played":"-8564567521932854046","potions_obtained":[{"floor":7.0,"key":"FearPotion"},{"floor":11.0,"key":"SteroidPotion"},{"floor":12.0,"key":"SkillPotion"},{"floor":14.0,"key":"DuplicationPotion"},{"floor":16.0,"key":"FearPotion"},{"floor":18.0,"key":"Explosive Potion"},{"floor":20,"key":"Block Potion"},{"floor":22,"key":"BottledSpark"},{"floor":22,"key":"Energy Potion"},{"floor":24,"key":"ColorlessPotion"},{"floor":27,"key":"Fruit Juice"},{"floor":27,"key":"Dexterity Potion"},{"floor":29,"key":"Explosive Potion"},{"floor":30,"key":"Energy Potion"},{"floor":31,"key":"ShroomBrew"}],"is_trial":false,"path_per_floor":["M","?","?","T","$","E","M","?","T","?","M","?","M","M","R","B",null,"M","M","?","$","M","R","M","R","T","E","R","M","M","E","R","B"],"character_chosen":"MARISA","items_purchased":["WitchOfGreed","AsteroidBelt","Regal Pillow","OrrerysSun"],"campfire_rested":4,"item_purchase_floors":[5,5,21,21],"current_hp_per_floor":[75,60,49,49,49,49,49,37,37,62,58,37,39,47,47,33,75,47,49,20,20,3,40,19,56,56,21,75,32,19,14,71,0,0],"gold":493,"neow_bonus":"THREE_ENEMY_KILL","is_daily":false,"chose_seed":false,"campfire_upgraded":0,"win_rate":0.0,"timestamp":1609006896,"path_taken":["M","?","?","?","?","E","?","?","T","?","M","?","M","M","R","BOSS","M","M","?","$","M","R","M","R","T","E","R","M","M","E","R","BOSS"],"items_purchased_type":["Card","Card","Relic","Card"],"build_version":"2020-12-22","purchased_purges":0,"victory":false,"max_hp_per_floor":[75,75,75,75,75,75,75,75,75,75,75,75,75,75,75,75,75,75,75,75,75,75,75,75,75,75,80,80,80,80,80,80,93,93],"card_choices":[{"not_picked":["ShootingEcho","Acceleration"],"picked":"GalacticHalo","floor":1.0},{"not_picked":["UnstableBomb","AlicesGift"],"picked":"MilkyWay","floor":6.0},{"not_picked":["MysteriousBeam","MagicChant"],"picked":"Acceleration","floor":7.0},{"not_picked":["BlazeAway","Acceleration"],"picked":"FairyDestructionRay","floor":11.0},{"not_picked":["OpenUniverse","SporeBomb"],"picked":"GalacticHalo","floor":12.0},{"not_picked":["AsteroidBelt","EventHorizon"],"picked":"MillisecondPulsars","floor":13.0},{"not_picked":["EarthLightRay","LuminesStrike"],"picked":"WitchOfGreed","floor":14.0},{"not_picked":["FinalSpark","BlazingStar"],"picked":"TreasureHunter","floor":16.0},{"not_picked":["GravityBeat","SporeBomb","MachineGunSpark"],"picked":"SKIP","floor":18.0},{"not_picked":["UnstableBomb","MachineGunSpark"],"picked":"StarBarrage","floor":19.0},{"not_picked":["SporeBomb","IllusionStar+1"],"picked":"WitchLeyline","floor":20},{"not_picked":["DarkSpark","UnstableBomb","SporeBomb"],"picked":"SKIP","floor":22},{"not_picked":["OpenUniverse","Occultation"],"picked":"PropBag","floor":24},{"not_picked":["DarkSpark+1","ChargeUpSpray"],"picked":"WitchLeyline+1","floor":27},{"not_picked":["ShootingEcho","BigCrunch"],"picked":"ChargeUpSpray+1","floor":29},{"not_picked":["UnstableBomb","ShootingEcho"],"picked":"GrandCross","floor":30},{"not_picked":["LuminesStrike+1","JA"],"picked":"DoubleSpark+1","floor":31}],"player_experience":32334,"relics_obtained":[{"floor":4.0,"key":"Bird Faced Urn"},{"floor":6.0,"key":"Lizard Tail"},{"floor":9.0,"key":"Girya"},{"floor":12.0,"key":"ShroomBag"},{"floor":20,"key":"Red Mask"},{"floor":26,"key":"Eternal Feather"},{"floor":27,"key":"CaptainsWheel"},{"floor":27,"key":"BreadOfAWashokuLover"},{"floor":31,"key":"Bottled Flame"},{"floor":31,"key":"Gremlin Horn"}],"event_choices":[{"damage_healed":0.0,"max_hp_gain":0.0,"max_hp_loss":0.0,"gold_gain":0.0,"event_name":"Shining Light","player_choice":"Entered Light","floor":2.0,"gold_loss":0.0,"damage_taken":15.0,"cards_upgraded":["Strike_MRS","UpSweep"]},{"damage_healed":0.0,"max_hp_gain":0.0,"max_hp_loss":0.0,"gold_gain":75.0,"event_name":"World of Goop","player_choice":"Gather Gold","floor":3.0,"gold_loss":0.0,"damage_taken":11.0},{"damage_healed":0.0,"max_hp_gain":0.0,"max_hp_loss":0.0,"gold_gain":0.0,"event_name":"Scrap Ooze","player_choice":"Success","floor":8.0,"gold_loss":0.0,"damage_taken":12.0,"relics_obtained":["StoneCalendar"]},{"damage_healed":25.0,"max_hp_gain":0.0,"max_hp_loss":0.0,"gold_gain":0.0,"event_name":"Big Fish","player_choice":"Banana","floor":10.0,"gold_loss":0.0,"damage_taken":0.0},{"damage_healed":0.0,"max_hp_gain":0.0,"max_hp_loss":0.0,"gold_gain":0.0,"event_name":"Mushrooms_MRS","player_choice":"Fought Mushrooms","floor":12.0,"gold_loss":0.0,"damage_taken":0.0},{"damage_healed":0,"gold_gain":0,"player_choice":"Fought Bandits","damage_taken":0,"max_hp_gain":0,"max_hp_loss":0,"event_name":"Masked Bandits","floor":20,"gold_loss":0}],"is_beta":false,"boss_relics":[{"not_picked":["RampagingMagicTools","SlaversCollar"],"picked":"Black Star"}],"items_purged_floors":[],"is_endless":false,"potions_floor_spawned":[7,12,14,20,22,30],"killed_by":"Champ","ascension_level":0}}