{"host":"ezkqjaqywejtjag1","time":1609012856,"event":{"mods":["BaseMod","Colored Map","Infinite Spire","Minty Spire (QoL Compilation)","StSLib"],"gold_per_floor":[110,129,48,60,71,105,105,136,187,187,204,218,243,15,15,144,144,166,22,30,57,78,115,141,141,166,166,187,187,214,237,237,353,353,375,436,456,487,498,498,509,509,536,536,545,573,603,615,615,639],"floor_reached":51,"playtime":1593,"items_purged":[],"score":1010,"play_id":"b1d8931d-2b7b-4f8f-9574-1104b8cfb352","local_time":"20201226150056","daily_mods":["SealedDeck","Hoarder"],"is_ascension_mode":false,"campfire_choices":[{"data":"Dramatic Entrance","floor":7.0,"key":"SMITH"},{"data":"Dramatic Entrance","floor":10.0,"key":"SMITH"},{"data":"Dramatic Entrance","floor":15.0,"key":"SMITH"},{"data":"Noxious Fumes","floor":27.0,"key":"SMITH"},{"data":"Noxious Fumes","floor":29.0,"key":"SMITH"},{"data":"Noxious Fumes","floor":32.0,"key":"SMITH"},{"floor":40.0,"key":"REST"},{"floor":42.0,"key":"REST"},{"data":"infinitespire:UltimateForm","floor":44.0,"key":"SMITH"},{"floor":49.0,"key":"REST"}],"circlet_count":0,"master_deck":["Dagger Spray","Dagger Spray","Dagger Spray","Bane","Bane","Bane","Bane","Bane","Bane","Poisoned Stab","Poisoned Stab","Poisoned Stab","Bane","Bane","Bane","Deadly Poison","Deadly Poison","Deadly Poison","Deflect","Deflect","Deflect","Cloak And Dagger","Cloak And Dagger","Cloak And Dagger","Deflect","Deflect","Deflect","Cloak And Dagger","Cloak And Dagger","Cloak And Dagger","Dagger Spray","Dagger Spray","Dagger Spray","Dramatic Entrance+1","Dramatic Entrance+1","Dramatic Entrance+1","Bane","Bane","Bane","Cloak And Dagger","Cloak And Dagger","Cloak And Dagger","All Out Attack","All Out Attack","All Out Attack","All Out Attack","All Out Attack","All Out Attack","Infinite Blades","Infinite Blades","Infinite Blades","Dash","Dash","Dash","Noxious Fumes+1","Noxious Fumes+1","Noxious Fumes+1","Phantasmal Killer","Phantasmal Killer","Phantasmal Killer","Sucker Punch","Sucker Punch","Sucker Punch","Crippling Poison","Crippling Poison","Crippling Poison","Finisher+1","Finisher+1","Finisher+1","Finisher","Finisher","Finisher","Deadly Poison","Deadly Poison","Deadly Poison","Catalyst+1","Catalyst+1","Catalyst+1","Blade Dance","Blade Dance","Blade Dance","Distraction+1","Distraction+1","Distraction+1","Adrenaline","Adrenaline","Adrenaline","Distraction+1","Distraction+1","Distraction+1","Slice+1","Slice+1","Slice+1","infinitespire:UltimateForm+1","infinitespire:UltimateForm","infinitespire:UltimateForm","Pain","Pain","Pain","PiercingWail+1","PiercingWail+1","PiercingWail+1","Noxious Fumes+1","Noxious Fumes+1","Noxious Fumes+1"],"relics":["Ring of the Snake","Anchor","infinitespire:Midas Blood","Art of War","Odd Mushroom","CeramicFish","Sozu","Bag of Marbles","Nilry\u0027s Codex","Ancient Tea Set","MutagenicStrength","Boot","Busted Crown","Ginger","Lantern","WarpedTongs"],"acts_visited":["Exordium","TheCity","TheBeyond"],"potions_floor_usage":[],"damage_taken":[{"damage":0.0,"enemies":"Cultist","floor":1.0,"turns":2.0},{"damage":0.0,"enemies":"2 Louse","floor":2.0,"turns":2.0},{"damage":0.0,"enemies":"Jaw Worm","floor":4.0,"turns":1.0},{"damage":0.0,"enemies":"Blue Slaver","floor":5.0,"turns":2.0},{"damage":1.0,"enemies":"3 Sentries","floor":6.0,"turns":3.0},{"damage":0.0,"enemies":"Gremlin Nob","floor":8.0,"turns":2.0},{"damage":0.0,"enemies":"Exordium Wildlife","floor":11.0,"turns":1.0},{"damage":0.0,"enemies":"Looter","floor":12.0,"turns":1.0},{"damage":0.0,"enemies":"The Mushroom Lair","floor":13.0,"turns":1.0},{"damage":40.0,"enemies":"The Guardian","floor":16.0,"turns":8.0},{"damage":0.0,"enemies":"Shell Parasite","floor":18.0,"turns":1.0},{"damage":0.0,"enemies":"3 Byrds","floor":21.0,"turns":1.0},{"damage":0.0,"enemies":"Snake Plant","floor":22.0,"turns":2.0},{"damage":0.0,"enemies":"Gremlin Leader","floor":23.0,"turns":2.0},{"damage":0.0,"enemies":"Sentry and Sphere","floor":24.0,"turns":3.0},{"damage":0.0,"enemies":"Chosen and Byrds","floor":28.0,"turns":1.0},{"damage":0.0,"enemies":"Centurion and Healer","floor":30.0,"turns":1.0},{"damage":0.0,"enemies":"Snecko","floor":31.0,"turns":1.0},{"damage":43.0,"enemies":"Collector","floor":33.0,"turns":6.0},{"damage":8.0,"enemies":"3 Shapes","floor":35.0,"turns":1.0},{"damage":7.0,"enemies":"Mind Bloom Boss Battle","floor":36.0,"turns":3.0},{"damage":0.0,"enemies":"Orb Walker","floor":37.0,"turns":1.0},{"damage":8.0,"enemies":"4 Shapes","floor":38.0,"turns":1.0},{"damage":0.0,"enemies":"Sphere and 2 Shapes","floor":39.0,"turns":1.0},{"damage":0.0,"enemies":"Jaw Worm Horde","floor":46.0,"turns":1.0},{"damage":33.0,"enemies":"Transient","floor":47.0,"turns":5.0},{"damage":0.0,"enemies":"Sphere and 2 Shapes","floor":48.0,"turns":1.0},{"damage":42,"enemies":"Awakened One","floor":50,"turns":9}],"seed_played":"-1658836416119040433","potions_obtained":[{"floor":4.0,"key":"Regen Potion"},{"floor":6.0,"key":"Weak Potion"},{"floor":8.0,"key":"Poison Potion"},{"floor":16.0,"key":"Fire Potion"}],"is_trial":true,"path_per_floor":["M","M","$","M","M","E","R","E","T","R","M","M","?","$","R","B",null,"M","$","?","M","M","E","M","?","T","R","M","R","M","M","R","B",null,"M","?","M","M","M","R","?","R","T","R","?","M","M","M","R","B",null],"character_chosen":"THE_SILENT","items_purchased":["Dramatic Entrance","Noxious Fumes","CeramicFish","Bag of Marbles"],"campfire_rested":3,"item_purchase_floors":[3,14,14,19],"current_hp_per_floor":[70,70,70,70,70,69,69,69,69,69,69,69,69,69,69,29,70,70,70,54,54,54,54,54,54,54,54,54,54,54,54,54,20,70,62,55,55,47,47,68,52,70,70,70,70,70,37,37,58,16],"gold":639,"neow_bonus":"","is_daily":false,"chose_seed":false,"campfire_upgraded":7,"win_rate":0.0,"timestamp":1609012856,"path_taken":["M","M","$","M","?","E","R","E","T","R","M","?","?","$","R","BOSS","M","$","?","M","M","E","M","?","T","R","?","R","M","M","R","BOSS","M","?","M","M","M","R","?","R","T","R","?","M","?","M","R","BOSS"],"items_purchased_type":["Card","Card","Relic","Relic"],"build_version":"2020-12-22","purchased_purges":0,"victory":true,"max_hp_per_floor":[70,70,70,70,70,70,70,70,70,70,70,70,70,70,70,70,70,70,70,70,70,70,70,70,70,70,70,70,70,70,70,70,70,70,70,70,70,70,70,70,70,70,70,70,70,70,70,70,70,70],"card_choices":[{"not_picked":["Backflip","Prepared","Outmaneuver"],"picked":"SKIP","floor":1.0},{"not_picked":["Catalyst","Riddle With Holes"],"picked":"Dagger Spray","floor":2.0},{"not_picked":["Dagger Throw","Concentrate"],"picked":"Bane","floor":4.0},{"not_picked":["Sucker Punch","Endless Agony"],"picked":"Cloak And Dagger","floor":5.0},{"not_picked":["Prepared","Tactician"],"picked":"All Out Attack","floor":6.0},{"not_picked":["Acrobatics","Wraith Form v2"],"picked":"All Out Attack","floor":8.0},{"not_picked":["All Out Attack","Dagger Throw"],"picked":"Infinite Blades","floor":11.0},{"not_picked":["Sucker Punch","Bane"],"picked":"Dash","floor":12.0},{"not_picked":["Corpse Explosion","Tools of the Trade"],"picked":"Phantasmal Killer","floor":16.0},{"not_picked":["Bane","Well Laid Plans"],"picked":"Sucker Punch","floor":18.0},{"not_picked":["Slice","PiercingWail"],"picked":"Crippling Poison","floor":21.0},{"not_picked":["Sucker Punch","Slice"],"picked":"Finisher+1","floor":22.0},{"not_picked":["Dodge and Roll","Acrobatics"],"picked":"Finisher","floor":23.0},{"not_picked":["Venomology","Outmaneuver"],"picked":"Deadly Poison","floor":24.0},{"not_picked":["Backflip","Acrobatics+1"],"picked":"Catalyst+1","floor":28.0},{"not_picked":["Backflip","Sucker Punch"],"picked":"Blade Dance","floor":30.0},{"not_picked":["Outmaneuver+1","Dagger Throw"],"picked":"Distraction+1","floor":31.0},{"not_picked":["Burst","Die Die Die"],"picked":"Adrenaline","floor":33.0},{"not_picked":["Poisoned Stab"],"picked":"SKIP","floor":35.0},{"not_picked":[],"picked":"Distraction+1","floor":36.0},{"not_picked":["Heel Hook"],"picked":"SKIP","floor":37.0},{"not_picked":["Heel Hook"],"picked":"SKIP","floor":37.0},{"not_picked":[],"picked":"Slice+1","floor":38.0},{"not_picked":["Calculated Gamble+1"],"picked":"SKIP","floor":39.0},{"not_picked":["infinitespire:Menacing","infinitespire:FutureSight"],"picked":"infinitespire:UltimateForm","floor":41.0},{"not_picked":[],"picked":"PiercingWail+1","floor":46.0},{"not_picked":[],"picked":"Noxious Fumes+1","floor":47.0},{"not_picked":["Endless Agony+1"],"picked":"SKIP","floor":48.0}],"player_experience":163083,"relics_obtained":[{"floor":6.0,"key":"Anchor"},{"floor":8.0,"key":"infinitespire:Midas Blood"},{"floor":9.0,"key":"Art of War"},{"floor":13.0,"key":"Odd Mushroom"},{"floor":20.0,"key":"Nilry\u0027s Codex"},{"floor":23.0,"key":"Ancient Tea Set"},{"floor":26.0,"key":"Boot"},{"floor":36.0,"key":"Ginger"},{"floor":43.0,"key":"Lantern"}],"event_choices":[{"damage_healed":0.0,"max_hp_gain":0.0,"max_hp_loss":0.0,"gold_gain":0.0,"event_name":"Mushrooms","player_choice":"Fought Mushrooms","floor":13.0,"gold_loss":0.0,"damage_taken":0.0},{"damage_healed":0.0,"max_hp_gain":0.0,"max_hp_loss":0.0,"gold_gain":0.0,"event_name":"Cursed Tome","player_choice":"Obtained Book","floor":20.0,"gold_loss":0.0,"damage_taken":16.0},{"damage_healed":0.0,"max_hp_gain":0.0,"max_hp_loss":0.0,"gold_gain":0.0,"event_name":"Drug Dealer","player_choice":"Inject Mutagens","floor":25.0,"gold_loss":0.0,"damage_taken":0.0,"relics_obtained":["MutagenicStrength"]},{"damage_healed":0.0,"max_hp_gain":0.0,"max_hp_loss":0.0,"gold_gain":0.0,"event_name":"MindBloom","player_choice":"Fight","floor":36.0,"gold_loss":0.0,"damage_taken":0.0},{"damage_healed":0.0,"max_hp_gain":0.0,"max_hp_loss":0.0,"gold_gain":0.0,"event_name":"Accursed Blacksmith","player_choice":"Rummage","floor":45.0,"gold_loss":0.0,"damage_taken":0.0,"relics_obtained":["WarpedTongs"],"cards_obtained":["Pain"]}],"is_beta":false,"boss_relics":[{"not_picked":["Philosopher\u0027s Stone","infinitespire:Cupcake"],"picked":"Sozu"},{"not_picked":["Fusion Hammer","Tiny House"],"picked":"Busted Crown"}],"items_purged_floors":[],"is_endless":false,"potions_floor_spawned":[4,6,8,16,18,23,24,31,33,36,37,38,47],"ascension_level":0}}