{"host":"uflv0e3ja7hvnij7","time":1609008711,"event":{"mods":["BaseMod","Better Altar","Better Match","Better Note","Better Sensory Stone","Better Skull","Better Third Choice","Infinite Spire","Minty Spire (QoL Compilation)","Permanent Neow","Replay The Spire","Shop Mod","StSLib"],"gold_per_floor":[113,129,129,15,31,65,81,81,81,94,94,94,107,107,107,212,212,222,222,240,260,260,294,344,344,344,344,344,375,393,424,424,529,529,549,549,599,660,680,680,680,680,689,713,713,713,713,741,741,741,741],"floor_reached":50,"playtime":3524,"items_purged":["Regret","Strike_R","Strike_R","Languid"],"score":773,"play_id":"6bb401ad-ac37-410f-b098-669ae8dc6eaa","local_time":"20201226135150","is_ascension_mode":true,"campfire_choices":[{"data":"Bash","floor":8,"key":"SMITH"},{"data":"Disarm","floor":11,"key":"SMITH"},{"data":"infinitespire:SevenWalls","floor":15,"key":"SMITH"},{"data":"infinitespire:FutureSight","floor":25,"key":"SMITH"},{"data":"Shrug It Off","floor":28,"key":"SMITH"},{"data":"Headbutt","floor":32,"key":"SMITH"},{"floor":40,"key":"REST"},{"floor":41,"key":"REST"},{"data":"Whirlwind","floor":42,"key":"SMITH"},{"data":"Searing Blow+2","floor":46,"key":"SMITH"},{"data":"Searing Blow+3","floor":49,"key":"SMITH"}],"circlet_count":0,"master_deck":["Strike_R","Strike_R","Strike_R","Defend_R","Defend_R","Defend_R","Defend_R","Bash+1","Twin Strike+1","Headbutt+1","Pommel Strike+1","Warcry","Disarm+1","infinitespire:SevenWalls+1","Exhume+1","Shrug It Off+1","infinitespire:FutureSight+1","Shame","Decay","Barricade+1","Whirlwind+1","Twin Strike+1","Voices","Searing Blow+4","Shockwave"],"relics":["Burning Blood","Anchor","Letter Opener","Golden Egg","Cursed Key","Pear","SlaversCollar","Ornamental Fan","ReplayTheSpireMod:CursedCoin","Thread and Needle","Frozen Egg 2","CeramicFish","Ooze Armor","WingedGreaves","Oddly Smooth Stone","Strawberry","infinitespire:EmpoweringShard"],"acts_visited":["Exordium","TheCity","TheBeyond"],"potions_floor_usage":[23,29,31,50],"damage_taken":[{"damage":11,"enemies":"infinitespire:Voidling","floor":1,"turns":4},{"damage":10,"enemies":"Small Slimes","floor":2,"turns":3},{"damage":0,"enemies":"Jaw Worm","floor":5,"turns":2},{"damage":22,"enemies":"Replay:BlueRogue","floor":6,"turns":4},{"damage":0,"enemies":"Large Slime","floor":7,"turns":5},{"damage":0,"enemies":"Blue Slaver","floor":10,"turns":2},{"damage":0,"enemies":"2 Fungi Beasts","floor":13,"turns":4},{"damage":0,"enemies":"The Guardian","floor":16,"turns":12},{"damage":8,"enemies":"Shell Parasite","floor":18,"turns":4},{"damage":15,"enemies":"Spheric Guardian","floor":20,"turns":4},{"damage":4,"enemies":"Centurion and Healer","floor":21,"turns":5},{"damage":0,"enemies":"Nightmare","floor":23,"turns":6},{"damage":11,"enemies":"Gremlin Leader","floor":29,"turns":7},{"damage":0,"enemies":"3 Cultists","floor":30,"turns":8},{"damage":0,"enemies":"Book of Stabbing","floor":31,"turns":6},{"damage":14,"enemies":"Champ","floor":33,"turns":15},{"damage":28,"enemies":"3 Darklings","floor":35,"turns":8},{"damage":0,"enemies":"Mind Bloom Boss Battle","floor":37,"turns":7},{"damage":0,"enemies":"3 Shapes","floor":39,"turns":4},{"damage":0,"enemies":"Maw","floor":44,"turns":10},{"damage":18,"enemies":"Transient","floor":48,"turns":5},{"damage":76,"enemies":"Replay:Hell Engine","floor":50,"turns":7}],"seed_played":"-171833975556895062","potions_obtained":[{"floor":13,"key":"AttackPotion"},{"floor":16,"key":"SkillPotion"},{"floor":20,"key":"LiquidMemories"},{"floor":29,"key":"SteroidPotion"},{"floor":31,"key":"BlessingOfTheForge"},{"floor":33,"key":"GamblersBrew"},{"floor":44,"key":"FearPotion"},{"floor":48,"key":"AttackPotion"}],"is_trial":false,"path_per_floor":["M","M","?","$","M","E","M","R","T","M","R","?","M","$","R","B",null,"M","?","M","M","AVR","NM","$","R","T","?","R","E","M","E","R","B",null,"M","?","?","?","M","R","R","R","T","M","?","R","AVR","M","R","B"],"character_chosen":"IRONCLAD","items_purchased":["Pommel Strike+1","ReplayTheSpireMod:CursedCoin"],"campfire_rested":2,"item_purchase_floors":[4,24],"current_hp_per_floor":[80,76,76,76,80,64,70,70,70,76,76,55,61,61,61,67,77,75,75,66,68,78,84,84,84,84,84,84,79,85,90,90,82,88,66,66,72,50,56,83,90,90,97,97,97,97,97,85,85,9,9],"gold":741,"neow_bonus":"RANDOM_EVENT","is_daily":false,"chose_seed":false,"campfire_upgraded":9,"win_rate":0.0,"timestamp":1609008710,"path_taken":["M","?","?","$","M","E","?","R","T","M","R","?","M","$","R","BOSS","M","?","M","M","AVR","NM","$","R","T","?","R","E","M","E","R","BOSS","M","?","?","?","?","R","R","R","T","M","?","R","AVR","M","R","BOSS"],"items_purchased_type":["Card","Relic"],"build_version":"2020-12-22","purchased_purges":4,"victory":false,"max_hp_per_floor":[80,80,80,80,80,80,80,80,80,80,80,80,80,80,80,80,80,80,80,80,80,90,90,90,90,90,90,90,90,90,90,90,90,90,90,90,90,90,90,90,90,90,97,97,97,97,97,97,97,97,97],"card_choices":[{"not_picked":["Clash","Warcry"],"picked":"Twin Strike","floor":1},{"not_picked":["Iron Wave","Carnage"],"picked":"Headbutt","floor":2},{"not_picked":["Twin Strike","Juggernaut","Thunderclap"],"picked":"SKIP","floor":5},{"not_picked":["Evolve","Flex"],"picked":"Warcry","floor":6},{"not_picked":["Warcry","Hemokinesis"],"picked":"Disarm","floor":7},{"not_picked":["Heavy Blade","Dark Embrace","Clash"],"picked":"SKIP","floor":10},{"not_picked":["ReplayTheSpireMod:Chaos Vortex","infinitespire:Starlight"],"picked":"infinitespire:SevenWalls","floor":12},{"not_picked":["Havoc","Reckless Charge","Clothesline"],"picked":"SKIP","floor":13},{"not_picked":["Immolate","Bludgeon"],"picked":"Exhume","floor":16},{"not_picked":["Body Slam","Sword Boomerang+1","Evolve"],"picked":"SKIP","floor":18},{"not_picked":["Warcry+1","Heavy Blade+1"],"picked":"Shrug It Off","floor":20},{"not_picked":["Hemokinesis","Headbutt","Warcry"],"picked":"SKIP","floor":21},{"not_picked":["ReplayTheSpireMod:Haul","ReplayTheSpireMod:Echoes of Time"],"picked":"infinitespire:FutureSight","floor":23},{"not_picked":["Combust","Clash+1","Fire Breathing+1"],"picked":"SKIP","floor":23},{"not_picked":["Clothesline+1","Second Wind+1","Dark Embrace+1"],"picked":"SKIP","floor":29},{"not_picked":["Perfected Strike+1","True Grit","Thunderclap"],"picked":"SKIP","floor":30},{"not_picked":["Feel No Pain+1","Limit Break","Intimidate"],"picked":"SKIP","floor":31},{"not_picked":["Limit Break","Juggernaut+1"],"picked":"Barricade+1","floor":33},{"not_picked":["Burning Pact","Wild Strike","Body Slam+1"],"picked":"SKIP","floor":35},{"not_picked":["Clash+1","Power Through+1"],"picked":"Whirlwind","floor":38},{"not_picked":["Perfected Strike+1","Armaments+1"],"picked":"Twin Strike+1","floor":39},{"not_picked":["Havoc+1","Headbutt+1"],"picked":"Searing Blow+1","floor":44},{"not_picked":["Warcry+1","Infernal Blade"],"picked":"Shockwave","floor":48}],"player_experience":409737,"relics_obtained":[{"floor":6,"key":"Letter Opener"},{"floor":9,"key":"Golden Egg"},{"floor":23,"key":"Ornamental Fan"},{"floor":26,"key":"Thread and Needle"},{"floor":29,"key":"Frozen Egg 2"},{"floor":31,"key":"CeramicFish"},{"floor":37,"key":"WingedGreaves"},{"floor":38,"key":"Oddly Smooth Stone"},{"floor":43,"key":"Strawberry"}],"event_choices":[{"damage_healed":0,"gold_gain":0,"player_choice":"Box","damage_taken":0,"relics_obtained":["Anchor"],"max_hp_gain":0,"max_hp_loss":0,"event_name":"Big Fish","floor":0,"gold_loss":0,"cards_obtained":["Regret"]},{"damage_healed":0,"gold_gain":0,"player_choice":"Forge","damage_taken":0,"max_hp_gain":0,"max_hp_loss":0,"event_name":"Accursed Blacksmith","floor":3,"gold_loss":0,"cards_upgraded":["Twin Strike"]},{"damage_healed":0,"gold_gain":0,"player_choice":" Defy","damage_taken":0,"max_hp_gain":0,"max_hp_loss":0,"event_name":"betterAltar:BetterAltar","floor":27,"gold_loss":0,"cards_obtained":["Decay"]},{"damage_healed":0,"gold_gain":0,"player_choice":"Ignored","damage_taken":0,"max_hp_gain":0,"max_hp_loss":0,"event_name":"Tomb of Lord Red Mask","floor":36,"gold_loss":0},{"damage_healed":0,"gold_gain":0,"player_choice":"Fight","damage_taken":0,"max_hp_gain":0,"max_hp_loss":0,"event_name":"MindBloom","floor":37,"gold_loss":0},{"damage_healed":0,"gold_gain":0,"player_choice":"Upgraded","damage_taken":0,"max_hp_gain":0,"max_hp_loss":0,"event_name":"Upgrade Shrine","floor":45,"gold_loss":0,"cards_upgraded":["Searing Blow"]}],"is_beta":false,"boss_relics":[{"not_picked":["Busted Crown","Ring of Chaos"],"picked":"Cursed Key"},{"not_picked":["ReplayTheSpireMod:SealedPack","Fusion Hammer"],"picked":"Ooze Armor"}],"items_purged_floors":[4,22,24,47],"is_endless":true,"potions_floor_spawned":[13,16,20,21,29,31,33,37,44,48],"killed_by":"Replay:Hell Engine","ascension_level":5}}