{"host":"ul103bh19qas5vs8","time":1609008486,"event":{"mods":["BaseMod","Downfall","Googly Eyes","Minty Spire (QoL Compilation)","Replay The Spire","Shop Mod","StSLib"],"gold_per_floor":[113,113,113,74,74,74,109,127,151,151,162,175,200,215,215,318,318,338,338,143,157,216,245,245,515,597,610,626,640,640,184,252,348,348,368,415,221,235,248,248,264,264,264,295,341,353,397,248,248,248,248,248,13,46,46],"floor_reached":56,"playtime":2277,"items_purged":["All For One","Sweeping Beam","Doubt","Tempest","Streamline+1"],"score":1590,"play_id":"7996872c-4bfe-4a90-8e34-32e4fb457928","local_time":"20201227024806","is_ascension_mode":true,"campfire_choices":[{"data":"Recycle","floor":6.0,"key":"SMITH"},{"data":"Zap","floor":10.0,"key":"SMITH"},{"data":"Streamline","floor":15.0,"key":"SMITH"},{"data":"Coolheaded","floor":24.0,"key":"SMITH"},{"data":"Electrodynamics","floor":30.0,"key":"SMITH"},{"data":"Echo Form","floor":40,"key":"SMITH"},{"floor":42,"key":"RECALL"},{"data":"Reboot","floor":49,"key":"SMITH"},{"data":"Undo","floor":52,"key":"SMITH"}],"circlet_count":0,"master_deck":["Zap+1","Dualcast","Recycle+1","Coolheaded+1","Electrodynamics+1","Undo+1","Echo Form+1","Reboot+1","Sunder","Defragment+1","Coolheaded+1","Heatsinks+1","Hello World","Buffer+1","Hologram+1","BootSequence+1","Replay:SS_hec_1+1","Echo Form+1","Blizzard+1","Defragment+1","Capacitor+1","Glacier+1"],"relics":["Cracked Core","NeowsBlessing","ReplayTheSpireMod:TigerMarble","DataDisk","Membership Card","MerchantsRug","Golden Egg","ReplayTheSpireMod:CursedCoin","Orichalcum","Eternal Feather","Lee\u0027s Waffle","Turnip","Toy Ornithopter","Ancient Tea Set","Black Star","Symbiotic Virus","Runic Capacitor","Prayer Wheel","MawBank","Singing Bowl","Kunai","Smiling Mask","Divine Protection","Blue Doll","HandDrill","Pear","Ginger","Akabeko"],"acts_visited":["Exordium","TheCity","TheBeyond","TheEnding"],"potions_floor_usage":[39,41,55],"damage_taken":[{"damage":0.0,"enemies":"Cultist","floor":1.0,"turns":1.0},{"damage":0.0,"enemies":"3 Sentries","floor":7.0,"turns":1.0},{"damage":0.0,"enemies":"2 Louse","floor":8.0,"turns":1.0},{"damage":0.0,"enemies":"Jaw Worm","floor":11.0,"turns":4.0},{"damage":17.0,"enemies":"Exordium Thugs","floor":12.0,"turns":4.0},{"damage":8.0,"enemies":"Gremlin Nob","floor":13.0,"turns":3.0},{"damage":0.0,"enemies":"3 Louse","floor":14.0,"turns":1.0},{"damage":1.0,"enemies":"Slime Boss","floor":16.0,"turns":6.0},{"damage":0.0,"enemies":"3 Byrds","floor":18.0,"turns":2.0},{"damage":22.0,"enemies":"2 Thieves","floor":21.0,"turns":2.0},{"damage":5.0,"enemies":"Gremlin Leader","floor":23.0,"turns":5.0},{"damage":0.0,"enemies":"Centurion and Healer","floor":27.0,"turns":3.0},{"damage":4.0,"enemies":"Snecko","floor":28.0,"turns":6.0},{"damage":0.0,"enemies":"Snake Plant","floor":29.0,"turns":3.0},{"damage":33.0,"enemies":"Collector","floor":33.0,"turns":8.0},{"damage":0.0,"enemies":"3 Shapes","floor":35.0,"turns":2.0},{"damage":21,"enemies":"3 Darklings","floor":38,"turns":4},{"damage":7,"enemies":"Spire Growth","floor":39,"turns":5},{"damage":1,"enemies":"Writhing Mass","floor":41,"turns":4},{"damage":2,"enemies":"Sphere and 2 Shapes","floor":44,"turns":3},{"damage":7,"enemies":"Giant Head","floor":45,"turns":6},{"damage":0,"enemies":"R_Hoarder","floor":47,"turns":6},{"damage":0,"enemies":"Donu and Deca","floor":50,"turns":6},{"damage":32,"enemies":"Shield and Spear","floor":54,"turns":7},{"damage":23,"enemies":"The Heart","floor":55,"turns":9}],"seed_played":"-7175558956637410093","potions_obtained":[{"floor":1.0,"key":"Regen Potion"},{"floor":12.0,"key":"Languid Potion"},{"floor":14.0,"key":"Fire Potion"},{"floor":16.0,"key":"Adrenaline Potion"},{"floor":27.0,"key":"Swift Potion"},{"floor":32.0,"key":"LiquidBronze"},{"floor":36,"key":"Adrenaline Potion"},{"floor":41,"key":"Explosive Potion"}],"is_trial":false,"path_per_floor":["M","$","?","$","?","R","E","M","T","R","M","M","E","M","R","B",null,"M","?","$","M","$","E","R","?","T","M","M","M","R","$","R","B",null,"M","?","$","M","M","R","M","R","T","M","E","?","E","$","R","B",null,"R","$","E","B",null],"character_chosen":"DEFECT","items_purchased":["Coolheaded+1","Membership Card","MerchantsRug","Golden Egg","Heatsinks","ReplayTheSpireMod:CursedCoin","Lee\u0027s Waffle","Turnip","Toy Ornithopter","Buffer","Hologram+1","Elixir","FocusPotion","Runic Capacitor","Replay:SS_hec_1","Capacitor","Blue Doll","HandDrill","Pear","Glacier"],"campfire_rested":0,"item_purchase_floors":[4,20,20,20,22,22,31,31,31,31,31,31,31,37,37,48,48,53,53,53],"current_hp_per_floor":[75,75,68,68,68,68,68,68,68,68,68,51,43,43,43,42,75,75,75,75,53,53,48,48,21,21,21,17,17,26,82,82,49,82,82,82,82,61,59,71,75,82,82,80,75,75,77,77,82,82,82,82,92,62,44],"gold":46,"neow_bonus":"THREE_ENEMY_KILL","is_daily":false,"chose_seed":false,"campfire_upgraded":8,"win_rate":0.0,"timestamp":1609008486,"path_taken":["M","?","?","$","?","R","E","?","T","R","M","M","E","M","R","BOSS","M","?","$","M","?","E","R","?","T","M","?","M","R","$","R","BOSS","M","?","$","M","M","R","M","R","T","M","E","?","E","$","R","BOSS","R","$","E","BOSS"],"items_purchased_type":["Card","Relic","Relic","Relic","Card","Relic","Relic","Relic","Relic","Card","Card","Potion","Potion","Relic","Card","Card","Relic","Relic","Relic","Card"],"build_version":"2020-12-22","purchased_purges":5,"victory":true,"max_hp_per_floor":[75,75,75,75,75,75,75,75,75,75,75,75,75,75,75,75,75,75,75,75,75,75,75,75,75,75,75,75,75,75,82,82,82,82,82,82,82,82,82,82,82,82,82,82,84,80,82,82,82,82,82,82,92,94,94],"card_choices":[{"not_picked":["Sweeping Beam","Turbo"],"picked":"Recycle","floor":1.0},{"not_picked":["Stack","Sweeping Beam","Leap"],"picked":"SKIP","floor":7.0},{"not_picked":["Compile Driver","Cold Snap","Skim"],"picked":"SKIP","floor":8.0},{"not_picked":["Consume","Go for the Eyes"],"picked":"Streamline","floor":11.0},{"not_picked":["Redo","Compile Driver"],"picked":"Electrodynamics","floor":12.0},{"not_picked":["Barrage","Doom and Gloom"],"picked":"Undo","floor":13.0},{"not_picked":["Undo","Ball Lightning","Barrage"],"picked":"SKIP","floor":14.0},{"not_picked":["Electrodynamics","Meteor Strike"],"picked":"Echo Form","floor":16.0},{"not_picked":["Coolheaded","Hologram","Steam+1"],"picked":"SKIP","floor":18.0},{"not_picked":["Hello World","Redo","Beam Cell"],"picked":"SKIP","floor":21.0},{"not_picked":["Consume+1","Chill","Stack"],"picked":"SKIP","floor":23.0},{"not_picked":["Stack+1","Chaos","Lockon"],"picked":"SKIP","floor":27.0},{"not_picked":["White Noise","Sweeping Beam","Go for the Eyes"],"picked":"SKIP","floor":28.0},{"not_picked":["Hello World","Streamline","Turbo"],"picked":"SKIP","floor":29.0},{"not_picked":["Streamline","Turbo"],"picked":"Hello World","floor":29.0},{"not_picked":["Sweeping Beam","Steam"],"picked":"BootSequence+1","floor":32.0},{"not_picked":["Chill","Ball Lightning+1","Barrage"],"picked":"SKIP","floor":35.0},{"not_picked":["Coolheaded+1","Go for the Eyes"],"picked":"ReplayTheSpireMod:Fabricate Wheel","floor":38},{"not_picked":["Cold Snap","Streamline"],"picked":"Blizzard+1","floor":39},{"not_picked":["Fusion+1","Sweeping Beam","Leap+1"],"picked":"SKIP","floor":39},{"not_picked":["Aggregate","Rip and Tear"],"picked":"Defragment+1","floor":41},{"not_picked":["Rebound+1","Stack","Compile Driver"],"picked":"SKIP","floor":41},{"not_picked":["Melter+1","Cold Snap","Machine Learning"],"picked":"SKIP","floor":44},{"not_picked":["Gash","Redo+1","Coolheaded"],"picked":"SKIP","floor":44},{"not_picked":["Beam Cell","Reinforced Body","Loop"],"picked":"Singing Bowl","floor":45},{"not_picked":["Loop","Darkness+1","Rip and Tear+1"],"picked":"Singing Bowl","floor":47},{"not_picked":["Thunder Strike","Go for the Eyes","Capacitor"],"picked":"Singing Bowl","floor":54}],"player_experience":130750,"relics_obtained":[{"floor":7.0,"key":"Replay:Multitool"},{"floor":13.0,"key":"DataDisk"},{"floor":23.0,"key":"Orichalcum"},{"floor":26.0,"key":"Eternal Feather"},{"floor":32.0,"key":"Ancient Tea Set"},{"floor":36,"key":"Symbiotic Virus"},{"floor":43,"key":"MawBank"},{"floor":45,"key":"Singing Bowl"},{"floor":45,"key":"Kunai"},{"floor":47,"key":"Smiling Mask"},{"floor":47,"key":"Divine Protection"},{"floor":54,"key":"Ginger"},{"floor":54,"key":"Akabeko"}],"event_choices":[{"cards_removed":["Strike_B"],"damage_healed":0.0,"max_hp_gain":0.0,"max_hp_loss":0.0,"gold_gain":0.0,"event_name":"Golden Wing","player_choice":"Card Removal","floor":3.0,"gold_loss":0.0,"damage_taken":7.0},{"damage_healed":0.0,"max_hp_gain":0.0,"max_hp_loss":0.0,"gold_gain":0.0,"event_name":"WeMeetAgain","player_choice":"Gave Potion","floor":5.0,"gold_loss":0.0,"damage_taken":0.0,"relics_obtained":["ReplayTheSpireMod:TigerMarble"]},{"damage_healed":0.0,"max_hp_gain":0.0,"max_hp_loss":0.0,"gold_gain":0.0,"event_name":"Upgrade Shrine","player_choice":"Upgraded","floor":19.0,"gold_loss":0.0,"damage_taken":0.0,"cards_upgraded":["Defragment"]},{"damage_healed":0.0,"max_hp_gain":0.0,"max_hp_loss":0.0,"gold_gain":270.0,"event_name":"Knowing Skull","player_choice":"GOLD GOLD GOLD ","floor":25.0,"potions_obtained":[],"gold_loss":0.0,"damage_taken":27.0,"cards_obtained":[]},{"damage_healed":0,"gold_gain":0,"player_choice":"Max HP","damage_taken":0,"max_hp_gain":0,"max_hp_loss":4,"event_name":"Winding Halls","floor":46,"gold_loss":0}],"is_beta":false,"boss_relics":[{"not_picked":["Coffee Dripper","SlaversCollar"],"picked":"Pandora\u0027s Box"},{"not_picked":["FrozenCore","Empty Cage"],"picked":"Black Star"}],"items_purged_floors":[20,22,31,37,48],"is_endless":false,"potions_floor_spawned":[1,12,14,16,27,33,35,41],"ascension_level":3}}