{"host":"lhth1efayex2023z","time":1609016227,"event":{"mods":["BaseMod","Colored Map","Googly Eyes","Minty Spire (QoL Compilation)","StSLib"],"gold_per_floor":[109,125,139,157,176,176,205,205,255,280,280,49,49,78,78,183,183,198,198,6,25,35,35,35],"floor_reached":23,"playtime":1188,"items_purged":["Strike_R"],"score":327,"play_id":"2fb12cf2-9c17-499a-b22c-537b72d4e67e","local_time":"20201226135707","is_ascension_mode":true,"campfire_choices":[{"data":"Body Slam","floor":6,"key":"SMITH"},{"data":"Discovery","floor":8,"key":"SMITH"},{"data":"Blood for Blood","floor":11,"key":"SMITH"},{"data":"Uppercut","floor":13,"key":"SMITH"},{"data":"Bash","floor":15,"key":"SMITH"}],"circlet_count":0,"master_deck":["AscendersBane","Strike_R","Strike_R","Strike_R","Strike_R","Defend_R+1","Defend_R","Defend_R","Defend_R+1","Bash+1","Discovery+1","Blood for Blood+1","Body Slam+1","Uppercut+1","Metallicize","Second Wind","Metallicize","Feel No Pain","Berserk","Pommel Strike+1","Entrench","Metallicize","True Grit","Shrug It Off+1"],"relics":["Burning Blood","War Paint","Bag of Preparation","Eternal Feather","Tiny Chest","Anchor","Philosopher\u0027s Stone","Question Card"],"acts_visited":["Exordium","TheCity"],"potions_floor_usage":[4,7,16,22,23],"damage_taken":[{"damage":6,"enemies":"Cultist","floor":1,"turns":4},{"damage":0,"enemies":"2 Louse","floor":2,"turns":4},{"damage":13,"enemies":"Jaw Worm","floor":3,"turns":4},{"damage":4,"enemies":"2 Fungi Beasts","floor":4,"turns":4},{"damage":14,"enemies":"Large Slime","floor":5,"turns":13},{"damage":29,"enemies":"Lagavulin","floor":7,"turns":6},{"damage":21,"enemies":"3 Sentries","floor":10,"turns":7},{"damage":3,"enemies":"Gremlin Nob","floor":14,"turns":4},{"damage":35,"enemies":"Slime Boss","floor":16,"turns":13},{"damage":9,"enemies":"Spheric Guardian","floor":18,"turns":4},{"damage":3,"enemies":"Chosen","floor":21,"turns":6},{"damage":22,"enemies":"Centurion and Healer","floor":22,"turns":6},{"damage":59,"enemies":"Gremlin Leader","floor":23,"turns":9}],"seed_played":"-6691142973842464983","potions_obtained":[{"floor":3,"key":"HeartOfIron"},{"floor":4,"key":"ColorlessPotion"},{"floor":10,"key":"Fire Potion"},{"floor":14,"key":"SpeedPotion"},{"floor":16,"key":"EssenceOfSteel"}],"is_trial":false,"path_per_floor":["M","M","M","M","M","R","E","R","T","E","R","$","R","E","R","B",null,"M","T","$","M","M","E"],"character_chosen":"IRONCLAD","items_purchased":["Feel No Pain","Tiny Chest","Entrench","Metallicize"],"campfire_rested":0,"item_purchase_floors":[12,12,20,20],"current_hp_per_floor":[72,78,71,73,65,65,42,42,42,27,36,36,45,48,57,28,67,64,64,64,67,51,0,0],"gold":35,"neow_bonus":"RANDOM_COLORLESS","is_daily":false,"chose_seed":false,"campfire_upgraded":5,"win_rate":0.0,"timestamp":1609016227,"path_taken":["M","M","?","M","M","R","E","R","T","E","R","?","R","E","R","BOSS","M","?","?","M","M","E"],"items_purchased_type":["Card","Relic","Card","Card"],"build_version":"2020-12-22","purchased_purges":1,"victory":false,"max_hp_per_floor":[80,80,80,80,80,80,80,80,80,80,80,80,80,80,80,80,80,80,80,80,80,80,80,80],"card_choices":[{"not_picked":["Blind","Deep Breath"],"picked":"Discovery","floor":0},{"not_picked":["Clothesline","Cleave"],"picked":"Blood for Blood","floor":1},{"not_picked":["Headbutt","Sentinel"],"picked":"Body Slam","floor":2},{"not_picked":["Havoc","Shockwave"],"picked":"Uppercut","floor":3},{"not_picked":["Clothesline","Armaments"],"picked":"Metallicize","floor":4},{"not_picked":["Clothesline","Twin Strike"],"picked":"Second Wind","floor":5},{"not_picked":["Combust","Uppercut","Havoc"],"picked":"SKIP","floor":7},{"not_picked":["Disarm","Berserk"],"picked":"Metallicize","floor":10},{"not_picked":["Anger","Sword Boomerang","Thunderclap"],"picked":"SKIP","floor":14},{"not_picked":["Bludgeon","Immolate"],"picked":"Berserk","floor":16},{"not_picked":["Dark Embrace","Clothesline+1"],"picked":"Pommel Strike+1","floor":18},{"not_picked":["Pommel Strike","Headbutt","Spot Weakness"],"picked":"True Grit","floor":21},{"not_picked":["True Grit+1","Wild Strike","Metallicize"],"picked":"Shrug It Off+1","floor":22}],"player_experience":409289,"relics_obtained":[{"floor":7,"key":"War Paint"},{"floor":9,"key":"Bag of Preparation"},{"floor":10,"key":"Eternal Feather"},{"floor":14,"key":"Anchor"},{"floor":19,"key":"Question Card"}],"event_choices":[],"is_beta":false,"boss_relics":[{"not_picked":["Empty Cage","Black Blood"],"picked":"Philosopher\u0027s Stone"}],"items_purged_floors":[20],"is_endless":false,"potions_floor_spawned":[3,4,10,14,16,18],"killed_by":"Gremlin Leader","ascension_level":11}}