{"host":"udzsrhbqdxqtlypj","time":1609016976,"event":{"mods":["BaseMod","Minty Spire (QoL Compilation)","Relic Stats"],"gold_per_floor":[118,13,84,99,49,76,76,95,170,13,23,23,48,61,61,156,156,172,188,200,212,212,242,242,274,274,301,320,335,335,350,350,452,452,462,462,210,224,237,237,266,280,280,299,333,333,364,415,415,415,415,415,124,158,158,158],"floor_reached":55,"playtime":4865,"items_purged":["Strike_B","Strike_B"],"score":1306,"play_id":"2b27a914-b058-4f99-a477-f5cb659682e7","local_time":"20201226150936","is_ascension_mode":true,"campfire_choices":[{"data":"Sunder","floor":7.0,"key":"SMITH"},{"data":"Go for the Eyes","floor":12.0,"key":"SMITH"},{"data":"Doom and Gloom","floor":15.0,"key":"SMITH"},{"floor":24.0,"key":"REST"},{"data":"Hologram","floor":30.0,"key":"SMITH"},{"data":"FTL","floor":32.0,"key":"SMITH"},{"data":"Machine Learning","floor":40.0,"key":"SMITH"},{"floor":46,"key":"RECALL"},{"data":"Buffer","floor":49,"key":"SMITH"},{"data":"Leap","floor":52,"key":"SMITH"}],"circlet_count":0,"master_deck":["AscendersBane","Strike_B","Defend_B","Defend_B","Defend_B","Defend_B","Zap","Dualcast","Hologram+1","Sunder+1","Turbo","Go for the Eyes+1","Doom and Gloom+1","Beam Cell","Cold Snap","Genetic Algorithm","Ball Lightning","Echo Form","Melter","Gash+1","FTL+1","Reinforced Body+1","Core Surge","Self Repair","Machine Learning+1","Darkness+1","Leap+1","Coolheaded+1","Gash","Writhe","Hologram+1","Buffer+1","Compile Driver+1","Hologram+1","Loop"],"relics":["Cracked Core","NeowsBlessing","Bronze Scales","Symbiotic Virus","PreservedInsect","Bag of Preparation","Cursed Key","Letter Opener","Oddly Smooth Stone","Ginger","Bird Faced Urn","Coffee Dripper","Chemical X","Art of War","Mummified Hand","Mercury Hourglass","Du-Vu Doll","Akabeko"],"acts_visited":["Exordium","TheCity","TheBeyond","TheEnding"],"potions_floor_usage":[50,54],"damage_taken":[{"damage":0.0,"enemies":"Jaw Worm","floor":1.0,"turns":1.0},{"damage":0.0,"enemies":"Small Slimes","floor":4.0,"turns":1.0},{"damage":0.0,"enemies":"Lagavulin","floor":6.0,"turns":2.0},{"damage":2.0,"enemies":"2 Louse","floor":8.0,"turns":2.0},{"damage":0.0,"enemies":"Lots of Slimes","floor":11.0,"turns":2.0},{"damage":2.0,"enemies":"3 Sentries","floor":13.0,"turns":4.0},{"damage":10.0,"enemies":"Large Slime","floor":14.0,"turns":3.0},{"damage":27.0,"enemies":"Hexaghost","floor":16.0,"turns":8.0},{"damage":0.0,"enemies":"3 Byrds","floor":18.0,"turns":3.0},{"damage":0.0,"enemies":"Chosen","floor":19.0,"turns":4.0},{"damage":24.0,"enemies":"Centurion and Healer","floor":20.0,"turns":8.0},{"damage":12.0,"enemies":"Shelled Parasite and Fungi","floor":21.0,"turns":3.0},{"damage":19.0,"enemies":"Book of Stabbing","floor":23.0,"turns":4.0},{"damage":0.0,"enemies":"Gremlin Leader","floor":25.0,"turns":5.0},{"damage":12.0,"enemies":"Book of Stabbing","floor":27.0,"turns":3.0},{"damage":0.0,"enemies":"Snecko","floor":28.0,"turns":3.0},{"damage":0.0,"enemies":"Chosen and Byrds","floor":29.0,"turns":4.0},{"damage":3.0,"enemies":"Snake Plant","floor":31.0,"turns":4.0},{"damage":37.0,"enemies":"Champ","floor":33.0,"turns":7.0},{"damage":23.0,"enemies":"3 Shapes","floor":35.0,"turns":8.0},{"damage":26.0,"enemies":"3 Darklings","floor":38.0,"turns":8.0},{"damage":1.0,"enemies":"Transient","floor":39.0,"turns":5.0},{"damage":18.0,"enemies":"Reptomancer","floor":41.0,"turns":5.0},{"damage":10.0,"enemies":"Sphere and 2 Shapes","floor":42.0,"turns":4.0},{"damage":39.0,"enemies":"Jaw Worm Horde","floor":44.0,"turns":8.0},{"damage":18.0,"enemies":"Giant Head","floor":45.0,"turns":8.0},{"damage":0,"enemies":"Nemesis","floor":47,"turns":5},{"damage":0,"enemies":"2 Orb Walkers","floor":48,"turns":5},{"damage":31,"enemies":"Time Eater","floor":50,"turns":10},{"damage":44,"enemies":"Shield and Spear","floor":54,"turns":5},{"damage":87,"enemies":"The Heart","floor":55,"turns":8}],"seed_played":"-4066412644606998240","potions_obtained":[{"floor":1.0,"key":"SkillPotion"},{"floor":8.0,"key":"SteroidPotion"},{"floor":11.0,"key":"SpeedPotion"},{"floor":23.0,"key":"Ancient Potion"},{"floor":25.0,"key":"SteroidPotion"},{"floor":33.0,"key":"SneckoOil"},{"floor":41.0,"key":"Explosive Potion"},{"floor":44.0,"key":"DuplicationPotion"},{"floor":45.0,"key":"Weak Potion"}],"is_trial":false,"path_per_floor":["M","$","?","M","?","E","R","M","T","$","M","R","E","M","R","B",null,"M","M","M","M","?","E","R","E","T","E","M","M","R","M","R","B",null,"M","?","$","M","M","R","E","M","T","M","E","R","E","?","R","B",null,"R","$","E","B"],"character_chosen":"DEFECT","items_purchased":["Sunder","Turbo","PreservedInsect","Chemical X","Leap","Loop","FairyPotion","Energy Potion"],"campfire_rested":1,"item_purchase_floors":[2,2,10,37,37,53,53,53],"current_hp_per_floor":[68,68,68,68,68,68,68,66,66,66,66,66,64,54,54,27,63,63,63,39,27,27,8,30,30,30,18,18,38,38,44,44,18,61,62,62,62,58,71,71,67,70,70,52,56,56,71,71,71,62,69,69,69,51,0,0],"gold":158,"neow_bonus":"THREE_ENEMY_KILL","is_daily":false,"chose_seed":false,"campfire_upgraded":8,"win_rate":0.0,"timestamp":1609016976,"path_taken":["M","$","?","M","?","E","R","M","T","$","M","R","E","M","R","BOSS","M","M","M","M","?","E","R","E","T","E","?","M","R","M","R","BOSS","M","?","$","M","M","R","E","M","T","M","E","R","E","?","R","BOSS","R","$","E","BOSS"],"items_purchased_type":["Card","Card","Relic","Relic","Card","Card","Potion","Potion"],"build_version":"2020-12-22","purchased_purges":2,"victory":false,"max_hp_per_floor":[75,75,75,75,75,75,75,75,75,75,75,75,75,75,75,75,75,75,75,75,75,75,75,75,75,75,75,75,75,75,75,75,75,75,75,71,71,71,71,71,71,71,71,71,71,71,71,71,71,71,71,71,71,71,71,71],"relic_stats":{"counters":[31,150],"PreservedInsect":487,"Bag of Preparation":[50],"Letter Opener":[215],"Ginger":[15],"Cursed Key":1,"Mercury Hourglass":[84],"Mummified Hand":[32],"Bronze Scales":[520],"Bird Faced Urn":[97],"Art of War":[5],"Chemical X":[12],"obtain_stats":[{"NeowsBlessing":0,"Oddly Smooth Stone":23,"PreservedInsect":10,"Bag of Preparation":13,"Letter Opener":22,"Ginger":25,"Cursed Key":17,"Akabeko":54,"Mercury Hourglass":47,"Du-Vu Doll":48,"Mummified Hand":45,"Bronze Scales":6,"Bird Faced Urn":27,"Coffee Dripper":34,"Art of War":41,"Chemical X":37,"Cracked Core":0,"Symbiotic Virus":9},{"NeowsBlessing":0,"Oddly Smooth Stone":13,"PreservedInsect":4,"Bag of Preparation":6,"Letter Opener":12,"Ginger":14,"Cursed Key":8,"Akabeko":30,"Mercury Hourglass":27,"Du-Vu Doll":28,"Mummified Hand":26,"Bronze Scales":3,"Bird Faced Urn":15,"Coffee Dripper":19,"Art of War":23,"Chemical X":20,"Cracked Core":0,"Symbiotic Virus":4},{"NeowsBlessing":0,"Oddly Smooth Stone":45,"PreservedInsect":6,"Bag of Preparation":12,"Letter Opener":41,"Ginger":50,"Cursed Key":23,"Akabeko":142,"Mercury Hourglass":122,"Du-Vu Doll":127,"Mummified Hand":117,"Bronze Scales":4,"Bird Faced Urn":53,"Coffee Dripper":71,"Art of War":97,"Chemical X":79,"Cracked Core":0,"Symbiotic Virus":6}]},"card_choices":[{"not_picked":["Aggregate","Rebound"],"picked":"Hologram","floor":1.0},{"not_picked":["Steam","Thunder Strike"],"picked":"Go for the Eyes","floor":4.0},{"not_picked":["FTL","Barrage"],"picked":"Doom and Gloom","floor":6.0},{"not_picked":["Coolheaded","Compile Driver"],"picked":"Beam Cell","floor":8.0},{"not_picked":["Hologram","Stack"],"picked":"Cold Snap","floor":11.0},{"not_picked":["Sweeping Beam","Double Energy"],"picked":"Genetic Algorithm","floor":13.0},{"not_picked":["Sunder","Barrage"],"picked":"Ball Lightning","floor":14.0},{"not_picked":["Creative AI","Meteor Strike"],"picked":"Echo Form","floor":16.0},{"not_picked":["Chill","Hologram"],"picked":"Melter","floor":18.0},{"not_picked":["Streamline","Barrage"],"picked":"Gash+1","floor":19.0},{"not_picked":["Barrage+1","Turbo"],"picked":"FTL","floor":20.0},{"not_picked":["Blizzard","Barrage"],"picked":"Reinforced Body+1","floor":21.0},{"not_picked":["Steam Power","Static Discharge","Beam Cell"],"picked":"SKIP","floor":23.0},{"not_picked":["Blizzard","Heatsinks"],"picked":"Core Surge","floor":25.0},{"not_picked":["Steam Power","Streamline","Melter+1"],"picked":"SKIP","floor":27.0},{"not_picked":["Hologram","Steam"],"picked":"Self Repair","floor":28.0},{"not_picked":["Rebound","BootSequence","Conserve Battery"],"picked":"SKIP","floor":29.0},{"not_picked":["Barrage","Rebound+1","Ball Lightning"],"picked":"SKIP","floor":31.0},{"not_picked":["Rainbow","Creative AI"],"picked":"Machine Learning","floor":33.0},{"not_picked":["Compile Driver","Rebound+1"],"picked":"Darkness+1","floor":35.0},{"not_picked":["Static Discharge+1","Reprogram","Redo"],"picked":"SKIP","floor":38.0},{"not_picked":["Melter","Hello World"],"picked":"Coolheaded+1","floor":39.0},{"not_picked":["Beam Cell","Aggregate"],"picked":"Gash","floor":41.0},{"not_picked":["Barrage","Ball Lightning+1","Genetic Algorithm"],"picked":"SKIP","floor":42.0},{"not_picked":["Ball Lightning+1","Leap+1"],"picked":"Hologram+1","floor":44.0},{"not_picked":["Cold Snap","Steam"],"picked":"Buffer","floor":45.0},{"not_picked":["Steam","Undo"],"picked":"Compile Driver+1","floor":47},{"not_picked":["Stack","Leap"],"picked":"Hologram+1","floor":48},{"not_picked":["Hello World+1","Reprogram","Barrage"],"picked":"SKIP","floor":54}],"player_experience":2731369,"relics_obtained":[{"floor":6.0,"key":"Bronze Scales"},{"floor":9.0,"key":"Symbiotic Virus"},{"floor":13.0,"key":"Bag of Preparation"},{"floor":22.0,"key":"Letter Opener"},{"floor":23.0,"key":"Oddly Smooth Stone"},{"floor":25.0,"key":"Ginger"},{"floor":27.0,"key":"Bird Faced Urn"},{"floor":41.0,"key":"Art of War"},{"floor":45.0,"key":"Mummified Hand"},{"floor":47,"key":"Mercury Hourglass"},{"floor":48,"key":"Du-Vu Doll"},{"floor":54,"key":"Akabeko"}],"event_choices":[{"damage_healed":0.0,"max_hp_gain":0.0,"max_hp_loss":0.0,"gold_gain":71.0,"event_name":"Golden Wing","player_choice":"Gained Gold","floor":3.0,"gold_loss":0.0,"damage_taken":0.0},{"cards_removed":["Strike_B"],"damage_healed":0.0,"max_hp_gain":0.0,"max_hp_loss":0.0,"gold_gain":0.0,"event_name":"The Cleric","player_choice":"Card Removal","floor":5.0,"gold_loss":50.0,"damage_taken":0.0},{"damage_healed":0.0,"max_hp_gain":0.0,"max_hp_loss":0.0,"gold_gain":0.0,"event_name":"Wheel of Change","player_choice":"Relic","floor":22.0,"gold_loss":0.0,"damage_taken":0.0},{"damage_healed":0.0,"max_hp_gain":0.0,"max_hp_loss":4.0,"gold_gain":0.0,"event_name":"Winding Halls","player_choice":"Max HP","floor":36.0,"gold_loss":0.0,"damage_taken":0.0},{"damage_healed":0,"gold_gain":0,"player_choice":"Fight","damage_taken":0,"max_hp_gain":0,"max_hp_loss":0,"event_name":"Mysterious Sphere","floor":48,"gold_loss":0}],"is_beta":false,"boss_relics":[{"not_picked":["Inserter","Black Star"],"picked":"Cursed Key"},{"not_picked":["SlaversCollar","Calling Bell"],"picked":"Coffee Dripper"}],"items_purged_floors":[37,53],"is_endless":false,"potions_floor_spawned":[1,8,11,23,25,28,31,33,41,44,45],"killed_by":"The Heart","ascension_level":10}}