{"host":"1sep654oresgee70","time":1609015199,"event":{"mods":["2.2 Compatiblity","Aspiration","BaseMod","Better Altar","Better Match","Better Note","Better Sensory Stone","Better Skull","Better Third Choice","Better Vampires","Better-Laid Plans","BetterRewards","Block Reminder","Conspire","Curses Come First","Displayed Cursed Tome","Gold Saver","Hubris","Infinite Spire","Minty Spire (QoL Compilation)","Potion Indicator Mod","Quick Restart","Red Circlet Mod","Replay The Spire","Shop Mod","Spicy Shops","StSLib","The Blue Laboratory","Thieving Mod","Transform Curses","Unceasing Turn Reminder","UnlockEverythingMod"],"gold_per_floor":[114,129,144,144,159,189,189,204,204,219,219,35,50,50,50,150,150,165,165,165,180,195,225,225,264,289,313,313,337,284,308,308,417,444,468,495,524,567,601,601,601],"floor_reached":40,"playtime":1679,"items_purged":[],"score":634,"play_id":"e6d148d7-d06f-448e-b1ed-4e3256943619","local_time":"20201226213959","daily_mods":["SealedDeck","Diverse","Binary"],"is_ascension_mode":false,"campfire_choices":[{"data":"1","floor":7,"key":"LIFT"},{"floor":11,"key":"REST"},{"data":"2","floor":15,"key":"LIFT"},{"data":"3","floor":24,"key":"LIFT"},{"floor":28,"key":"REST"},{"floor":32,"key":"REST"}],"circlet_count":0,"master_deck":["CutThroughFate","Twin Strike","TalkToTheHand","Leap","DeceiveReality","Inflame","Steam","Deflect","conspire:DoublingDagger","ReplayTheSpireMod:Scrap Shanks","Consecrate","Clash","Pummel","FlyingSleeves","Riddle With Holes","Corpse Explosion","Hologram","Riddle With Holes","Whirlwind","Immolate","ReplayTheSpireMod:Repulse+1","infinitespire:Punishment","Lockon+1","Armaments+1","Sucker Punch","Self Repair","Shrug It Off+1","Consecrate","Ball Lightning","Vault","CurseOfTheBell","ReplayTheSpireMod:IOU","hubris:Despair","Stack","hubris:Greed","Sickly","infinitespire:Fortify","Perfected Strike","hubris:Greed","Chill","Replay:BluntJabs+1"],"relics":["Burning Blood","NlothsMask","Girya","Unceasing Top","Replay:Mystery Machine","SacredBark","Medical Kit","Replay:Wax Seal","CeramicFish","Blue Doll","infinitespire:Broken Mirror","Replay:Ancient Bell","King of Hearts","ReplayTheSpireMod:Shallot","WingedGreaves"],"acts_visited":["Exordium","TheCity","TheBeyond"],"potions_floor_usage":[6,13,16,23,33,38,39,39,40],"damage_taken":[{"damage":6,"enemies":"infinitespire:Voidling","floor":1,"turns":4},{"damage":0,"enemies":"Small Slimes","floor":2,"turns":3},{"damage":4,"enemies":"Jaw Worm","floor":3,"turns":3},{"damage":3,"enemies":"2 Fungi Beasts","floor":5,"turns":2},{"damage":14,"enemies":"Gremlin Nob","floor":6,"turns":3},{"damage":8,"enemies":"Looter","floor":8,"turns":2},{"damage":14,"enemies":"Gremlin Gang","floor":10,"turns":2},{"damage":0,"enemies":"2 Fungi Beasts","floor":13,"turns":1},{"damage":6,"enemies":"Fading Forest","floor":16,"turns":11},{"damage":24,"enemies":"Shell Parasite","floor":18,"turns":6},{"damage":0,"enemies":"Spheric Guardian","floor":21,"turns":2},{"damage":3,"enemies":"Centurion and Healer","floor":22,"turns":2},{"damage":12,"enemies":"Gremlin Leader","floor":23,"turns":4},{"damage":25,"enemies":"conspire:SneckoGhost","floor":25,"turns":6},{"damage":16,"enemies":"Shelled Parasite and Fungi","floor":27,"turns":3},{"damage":5,"enemies":"conspire:HollyBat","floor":29,"turns":7},{"damage":23,"enemies":"Sentry and Sphere","floor":31,"turns":4},{"damage":70,"enemies":"Champ","floor":33,"turns":13},{"damage":29,"enemies":"3 Darklings","floor":35,"turns":5},{"damage":0,"enemies":"Orb Walker","floor":37,"turns":2},{"damage":54,"enemies":"Transient","floor":38,"turns":5},{"damage":24,"enemies":"Jaw Worm Horde","floor":39,"turns":4},{"damage":26,"enemies":"Nightmare","floor":40,"turns":5}],"seed_played":"5451747836825439005","potions_obtained":[{"floor":3,"key":"blueLaboratory:Moonshine"},{"floor":5,"key":"Fire Potion"},{"floor":6,"key":"Dexterity Potion"},{"floor":8,"key":"Adrenaline Potion"},{"floor":21,"key":"blueLaboratory:ImpenetrablePotion"},{"floor":27,"key":"Flashbang"},{"floor":31,"key":"blueLaboratory:FrostheartPotion"},{"floor":37,"key":"blueLaboratory:FruitPunch"},{"floor":38,"key":"FearPotion"},{"floor":39,"key":"Elixir"}],"is_trial":false,"path_per_floor":["M","M","M","?","M","E","R","M","T","M","R","$","M","?","R","B",null,"M","?","AVR","M","M","E","R","E","T","M","R","M","?","M","R","B",null,"M","?","M","M","M","NM"],"character_chosen":"IRONCLAD","items_purchased":["Unceasing Top","Riddle With Holes"],"campfire_rested":3,"item_purchase_floors":[12,12],"current_hp_per_floor":[80,80,80,80,80,72,72,70,70,62,80,80,80,80,80,80,80,62,80,80,80,80,74,74,55,55,45,69,77,77,67,80,16,80,64,64,70,33,22,0,0],"gold":601,"neow_bonus":"","is_daily":true,"chose_seed":false,"campfire_upgraded":0,"win_rate":0.0,"timestamp":1609015199,"path_taken":["M","?","M","?","M","E","R","M","T","M","R","?","M","?","R","BOSS","M","?","AVR","?","M","E","R","E","T","M","R","M","?","M","R","BOSS","M","?","M","M","M","NM"],"items_purchased_type":["Relic","Card"],"build_version":"2020-12-22","purchased_purges":0,"victory":false,"max_hp_per_floor":[80,80,80,80,80,80,80,80,80,80,80,80,80,80,80,80,80,80,80,80,80,80,80,80,80,80,80,80,80,80,80,80,80,80,80,80,80,84,84,84,84],"card_choices":[{"not_picked":["conspire:Charge"],"picked":"Consecrate","floor":1},{"not_picked":["ReplayTheSpireMod:Strike From Hell"],"picked":"Clash","floor":2},{"not_picked":["hubris:ReadiedAction"],"picked":"Pummel","floor":3},{"not_picked":["Reinforced Body"],"picked":"FlyingSleeves","floor":5},{"not_picked":["aspiration:Polymerization"],"picked":"Riddle With Holes","floor":6},{"not_picked":["Coolheaded"],"picked":"Corpse Explosion","floor":8},{"not_picked":["EmptyBody"],"picked":"Hologram","floor":10},{"not_picked":["Run Through"],"picked":"Whirlwind","floor":13},{"not_picked":["SpiritShield"],"picked":"Immolate","floor":16},{"not_picked":["Replay:BluntJabs"],"picked":"ReplayTheSpireMod:Repulse+1","floor":18},{"not_picked":["MentalFortress+1"],"picked":"Lockon+1","floor":21},{"not_picked":["True Grit"],"picked":"Armaments+1","floor":22},{"not_picked":["Weave"],"picked":"Sucker Punch","floor":23},{"not_picked":["CarveReality"],"picked":"Self Repair","floor":25},{"not_picked":["Iron Wave"],"picked":"Shrug It Off+1","floor":27},{"not_picked":["Calculated Gamble+1"],"picked":"Consecrate","floor":29},{"not_picked":["FlyingSleeves"],"picked":"Ball Lightning","floor":31},{"not_picked":["Venomology"],"picked":"Vault","floor":33},{"not_picked":["infinitespire:Pacifist"],"picked":"CurseOfTheBell","floor":34},{"not_picked":["hubris:Greed"],"picked":"ReplayTheSpireMod:IOU","floor":34},{"not_picked":["Delirium"],"picked":"hubris:Despair","floor":34},{"not_picked":["EmptyBody"],"picked":"Stack","floor":35},{"not_picked":["ReplayTheSpireMod:Haul","ReplayTheSpireMod:Echoes of Time"],"picked":"infinitespire:Fortify","floor":36},{"not_picked":["PathToVictory"],"picked":"Perfected Strike","floor":37},{"not_picked":["WaveOfTheHand"],"picked":"Chill","floor":38},{"not_picked":["Catalyst+1"],"picked":"Replay:BluntJabs+1","floor":39}],"player_experience":2382896,"relics_obtained":[{"floor":6,"key":"Girya"},{"floor":14,"key":"Replay:Mystery Machine"},{"floor":23,"key":"Replay:Wax Seal"},{"floor":25,"key":"CeramicFish"},{"floor":26,"key":"Blue Doll"}],"event_choices":[{"damage_healed":0,"gold_gain":0,"player_choice":"Trade","damage_taken":0,"relics_obtained":["NlothsMask"],"max_hp_gain":0,"max_hp_loss":0,"event_name":"FaceTrader","floor":4,"gold_loss":0},{"damage_healed":18,"gold_gain":0,"player_choice":"Full Heal","damage_taken":0,"max_hp_gain":0,"max_hp_loss":0,"event_name":"Wheel of Change","floor":19,"gold_loss":0},{"damage_healed":0,"gold_gain":0,"player_choice":"Paid Gold","damage_taken":0,"relics_obtained":["infinitespire:Broken Mirror"],"max_hp_gain":0,"max_hp_loss":0,"event_name":"WeMeetAgain","floor":30,"gold_loss":53}],"is_beta":false,"boss_relics":[{"not_picked":["hubris:Stopwatch","Kintsugi"],"picked":"SacredBark"},{"not_picked":["Runic Pyramid","Black Star"],"picked":"Replay:Ancient Bell"},{"not_picked":["Bag of Marbles","Smiling Mask"],"picked":"King of Hearts"},{"not_picked":["infinitespire:FocusingShard","White Beast Statue"],"picked":"ReplayTheSpireMod:Shallot"},{"not_picked":["TungstenRod","aspiration:AnachronicSnailShell"],"picked":"WingedGreaves"}],"items_purged_floors":[],"is_endless":false,"potions_floor_spawned":[3,5,6,8,10,21,27,31,37,38,39],"killed_by":"Nightmare","ascension_level":0}}