{"host":"acpsw8r33r8788yr","time":1609024160,"event":{"mods":["BaseMod","Better Altar","Better Skull","Better Third Choice","BetterRewards","Colored Map","Downfall","Hermit","Highlight Path","Hubris","Minty Spire (QoL Compilation)","Quick Restart","Replay The Spire","Robot Space Explorer","Shop Mod","StSLib","The Animator","The Bug Knight","The Construct","The Cursed","The Disciple","The Jungle","The Runesmith","The Senshi"],"gold_per_floor":[196,196,44,44,44,78,78,78,178,213,251,251,264,281,299,394,394,394,458,458,472,485,268,268,268,297,311,311,352,452,452,470,619,619,619,619,619,637,695,695,714,773,773,773,788,800,346,346,58,108,128,128,128,128],"floor_reached":52,"playtime":4700,"items_purged":["hexamod:Defend","hexamod:Strike","Decay"],"score":649,"play_id":"e4ae4f83-0707-4f1e-b460-eeaf7bbe55eb","local_time":"20201226150920","is_ascension_mode":false,"campfire_choices":[{"data":"hexamod:SoulSteal","floor":8,"key":"SMITH"},{"data":"hexamod:SpectralAdrenaline","floor":12,"key":"SMITH"},{"floor":18,"key":"DIG"},{"floor":25,"key":"DIG"},{"floor":28,"key":"DIG"},{"floor":37,"key":"DIG"},{"floor":48,"key":"DIG"}],"circlet_count":0,"master_deck":["hexamod:Strike","hexamod:Strike","hexamod:Defend","hexamod:Defend","hexamod:Defend","hexamod:Sear","hexamod:Float","hexamod:GhostLash+1","hexamod:Rewind","hexamod:WildfireWeapon+1","hexamod:Again","hexamod:GhostOfSpirePast","hexamod:AdvancingGuard","hexamod:SpectralAdrenaline+1","hexamod:HauntingEcho","hexamod:RadiantFlame","hexamod:ThermalTransfer","hexamod:BurningTouch+1","hexamod:HeatShield","hubris:DuctTapeCard+2","hexamod:SoulSteal","hexamod:RecurringNightmare","hexamod:InspiringFlames","hexamod:GhostflameBarrier+1","hexamod:ChargedBarrage","hexamod:EmpoweredFlame+1","ReplayUltimateDefense"],"relics":["hexamod:SpiritBrand","downfall:HeartsMalice","ReplayTheSpireMod:Ring of Challenge","Ring of Peace","ReplayTheSpireMod:TigerMarble","Pocketwatch","Odd Mushroom","hubris:Backtick","Shovel","FossilizedHelix","Sling","hubris:DuctTape","Oddly Smooth Stone","InkBottle","Pantograph","ReplayFunnel","hubris:GlazedTorus","Bottled Tornado","hexamod:IceCube","hubris:AstralHammer","hubris:Towel","Singing Bowl","Pear","Blood Vial","Guide Book","StoneCalendar"],"acts_visited":["Exordium","TheCity","TheBeyond"],"potions_floor_usage":[9,11,16,16,26,27,30,33,42],"damage_taken":[{"damage":0,"enemies":"Small Slimes","floor":2,"turns":1},{"damage":0,"enemies":"downfall:FleeingMerchant","floor":3,"turns":1},{"damage":0,"enemies":"2 Louse","floor":4,"turns":1},{"damage":0,"enemies":"Cultist","floor":6,"turns":3},{"damage":6,"enemies":"downfall:Heads","floor":9,"turns":5},{"damage":13,"enemies":"3 Sentries","floor":10,"turns":6},{"damage":0,"enemies":"The Mushroom Lair","floor":11,"turns":3},{"damage":0,"enemies":"Red Slaver","floor":13,"turns":3},{"damage":0,"enemies":"Large Slime","floor":14,"turns":3},{"damage":0,"enemies":"Blue Slaver","floor":15,"turns":3},{"damage":10,"enemies":"downfall:Watcher","floor":16,"turns":8},{"damage":0,"enemies":"Shell Parasite","floor":19,"turns":3},{"damage":0,"enemies":"Chosen","floor":21,"turns":4},{"damage":0,"enemies":"Snake Plant","floor":22,"turns":5},{"damage":0,"enemies":"downfall:FleeingMerchant","floor":23,"turns":4},{"damage":0,"enemies":"Gremlin Leader","floor":26,"turns":6},{"damage":0,"enemies":"Chosen and Byrds","floor":27,"turns":5},{"damage":33,"enemies":"3 Cultists","floor":29,"turns":5},{"damage":0,"enemies":"Colosseum Nobs","floor":30,"turns":4},{"damage":5,"enemies":"Snake Plant","floor":32,"turns":3},{"damage":49,"enemies":"downfall:Ironclad","floor":33,"turns":10},{"damage":0,"enemies":"Orb Walker","floor":38,"turns":4},{"damage":18,"enemies":"3 Shapes","floor":39,"turns":6},{"damage":0,"enemies":"Sphere and 2 Shapes","floor":41,"turns":4},{"damage":41,"enemies":"4 Shapes","floor":42,"turns":5},{"damage":0,"enemies":"Spire Growth","floor":45,"turns":4},{"damage":20,"enemies":"Sphere and 2 Shapes","floor":46,"turns":4},{"damage":0,"enemies":"downfall:FleeingMerchant","floor":47,"turns":4},{"damage":6,"enemies":"downfall:FleeingMerchant","floor":49,"turns":4},{"damage":6,"enemies":"Mind Bloom Boss Battle","floor":50,"turns":8},{"damage":0,"enemies":"Writhing Mass","floor":51,"turns":6},{"damage":116,"enemies":"downfall:Defect","floor":52,"turns":10}],"seed_played":"619526647974755478","potions_obtained":[{"floor":6,"key":"Toxic Potion"},{"floor":10,"key":"Energy Potion"},{"floor":11,"key":"PowerPotion"},{"floor":14,"key":"Adrenaline Potion"},{"floor":21,"key":"construct:ShiftPotion"},{"floor":22,"key":"LiquidMemories"},{"floor":26,"key":"ColorlessPotion"},{"floor":30,"key":"ColorlessPotion"},{"floor":33,"key":"Guardian:BlockOnCardUsePotion"},{"floor":38,"key":"Dexterity Potion"},{"floor":39,"key":"champ:CounterPotion"},{"floor":46,"key":"Dexterity Potion"}],"is_trial":false,"path_per_floor":["R_BF","M","$","M","?","M","T","R","?","E","?","R","M","M","M","B",null,"R","M","?","M","M","$","T","R","E","M","R","M","?","?","M","B",null,"R_BF","PTL","R","M","M","?","M","M","T","?","M","M","$","R","$","?","M","B"],"character_chosen":"THE_SPIRIT","items_purchased":["hexamod:SoulSteal","Sling","ReplayUltimateDefense","Pear","Guide Book"],"campfire_rested":0,"item_purchase_floors":[3,23,47,47,49],"current_hp_per_floor":[70,70,70,70,70,70,70,70,64,51,51,51,51,51,51,41,70,70,70,70,70,70,70,70,70,70,70,70,37,37,37,32,8,70,70,70,70,70,52,52,52,11,11,80,82,62,74,74,72,92,96,0,0,0],"gold":128,"neow_bonus":"THREE_ENEMY_KILL","is_daily":false,"chose_seed":false,"campfire_upgraded":2,"win_rate":0.0,"timestamp":1609024160,"path_taken":["R_BF","M","$","M","?","M","T","R","?","E","?","R","M","M","M","BOSS","R","M","?","?","M","?","T","R","E","M","R","M","?","?","M","BOSS","R_BF","PTL","R","M","M","?","M","M","T","?","M","?","$","R","$","?","M","BOSS"],"items_purchased_type":["Card","Relic","Card","Relic","Relic"],"build_version":"2020-12-22","purchased_purges":3,"victory":false,"max_hp_per_floor":[70,70,70,70,70,70,70,70,70,70,70,70,70,70,70,70,70,70,70,70,70,70,70,70,70,70,70,70,70,70,70,70,70,70,70,70,70,70,70,70,70,70,70,80,82,82,94,94,96,98,100,100,100,100],"card_choices":[{"not_picked":["hexamod:SwordOfDarkness","hexamod:FastForward"],"picked":"hexamod:GhostLash","floor":2},{"not_picked":["hexamod:SpectralAdrenaline","hexamod:HeatMetal"],"picked":"hexamod:Rewind","floor":3},{"not_picked":["hexamod:HeatMetal","hexamod:SwordOfDarkness","hexamod:FastForward"],"picked":"SKIP","floor":4},{"not_picked":["hexamod:BurningTouch","hexamod:SpectersWail"],"picked":"hexamod:WildfireWeapon","floor":6},{"not_picked":["hexamod:Again","hexamod:Firestarter"],"picked":"hexamod:GhostOfSpirePast","floor":9},{"not_picked":["hexamod:Incineration","hexamod:SkipABeat"],"picked":"hexamod:AdvancingGuard","floor":10},{"not_picked":["hexamod:StepThrough","hexamod:Incineration"],"picked":"hexamod:SpectralAdrenaline","floor":11},{"not_picked":["hexamod:Incineration","hexamod:BurningTouch"],"picked":"hexamod:HauntingEcho","floor":13},{"not_picked":["hexamod:BurningTouch","hexamod:AdvancingGuard"],"picked":"hexamod:RadiantFlame","floor":14},{"not_picked":["hexamod:StepThrough","hexamod:Firestarter"],"picked":"hexamod:ThermalTransfer","floor":15},{"not_picked":["hexamod:TimeWarp","hexamod:UnleashSpirits"],"picked":"hexamod:VolcanoVisage","floor":16},{"not_picked":["hexamod:ThermalTransfer","hexamod:GhostOfSpireFuture"],"picked":"hexamod:BurningTouch+1","floor":19},{"not_picked":["hexamod:FirstSeal","hexamod:ShieldOfDarkness"],"picked":"hexamod:HeatShield","floor":21},{"not_picked":["hexamod:GhostLash","hexamod:SoulSteal","hexamod:GhostShield"],"picked":"SKIP","floor":22},{"not_picked":["hexamod:GhostOfSpirePresent+1","hexamod:EtherealExpedition","hexamod:RadiantFlame"],"picked":"SKIP","floor":23},{"not_picked":["hexamod:FirstSeal","hexamod:Firestarter","hexamod:ShieldOfDarkness+1"],"picked":"SKIP","floor":26},{"not_picked":["hexamod:FourthSeal","hexamod:InspiringFlames"],"picked":"hexamod:SoulSteal","floor":27},{"not_picked":["hexamod:ThirdSeal","hexamod:NightmareGuise+1"],"picked":"hexamod:RecurringNightmare","floor":29},{"not_picked":["hexamod:HeatMetal","hexamod:FastForward"],"picked":"hexamod:InspiringFlames","floor":32},{"not_picked":["hexamod:ParanormalForm","hexamod:TimeOfNeed"],"picked":"hexamod:VolcanoVisage","floor":33},{"not_picked":["hexamod:RadiantFlame","hexamod:HeatMetal","hexamod:InspiringFlames"],"picked":"SKIP","floor":38},{"not_picked":["hexamod:BacktrackSmack+1","hexamod:AdvancingGuard+1"],"picked":"hexamod:GhostflameBarrier+1","floor":39},{"not_picked":["hexamod:DynamicBlow","hexamod:FourthSeal"],"picked":"hexamod:ChargedBarrage","floor":41},{"not_picked":["hexamod:NightmareStrike+1","hexamod:ShieldOfDarkness+1","hexamod:SkipABeat"],"picked":"SKIP","floor":42},{"not_picked":["hexamod:SwordOfDarkness","hexamod:ShieldOfDarkness","hexamod:HexaLevel"],"picked":"Singing Bowl","floor":45},{"not_picked":["hexamod:BacktrackSmack+1","hexamod:RainOfEmbers+1"],"picked":"hexamod:EmpoweredFlame+1","floor":46},{"not_picked":["hexamod:BurningTouch+1","hexamod:SwordOfDarkness","hexamod:FifthSeal"],"picked":"Singing Bowl","floor":47},{"not_picked":["hexamod:InspiringFlames+1","hexamod:RainOfEmbers","hexamod:GhostLash+1"],"picked":"Singing Bowl","floor":49},{"not_picked":["hexamod:InspiringFlames+1","hexamod:FourthSeal","hexamod:BacktrackSmack"],"picked":"Singing Bowl","floor":50},{"not_picked":["hexamod:GhostOfSpireFuture","hexamod:FourthSeal","hexamod:GhostOfSpirePresent+1"],"picked":"Singing Bowl","floor":51}],"player_experience":402196,"relics_obtained":[{"floor":5,"key":"ReplayTheSpireMod:Ring of Challenge"},{"floor":5,"key":"Ring of Peace"},{"floor":7,"key":"ReplayTheSpireMod:TigerMarble"},{"floor":10,"key":"Pocketwatch"},{"floor":11,"key":"Odd Mushroom"},{"floor":18,"key":"FossilizedHelix"},{"floor":24,"key":"hubris:DuctTape"},{"floor":25,"key":"Oddly Smooth Stone"},{"floor":26,"key":"InkBottle"},{"floor":28,"key":"Pantograph"},{"floor":29,"key":"ReplayFunnel"},{"floor":30,"key":"hubris:GlazedTorus"},{"floor":30,"key":"Bottled Tornado"},{"floor":37,"key":"hubris:AstralHammer"},{"floor":43,"key":"Singing Bowl"},{"floor":48,"key":"Blood Vial"},{"floor":50,"key":"StoneCalendar"}],"event_choices":[{"damage_healed":0,"gold_gain":0,"player_choice":"Fought Mushrooms","damage_taken":0,"max_hp_gain":0,"max_hp_loss":0,"event_name":"Mushrooms","floor":11,"gold_loss":0},{"damage_healed":0,"gold_gain":0,"player_choice":" Defy","damage_taken":0,"max_hp_gain":0,"max_hp_loss":0,"event_name":"betterAltar:BetterAltar","floor":31,"gold_loss":0,"cards_obtained":["Decay"]},{"cards_removed":["hexamod:VolcanoVisage"],"damage_healed":59,"gold_gain":0,"player_choice":"Offered Rare","damage_taken":0,"max_hp_gain":10,"max_hp_loss":0,"event_name":"Bonfire Elementals","floor":44,"gold_loss":0}],"is_beta":false,"boss_relics":[{"not_picked":["downfall:Hecktoplasm","Empty Cage"],"picked":"hubris:Backtick"},{"not_picked":["hubris:RunicObelisk","hubris:HollowSoul"],"picked":"hexamod:IceCube"}],"items_purged_floors":[3,23,49],"is_endless":false,"potions_floor_spawned":[6,10,11,14,21,22,26,30,33,38,39,46,50],"killed_by":"downfall:Defect","ascension_level":0}}