{"host":"qm4rv4rkpk76sbxu","time":1609022574,"event":{"mods":["BaseMod","Bestiary","Block Reminder","DeckTracker","Filter the Spire","Keyboard Shortcuts","Minty Spire (QoL Compilation)","MonsterHotkey","Potion Indicator Mod","Quick Restart","Random Character Button","Relic Stats","Slay-I","StSLib","ojb\u0027s Better Paths Mod"],"gold_per_floor":[359,359,19,19,33,66,66,91,116,146,165,165,16,16,16,93,93,109,125,125,139,139,173,184,219,290,390,390,408,436,436,436,511,511,525,540,815,825,844,844,858,892,974,1015,1052,1074,1056,1100,1112,1124,1136,1148,1160,172,201,201],"floor_reached":57,"playtime":8136,"items_purged":["Regret"],"score":2961,"play_id":"a7505166-36ff-4e91-8105-51a4dd387328","local_time":"20201226234254","is_ascension_mode":true,"campfire_choices":[{"data":"Defragment","floor":7.0,"key":"SMITH"},{"data":"Doom and Gloom","floor":15.0,"key":"SMITH"},{"data":"Biased Cognition","floor":28.0,"key":"SMITH"},{"data":"Thunder Strike","floor":32.0,"key":"SMITH"},{"floor":40.0,"key":"RECALL"},{"floor":49.0,"key":"REST"},{"floor":53.0,"key":"REST"}],"circlet_count":0,"master_deck":["AscendersBane","Strike_B+1","Strike_B+1","Defend_B","Defend_B","Defend_B","Zap","Dualcast","Ball Lightning","Defragment+1","Cold Snap","Loop+1","BootSequence","Doom and Gloom+1","Thunder Strike+1","Conserve Battery","Compile Driver","Undo","Chill","Ball Lightning","Biased Cognition+1","Chill+1","Capacitor","Go for the Eyes","Capacitor+1","Hologram","Seek","BootSequence","Streamline","All For One","Go for the Eyes+1","Stack+1","Compile Driver","Go for the Eyes","Compile Driver","Beam Cell","Echo Form+1","Aggregate","Cold Snap+1","Coolheaded+1","Double Energy","Glacier","Compile Driver","Coolheaded","Buffer+1"],"relics":["Cracked Core","Meat on the Bone","Centennial Puzzle","Ornamental Fan","Potion Belt","White Beast Statue","Question Card","SlaversCollar","Gambling Chip","Pocketwatch","Frozen Egg 2","Prayer Wheel","Kunai","MealTicket","Fusion Hammer","MawBank","Lantern","FossilizedHelix","Blood Vial","Ice Cream","Sling","Akabeko","Lizard Tail"],"acts_visited":["Exordium","TheCity","TheBeyond","TheEnding"],"potions_floor_usage":[56,56,56],"damage_taken":[{"damage":4.0,"enemies":"Small Slimes","floor":1.0,"turns":3.0},{"damage":3.0,"enemies":"2 Louse","floor":5.0,"turns":2.0},{"damage":11.0,"enemies":"Gremlin Nob","floor":6.0,"turns":3.0},{"damage":21.0,"enemies":"Lagavulin","floor":8.0,"turns":5.0},{"damage":5.0,"enemies":"3 Sentries","floor":10.0,"turns":7.0},{"damage":12.0,"enemies":"Jaw Worm","floor":11.0,"turns":2.0},{"damage":0.0,"enemies":"Slime Boss","floor":16.0,"turns":6.0},{"damage":3.0,"enemies":"3 Byrds","floor":18.0,"turns":5.0},{"damage":6.0,"enemies":"Spheric Guardian","floor":19.0,"turns":3.0},{"damage":24.0,"enemies":"Snake Plant","floor":21.0,"turns":5.0},{"damage":36.0,"enemies":"Gremlin Leader","floor":23.0,"turns":6.0},{"damage":0.0,"enemies":"3 Cultists","floor":24.0,"turns":5.0},{"damage":6.0,"enemies":"Slavers","floor":25.0,"turns":4.0},{"damage":14.0,"enemies":"Colosseum Slavers","floor":27.0,"turns":4.0},{"damage":10.0,"enemies":"Colosseum Nobs","floor":27.0,"turns":4.0},{"damage":0.0,"enemies":"Centurion and Healer","floor":29.0,"turns":7.0},{"damage":1.0,"enemies":"Gremlin Leader","floor":30.0,"turns":7.0},{"damage":9.0,"enemies":"Automaton","floor":33.0,"turns":9.0},{"damage":0.0,"enemies":"Orb Walker","floor":35.0,"turns":3.0},{"damage":0.0,"enemies":"3 Shapes","floor":36.0,"turns":7.0},{"damage":2.0,"enemies":"3 Darklings","floor":38.0,"turns":6.0},{"damage":4.0,"enemies":"4 Shapes","floor":39.0,"turns":6.0},{"damage":4.0,"enemies":"Maw","floor":41.0,"turns":8.0},{"damage":5.0,"enemies":"Nemesis","floor":42.0,"turns":7.0},{"damage":35.0,"enemies":"Reptomancer","floor":44.0,"turns":6.0},{"damage":7.0,"enemies":"Mind Bloom Boss Battle","floor":45.0,"turns":7.0},{"damage":14.0,"enemies":"Writhing Mass","floor":46.0,"turns":12.0},{"damage":8.0,"enemies":"Giant Head","floor":48.0,"turns":8.0},{"damage":35.0,"enemies":"Time Eater","floor":50.0,"turns":12.0},{"damage":34.0,"enemies":"Awakened One","floor":51.0,"turns":18.0},{"damage":13.0,"enemies":"Shield and Spear","floor":55.0,"turns":6.0},{"damage":54,"enemies":"The Heart","floor":56,"turns":12}],"seed_played":"-8016898419083942072","potions_obtained":[{"floor":5.0,"key":"LiquidMemories"},{"floor":6.0,"key":"Swift Potion"},{"floor":8.0,"key":"PowerPotion"},{"floor":11.0,"key":"PotionOfCapacity"},{"floor":16.0,"key":"SteroidPotion"},{"floor":18.0,"key":"PotionOfCapacity"},{"floor":19.0,"key":"FairyPotion"},{"floor":21.0,"key":"Fire Potion"},{"floor":23.0,"key":"FocusPotion"},{"floor":24.0,"key":"Fire Potion"},{"floor":25.0,"key":"Dexterity Potion"},{"floor":27.0,"key":"Fire Potion"},{"floor":30.0,"key":"Strength Potion"},{"floor":33.0,"key":"LiquidMemories"},{"floor":35.0,"key":"Regen Potion"},{"floor":39.0,"key":"FocusPotion"},{"floor":41.0,"key":"Explosive Potion"},{"floor":42.0,"key":"BlessingOfTheForge"},{"floor":44.0,"key":"LiquidBronze"},{"floor":47.0,"key":"Regen Potion"},{"floor":48.0,"key":"Block Potion"},{"floor":55.0,"key":"DuplicationPotion"}],"is_trial":false,"path_per_floor":["M","?","$","?","M","E","R","E","T","E","M","?","$","?","R","B",null,"M","M","?","M","?","E","M","E","T","?","R","M","E","?","R","B",null,"M","M","?","M","M","R","M","E","T","E","?","M","?","E","R","B","B",null,"R","$","E","B",null],"character_chosen":"DEFECT","items_purchased":["Meat on the Bone","Strength Potion","Doom and Gloom","EntropicBrew","Ice Cream","Fruit Juice","Compile Driver","Sling","Akabeko","Swift Potion","Coolheaded"],"campfire_rested":2,"item_purchase_floors":[3,3,13,13,54,54,54,54,54,54,54],"current_hp_per_floor":[42,21,21,21,30,31,31,22,22,29,29,11,11,11,11,23,59,56,50,50,38,38,14,26,32,32,32,32,44,43,43,43,46,65,65,65,65,63,59,59,68,63,63,40,45,43,43,50,71,36,16,57,71,76,63,23],"gold":201,"neow_bonus":"TWO_FIFTY_GOLD","is_daily":false,"chose_seed":false,"campfire_upgraded":4,"win_rate":0.0,"timestamp":1609022574,"path_taken":["M","?","$","?","M","E","R","E","T","E","M","?","$","?","R","BOSS","M","?","?","M","?","E","?","E","T","?","R","M","E","?","R","BOSS","M","M","?","?","M","R","M","E","T","E","?","M","?","E","R","BOSS","BOSS","R","$","E","BOSS"],"items_purchased_type":["Relic","Potion","Card","Potion","Relic","Potion","Card","Relic","Relic","Potion","Card"],"build_version":"2020-12-22","purchased_purges":1,"victory":true,"max_hp_per_floor":[71,71,71,71,71,71,71,71,71,71,71,71,71,71,71,71,71,71,71,71,71,71,71,71,71,71,71,71,71,71,71,71,71,71,71,71,71,71,71,71,71,71,71,71,71,71,71,71,71,71,71,71,71,76,76,76],"relic_stats":{"counters":[32,203],"Question Card":29,"MawBank":144,"Blood Vial":4,"Centennial Puzzle":[72],"Lizard Tail":0,"Ornamental Fan":[424],"Gambling Chip":[48],"Prayer Wheel":7,"MealTicket":0,"Kunai":[100],"obtain_stats":[{"Potion Belt":9,"Ice Cream":54,"Lantern":44,"Frozen Egg 2":26,"Question Card":12,"MawBank":42,"Sling":54,"White Beast Statue":10,"Akabeko":54,"Blood Vial":48,"SlaversCollar":17,"Centennial Puzzle":6,"Lizard Tail":55,"Ornamental Fan":8,"Gambling Chip":23,"Prayer Wheel":27,"MealTicket":30,"Fusion Hammer":34,"Kunai":27,"Cracked Core":0,"FossilizedHelix":45,"Meat on the Bone":3,"Pocketwatch":25},{"Potion Belt":4,"Ice Cream":30,"Lantern":25,"Frozen Egg 2":13,"Question Card":6,"MawBank":24,"Sling":30,"White Beast Statue":5,"Akabeko":30,"Blood Vial":28,"SlaversCollar":7,"Centennial Puzzle":3,"Lizard Tail":31,"Ornamental Fan":4,"Gambling Chip":11,"Prayer Wheel":15,"MealTicket":17,"Fusion Hammer":18,"Kunai":15,"Cracked Core":0,"FossilizedHelix":26,"Meat on the Bone":1,"Pocketwatch":13},{"Potion Belt":13,"Ice Cream":185,"Lantern":128,"Frozen Egg 2":55,"Question Card":22,"MawBank":122,"Sling":185,"White Beast Statue":20,"Akabeko":185,"Blood Vial":155,"SlaversCollar":28,"Centennial Puzzle":8,"Lizard Tail":191,"Ornamental Fan":13,"Gambling Chip":46,"Prayer Wheel":63,"MealTicket":77,"Fusion Hammer":85,"Kunai":63,"Cracked Core":0,"FossilizedHelix":135,"Meat on the Bone":3,"Pocketwatch":55}],"Meat on the Bone":228,"Pocketwatch":[78]},"card_choices":[{"not_picked":["Go for the Eyes","Leap"],"picked":"Ball Lightning","floor":1.0},{"not_picked":["Conserve Battery","Gash"],"picked":"Defragment","floor":5.0},{"not_picked":["Genetic Algorithm","Aggregate"],"picked":"Cold Snap","floor":6.0},{"not_picked":["Meteor Strike","Stack","FTL"],"picked":"SKIP","floor":8.0},{"not_picked":["Aggregate","Go for the Eyes"],"picked":"Loop","floor":10.0},{"not_picked":["Conserve Battery","Cold Snap"],"picked":"BootSequence","floor":11.0},{"not_picked":["Multi-Cast","Fission","Hyperbeam"],"picked":"Thunder Strike","floor":16.0},{"not_picked":["Cold Snap","Sweeping Beam","Multi-Cast"],"picked":"Conserve Battery","floor":18.0},{"not_picked":["Coolheaded","Sweeping Beam","Static Discharge"],"picked":"Compile Driver","floor":19.0},{"not_picked":["Streamline","Compile Driver","Conserve Battery"],"picked":"Chill","floor":21.0},{"not_picked":["Go for the Eyes+1","Steam Power","Coolheaded+1"],"picked":"Biased Cognition","floor":23.0},{"not_picked":["Barrage","Sunder","Compile Driver"],"picked":"Chill+1","floor":24.0},{"not_picked":["Force Field","Turbo+1","Undo"],"picked":"Capacitor","floor":25.0},{"not_picked":["Barrage","Conserve Battery","Heatsinks+1"],"picked":"Go for the Eyes","floor":27.0},{"not_picked":["Sweeping Beam","Turbo","Gash+1"],"picked":"Capacitor+1","floor":29.0},{"not_picked":["Go for the Eyes","Darkness+1","Sweeping Beam"],"picked":"Hologram","floor":29.0},{"not_picked":["Conserve Battery","Consume","Lockon"],"picked":"Seek","floor":30.0},{"not_picked":["Fission","Seek","Machine Learning+1"],"picked":"All For One","floor":33.0},{"not_picked":["Stack+1","Self Repair+1","Scrape+1"],"picked":"Go for the Eyes+1","floor":35.0},{"not_picked":["Sweeping Beam","Storm+1","Redo"],"picked":"Stack+1","floor":35.0},{"not_picked":["Auto Shields","Chill+1","Go for the Eyes"],"picked":"Compile Driver","floor":36.0},{"not_picked":["Amplify","Gash","Coolheaded","Consume"],"picked":"SKIP","floor":36.0},{"not_picked":["Gash","Turbo","Multi-Cast"],"picked":"Go for the Eyes","floor":38.0},{"not_picked":["Auto Shields+1","Stack","Streamline","Chaos"],"picked":"SKIP","floor":38.0},{"not_picked":["Conserve Battery+1","Gash","Streamline"],"picked":"Compile Driver","floor":39.0},{"not_picked":["Stack","Genetic Algorithm","Sunder"],"picked":"Beam Cell","floor":39.0},{"not_picked":["Ball Lightning","Storm+1","Leap"],"picked":"Echo Form+1","floor":41.0},{"not_picked":["Hologram","Beam Cell+1","Coolheaded"],"picked":"Aggregate","floor":41.0},{"not_picked":["Conserve Battery","Rebound","Beam Cell+1"],"picked":"Cold Snap+1","floor":42.0},{"not_picked":["Seek","Steam+1","Beam Cell"],"picked":"Coolheaded+1","floor":44.0},{"not_picked":["Cold Snap+1","Capacitor+1","Conserve Battery"],"picked":"Double Energy","floor":46.0},{"not_picked":["BootSequence+1","Streamline","Double Energy"],"picked":"Glacier","floor":46.0},{"not_picked":["Conserve Battery+1","Amplify","Hologram","Streamline"],"picked":"SKIP","floor":48.0},{"not_picked":["Stack","Streamline","Hologram"],"picked":"Buffer+1","floor":55.0}],"player_experience":1137896,"relics_obtained":[{"floor":6.0,"key":"Centennial Puzzle"},{"floor":8.0,"key":"Ornamental Fan"},{"floor":9.0,"key":"Potion Belt"},{"floor":10.0,"key":"White Beast Statue"},{"floor":23.0,"key":"Gambling Chip"},{"floor":25.0,"key":"Pocketwatch"},{"floor":26.0,"key":"Frozen Egg 2"},{"floor":27.0,"key":"Prayer Wheel"},{"floor":27.0,"key":"Kunai"},{"floor":30.0,"key":"MealTicket"},{"floor":42.0,"key":"MawBank"},{"floor":44.0,"key":"Lantern"},{"floor":45.0,"key":"FossilizedHelix"},{"floor":48.0,"key":"Blood Vial"},{"floor":55.0,"key":"Lizard Tail"}],"event_choices":[{"damage_healed":0.0,"max_hp_gain":0.0,"max_hp_loss":0.0,"gold_gain":0.0,"event_name":"Shining Light","player_choice":"Entered Light","floor":2.0,"gold_loss":0.0,"damage_taken":21.0,"cards_upgraded":["Strike_B","Strike_B"]},{"damage_healed":0.0,"max_hp_gain":0.0,"max_hp_loss":0.0,"gold_gain":0.0,"event_name":"Liars Game","player_choice":"Ignored","floor":4.0,"gold_loss":0.0,"damage_taken":0.0},{"damage_healed":0.0,"max_hp_gain":0.0,"max_hp_loss":0.0,"gold_gain":0.0,"event_name":"Scrap Ooze","player_choice":"Success","floor":12.0,"gold_loss":0.0,"damage_taken":18.0,"relics_obtained":["Question Card"]},{"damage_healed":0.0,"max_hp_gain":0.0,"max_hp_loss":0.0,"gold_gain":0.0,"event_name":"Upgrade Shrine","player_choice":"Upgraded","floor":14.0,"gold_loss":0.0,"damage_taken":0.0,"cards_upgraded":["Loop"]},{"damage_healed":0.0,"max_hp_gain":0.0,"max_hp_loss":0.0,"gold_gain":0.0,"event_name":"The Library","player_choice":"Read","floor":20.0,"gold_loss":0.0,"damage_taken":0.0,"cards_obtained":["Undo"]},{"damage_healed":0.0,"max_hp_gain":0.0,"max_hp_loss":0.0,"gold_gain":0.0,"cards_transformed":["Strike_B"],"event_name":"Transmorgrifier","player_choice":"Transformed","floor":22.0,"gold_loss":0.0,"damage_taken":0.0,"cards_obtained":["Ball Lightning"]},{"damage_healed":0.0,"max_hp_gain":0.0,"max_hp_loss":0.0,"gold_gain":0.0,"event_name":"Colosseum","player_choice":"Fight","floor":27.0,"gold_loss":0.0,"damage_taken":0.0},{"damage_healed":0.0,"max_hp_gain":0.0,"max_hp_loss":0.0,"gold_gain":0.0,"event_name":"Colosseum","player_choice":"Fought Nobs","floor":27.0,"gold_loss":0.0,"damage_taken":0.0},{"damage_healed":0.0,"max_hp_gain":0.0,"max_hp_loss":0.0,"gold_gain":0.0,"cards_transformed":["Strike_B","Defend_B"],"event_name":"Drug Dealer","player_choice":"Became Test Subject","floor":31.0,"gold_loss":0.0,"damage_taken":0.0,"cards_obtained":["BootSequence","Streamline"]},{"damage_healed":0.0,"max_hp_gain":0.0,"max_hp_loss":0.0,"gold_gain":275.0,"event_name":"Golden Shrine","player_choice":"Desecrate","floor":37.0,"gold_loss":0.0,"damage_taken":0.0,"cards_obtained":["Regret"]},{"damage_healed":0.0,"max_hp_gain":0.0,"max_hp_loss":0.0,"gold_gain":0.0,"event_name":"MindBloom","player_choice":"Fight","floor":45.0,"gold_loss":0.0,"damage_taken":0.0},{"damage_healed":0.0,"max_hp_gain":0.0,"max_hp_loss":0.0,"gold_gain":0.0,"event_name":"The Woman in Blue","player_choice":"Bought 2 Potions","floor":47.0,"gold_loss":0.0,"damage_taken":0.0}],"is_beta":false,"boss_relics":[{"not_picked":["Ectoplasm","Coffee Dripper"],"picked":"SlaversCollar"},{"not_picked":["Cursed Key","Black Star"],"picked":"Fusion Hammer"}],"items_purged_floors":[54],"is_endless":false,"potions_floor_spawned":[5,6,8,11,16,18,19,21,23,24,25,27,27,29,30,33,35,36,38,39,41,42,44,45,46,48,55],"ascension_level":20}}