{"host":"nh8rc3jipwgi5qu3","time":1609018905,"event":{"mods":["Act Like it!","Aspiration","BaseMod","Better Third Choice","Colored Map","Colored Powertips","DeckTracker","Elementarium","Energized Spire","GifTheSpireLib","GungeonMod","Hubris","Humility","Infinite Spire","Ironclad Rager","Lobotomy","Marked Mod","Mimic Mod","Minty Spire (QoL Compilation)","Relic Stats","Replay The Spire","Reworked Bosses","Spikes Relics","StSLib","Stuff the Spire"],"gold_per_floor":[119,135,151,73,86,66,66],"floor_reached":6,"playtime":886,"items_purged":[],"score":38,"play_id":"4d172c27-3929-4a6e-a312-40645d62ad55","local_time":"20201226224145","daily_mods":["Colorless Cards","Heirloom","DeadlyEvents","Elite Swarm"],"is_ascension_mode":false,"campfire_choices":[],"circlet_count":0,"master_deck":["Strike_G","Strike_G","Strike_G","Strike_G","Strike_G","Defend_G","Defend_G","Defend_G","Defend_G","Defend_G","Survivor","Neutralize","Sucker Punch","Acrobatics","Predator","Tools of the Trade","Assess"],"relics":["Ring of the Snake","Bird Faced Urn"],"acts_visited":["Exordium"],"potions_floor_usage":[6],"damage_taken":[{"damage":0,"enemies":"Small Slimes","floor":1,"turns":3},{"damage":2,"enemies":"Jaw Worm","floor":2,"turns":7},{"damage":1,"enemies":"Cultist","floor":3,"turns":5},{"damage":15,"enemies":"Looter","floor":5,"turns":4},{"damage":50,"enemies":"Gremlin Nob","floor":6,"turns":5}],"seed_played":"2437566386474647640","potions_obtained":[{"floor":3,"key":"Reflective Coating"}],"is_trial":true,"path_per_floor":["M","M","M","$","M","E"],"character_chosen":"THE_SILENT","items_purchased":["Tools of the Trade"],"campfire_rested":0,"item_purchase_floors":[4],"current_hp_per_floor":[70,68,67,67,54,6,6],"gold":66,"neow_bonus":"","is_daily":false,"chose_seed":false,"campfire_upgraded":0,"win_rate":0.0,"timestamp":1609018905,"path_taken":["M","M","M","$","M","E"],"items_purchased_type":["Card"],"build_version":"2020-12-22","purchased_purges":0,"victory":false,"max_hp_per_floor":[70,70,70,70,70,70,70],"relic_stats":{"counters":[5,24],"Bird Faced Urn":[4],"obtain_stats":[{"Bird Faced Urn":0,"DemoMod:GlassGuonStoneRelic":3,"Ring of the Snake":0},{"Bird Faced Urn":0,"DemoMod:GlassGuonStoneRelic":3,"Ring of the Snake":0},{"Bird Faced Urn":0,"DemoMod:GlassGuonStoneRelic":15,"Ring of the Snake":0}],"Ring of the Snake":[10]},"card_choices":[{"not_picked":["Deflect","StuffTheSpire:ClusterCrunch"],"picked":"Sucker Punch","floor":1},{"not_picked":["Expertise","Blind"],"picked":"Acrobatics","floor":2},{"not_picked":["Pace","InfectiousVector"],"picked":"Predator","floor":3},{"not_picked":["Backflip","Dash"],"picked":"Assess","floor":5}],"player_experience":211447,"relics_obtained":[],"event_choices":[],"is_beta":false,"boss_relics":[],"items_purged_floors":[],"is_endless":false,"potions_floor_spawned":[3],"killed_by":"Gremlin Nob","ascension_level":0}}