{"host":"bbcqjedmotowk2e9","time":1609004269,"event":{"mods":["AchievementEnabler","Aspiration","BaseMod","Colored Powertips","Energized Spire","GifTheSpireLib","Halation","Hubris","Hyrulean Relics","Infinite Spire","Marisa????????","Minty Spire (QoL Compilation)","Permanent Neow","Quick Restart","Relic Stats","Replay The Spire","Spires And Sneckos","StSLib","Stuff the Spire","Synergy Search","The Disciple"],"gold_per_floor":[10,10,27,43,43,43,43,43,68,88,119,44,44,64,64,161,111,124,24,24,24,24,55,55,71,71,89,89,129,129,129],"floor_reached":30,"playtime":1131,"items_purged":["Strike_MRS","EscapeVelocity"],"score":293,"play_id":"acff8f7e-d154-4ee9-95ed-1f44579a3450","local_time":"20201226203749","is_ascension_mode":true,"campfire_choices":[{"data":"6A","floor":6,"key":"SMITH"},{"data":"BlazeAway","floor":13,"key":"SMITH"},{"floor":15,"key":"REST"},{"floor":24,"key":"REST"}],"circlet_count":0,"master_deck":["Strike_MRS+1","Strike_MRS+1","Strike_MRS+1","Defend_MRS+1","Defend_MRS+1","Defend_MRS+1","Defend_MRS+1","MasterSpark","UpSweep+1","Replay:Dark Deal+1","UnstableBomb","BlazeAway+1","SatelliteIllusion","Strike_MRS+1","MilkyWay+1","Singularity+1","SprinkleStarSeal"],"relics":["MiniHakkero","hubris:Icosahedron","StuffTheSpire:Barrel","Sundial","Orichalcum","energizedSpire:HugeHouse","halation:EternalFortune","Replay:Mystery Machine","aspiration:SeaSaltIceCream","aspiration:Nostalgia","m_TsuchinokoRing","CeramicFish"],"acts_visited":["Exordium","TheCity"],"potions_floor_usage":[16,16,29],"damage_taken":[{"damage":8,"enemies":"2 Louse","floor":1,"turns":3},{"damage":1,"enemies":"Cultist","floor":3,"turns":3},{"damage":3,"enemies":"Small Slimes","floor":4,"turns":3},{"damage":0,"enemies":"Looter","floor":10,"turns":2},{"damage":15,"enemies":"3 Sentries","floor":11,"turns":7},{"damage":0,"enemies":"Blue Slaver","floor":14,"turns":1},{"damage":37,"enemies":"Hexaghost","floor":16,"turns":5},{"damage":17,"enemies":"Shell Parasite","floor":18,"turns":6},{"damage":58,"enemies":"Book of Stabbing","floor":23,"turns":7},{"damage":0,"enemies":"Chosen","floor":25,"turns":1},{"damage":0,"enemies":"3 Cultists","floor":27,"turns":1},{"damage":64,"enemies":"Slavers","floor":29,"turns":6},{"damage":5,"enemies":"Snecko","floor":30,"turns":2}],"seed_played":"451525817856237676","potions_obtained":[{"floor":1,"key":"Reflective Coating"},{"floor":4,"key":"Reflective Coating"},{"floor":14,"key":"Adrenaline Potion"},{"floor":16,"key":"Energy Potion"},{"floor":27,"key":"AttackPotion"}],"is_trial":false,"path_per_floor":["M","?","M","M","$","R","?","?","T","M","E","$","R","M","R","B",null,"M","$","?","?","?","E","R","M","T","M","$","E","M"],"character_chosen":"MARISA","items_purchased":[],"campfire_rested":2,"item_purchase_floors":[],"current_hp_per_floor":[67,67,66,63,63,63,63,63,63,63,48,48,48,56,75,38,70,53,53,53,56,83,33,57,57,57,57,57,3,0,0],"gold":129,"neow_bonus":"RANDOM_COLORLESS_2","is_daily":false,"chose_seed":false,"campfire_upgraded":2,"win_rate":0.0,"timestamp":1609004269,"path_taken":["M","?","?","M","$","R","?","?","T","M","E","?","R","M","R","BOSS","M","$","?","?","?","E","R","M","T","?","$","E","?"],"items_purchased_type":[],"build_version":"2020-12-22","purchased_purges":2,"victory":false,"max_hp_per_floor":[75,75,75,75,75,75,75,75,75,75,75,75,75,75,75,75,70,70,70,70,73,83,83,83,83,83,83,83,83,83,83],"relic_stats":{"counters":[13,47],"Sundial":[4],"CeramicFish":9,"Orichalcum":[36],"obtain_stats":[{"StuffTheSpire:Barrel":9,"hubris:Icosahedron":7,"m_TsuchinokoRing":26,"Sundial":11,"aspiration:Nostalgia":26,"CeramicFish":29,"halation:EternalFortune":21,"energizedSpire:HugeHouse":17,"MiniHakkero":0,"aspiration:SeaSaltIceCream":26,"Orichalcum":11,"Replay:Mystery Machine":23},{"StuffTheSpire:Barrel":3,"hubris:Icosahedron":3,"m_TsuchinokoRing":10,"Sundial":5,"aspiration:Nostalgia":10,"CeramicFish":12,"halation:EternalFortune":8,"energizedSpire:HugeHouse":7,"MiniHakkero":0,"aspiration:SeaSaltIceCream":10,"Orichalcum":5,"Replay:Mystery Machine":9},{"StuffTheSpire:Barrel":9,"hubris:Icosahedron":9,"m_TsuchinokoRing":38,"Sundial":18,"aspiration:Nostalgia":38,"CeramicFish":45,"halation:EternalFortune":30,"energizedSpire:HugeHouse":24,"MiniHakkero":0,"aspiration:SeaSaltIceCream":38,"Orichalcum":18,"Replay:Mystery Machine":37}]},"card_choices":[{"not_picked":["Master of Strategy","Mayhem"],"picked":"Replay:Dark Deal","floor":0},{"not_picked":["OrrerysSun","DeepEcoloBomb"],"picked":"UnstableBomb","floor":1},{"not_picked":["GrandCross","MagicChant"],"picked":"6A","floor":3},{"not_picked":["MagicChant","ManaConvection","ShootingEcho"],"picked":"SKIP","floor":4},{"not_picked":["SuperPerseids","ShootTheMoon"],"picked":"BlazeAway","floor":10},{"not_picked":["EventHorizon","GravityBeat"],"picked":"CollectingQuirk","floor":11},{"not_picked":["ShootingEcho","NonDirectionalLaser","AsteroidBelt"],"picked":"SKIP","floor":14},{"not_picked":["StarDustReverie","BlazingStar"],"picked":"SatelliteIllusion","floor":16},{"not_picked":["MagicAbsorber","BlazeAway","DragonMeteor+1"],"picked":"SKIP","floor":18},{"not_picked":["EscapeVelocity","BlazeAway"],"picked":"MilkyWay+1","floor":23},{"not_picked":["GrandCross+1","DoubleSpark"],"picked":"Singularity+1","floor":25},{"not_picked":["Cloak And Dagger","GravityBeat+1","MilkyWay+1"],"picked":"SKIP","floor":27},{"not_picked":["Dagger Throw","Calculated Gamble"],"picked":"SprinkleStarSeal","floor":29}],"player_experience":563783,"relics_obtained":[{"floor":9,"key":"StuffTheSpire:Barrel"},{"floor":11,"key":"Sundial"},{"floor":11,"key":"Orichalcum"},{"floor":23,"key":"Replay:Mystery Machine"},{"floor":26,"key":"aspiration:SeaSaltIceCream"},{"floor":29,"key":"CeramicFish"}],"event_choices":[{"damage_healed":0,"gold_gain":0,"player_choice":"Forge","damage_taken":0,"max_hp_gain":0,"max_hp_loss":0,"event_name":"Accursed Blacksmith","floor":2,"gold_loss":0,"cards_upgraded":["Replay:Dark Deal"]},{"damage_healed":0,"gold_gain":0,"player_choice":"Grow","damage_taken":0,"max_hp_gain":0,"max_hp_loss":0,"event_name":"Living Wall","floor":8,"gold_loss":0,"cards_upgraded":["UpSweep"]},{"damage_healed":0,"gold_gain":0,"player_choice":"Simplicity","damage_taken":0,"max_hp_gain":0,"max_hp_loss":0,"event_name":"Back to Basics","floor":20,"gold_loss":0,"cards_upgraded":["Strike_MRS","Strike_MRS","Strike_MRS","Defend_MRS","Defend_MRS","Defend_MRS","Defend_MRS","Strike_MRS"]},{"cards_removed":["CollectingQuirk"],"damage_healed":17,"gold_gain":0,"player_choice":"Offered Rare","damage_taken":0,"max_hp_gain":10,"max_hp_loss":0,"event_name":"Bonfire Elementals","floor":22,"gold_loss":0}],"is_beta":false,"boss_relics":[{"not_picked":["Fusion Hammer","Honey Jar"],"picked":"energizedSpire:HugeHouse"}],"items_purged_floors":[12,19],"is_endless":false,"potions_floor_spawned":[1,4,14,16,27],"killed_by":"Snecko","ascension_level":2}}