{"host":"cjhtzh7tp54jdfyv","time":1609013450,"event":{"mods":["AchievementEnabler","BaseMod","Colored Map","Colored Powertips","Curses Come First","DeckTracker","Filter the Spire","Minty Spire (QoL Compilation)","RNG Fix","Relic Sorter","Relic Stats","StSLib","The Cursed","The Marked","UnlockEverythingMod","Waifu the Spire","ojb\u0027s Better Paths Mod","ojb\u0027s Info Mod"],"gold_per_floor":[369,294,307,317,329,329,340,340,364,139,139,170,232,243,243,317,317,335,68,85,97,97,97,113,133,157,157,157],"floor_reached":27,"playtime":2625,"items_purged":["TheCursedMod:Strike_TheCursed","TheCursedMod:Strike_TheCursed"],"score":434,"play_id":"3b340918-0b55-47dc-a957-c07ec551aadd","local_time":"20201226151050","is_ascension_mode":true,"campfire_choices":[{"data":"TheCursedMod:CleanUpWorkshop","floor":6,"key":"SMITH"},{"data":"TheCursedMod:ManaBullet","floor":8,"key":"SMITH"},{"data":"TheCursedMod:SmokeScreen","floor":11,"key":"SMITH"},{"floor":15,"key":"RECALL"},{"floor":23,"key":"REST"}],"circlet_count":0,"master_deck":["AscendersBane","TheCursedMod:Strike_TheCursed","TheCursedMod:Defend_TheCursed","TheCursedMod:Defend_TheCursed","TheCursedMod:Defend_TheCursed","TheCursedMod:Defend_TheCursed","TheCursedMod:CursedWand","TheCursedMod:CleanUpWorkshop+1","TheCursedMod:Dregs","TheCursedMod:Wield","TheCursedMod:Wield","TheCursedMod:ManaBullet+1","TheCursedMod:SmokeScreen+1","TheCursedMod:CursedShiv","TheCursedMod:CursedShiv","TheCursedMod:Wield","TheCursedMod:ParallelWorld","TheCursedMod:SmokeScreen","TheCursedMod:BloodBarrier","TheCursedMod:SoulCrush","Dark Shackles","TheCursedMod:SmokeScreen","Decay","TheCursedMod:RapidMovement"],"relics":["TheCursedMod:BlackMagic101","Anchor","Membership Card","Art of War","Pantograph","Runic Pyramid","Frozen Eye","Juzu Bracelet"],"acts_visited":["Exordium","TheCity"],"potions_floor_usage":[5,7,13,16,20,21,24],"damage_taken":[{"damage":0.0,"enemies":"Jaw Worm","floor":1.0,"turns":5.0},{"damage":1.0,"enemies":"2 Louse","floor":3.0,"turns":4.0},{"damage":4.0,"enemies":"Small Slimes","floor":4.0,"turns":4.0},{"damage":15,"enemies":"Gremlin Gang","floor":5,"turns":5},{"damage":0,"enemies":"Lots of Slimes","floor":7,"turns":5},{"damage":17,"enemies":"Lagavulin","floor":12,"turns":8},{"damage":3,"enemies":"Gremlin Nob","floor":13,"turns":3},{"damage":3,"enemies":"Large Slime","floor":14,"turns":5},{"damage":12,"enemies":"The Guardian","floor":16,"turns":13},{"damage":46,"enemies":"Spheric Guardian","floor":18,"turns":6},{"damage":0,"enemies":"3 Byrds","floor":20,"turns":9},{"damage":7,"enemies":"Snecko","floor":21,"turns":7},{"damage":3,"enemies":"Snake Plant","floor":24,"turns":8},{"damage":26,"enemies":"Chosen and Byrds","floor":25,"turns":10},{"damage":3,"enemies":"Snecko","floor":27,"turns":7}],"seed_played":"7434164433491792700","potions_obtained":[{"floor":1.0,"key":"AttackPotion"},{"floor":3.0,"key":"LiquidMemories"},{"floor":5,"key":"Block Potion"},{"floor":13,"key":"AttackPotion"},{"floor":16,"key":"LiquidMemories"},{"floor":21,"key":"Regen Potion"}],"is_trial":false,"path_per_floor":["M","?","M","M","M","R","M","R","T","$","R","E","?","M","R","B",null,"M","$","M","M","?","R","M","M","T","M"],"character_chosen":"THE_CURSED","items_purchased":["Membership Card","TheCursedMod:CursedShiv","TheCursedMod:BloodBarrier","TheCursedMod:SoulCrush","Dark Shackles","Block Potion","Frozen Eye"],"campfire_rested":1,"item_purchase_floors":[10,10,19,19,19,19,19],"current_hp_per_floor":[64,64,63,59,44,44,44,44,44,44,44,27,24,21,21,34,57,11,11,11,4,4,23,35,9,9,6,6],"gold":157,"neow_bonus":"TWO_FIFTY_GOLD","is_daily":false,"chose_seed":false,"campfire_upgraded":3,"win_rate":0.0,"timestamp":1609013450,"path_taken":["M","?","M","?","M","R","M","R","T","$","R","E","?","M","R","BOSS","M","$","M","M","?","R","M","M","T","M"],"items_purchased_type":["Relic","Card","Card","Card","Card","Potion","Relic"],"build_version":"2020-12-22","purchased_purges":2,"victory":false,"max_hp_per_floor":[64,64,64,64,64,64,64,64,64,64,64,64,64,64,64,64,64,64,64,64,64,64,64,64,64,64,64,64],"relic_stats":{"counters":[15,99],"Pantograph":25,"Art of War":[17],"Juzu Bracelet":0,"obtain_stats":[{"TheCursedMod:BlackMagic101":0,"Frozen Eye":19,"Anchor":9,"Pantograph":13,"Art of War":12,"Juzu Bracelet":26,"Membership Card":10,"Runic Pyramid":17},{"TheCursedMod:BlackMagic101":0,"Frozen Eye":10,"Anchor":5,"Pantograph":7,"Art of War":6,"Juzu Bracelet":14,"Membership Card":5,"Runic Pyramid":9},{"TheCursedMod:BlackMagic101":0,"Frozen Eye":58,"Anchor":23,"Pantograph":34,"Art of War":31,"Juzu Bracelet":92,"Membership Card":23,"Runic Pyramid":52}]},"card_choices":[{"not_picked":["TheCursedMod:Torture","TheCursedMod:RavingStaff"],"picked":"TheCursedMod:Wield","floor":1.0},{"not_picked":["TheCursedMod:Stigma","TheCursedMod:PrepareRite"],"picked":"TheCursedMod:Wield","floor":3.0},{"not_picked":["TheCursedMod:CircleOfFlame","TheCursedMod:EmpowerCircles"],"picked":"TheCursedMod:ManaBullet","floor":4.0},{"not_picked":["TheCursedMod:HellfireBreathing","TheCursedMod:EmpowerCircles"],"picked":"TheCursedMod:SmokeScreen","floor":5},{"not_picked":["TheCursedMod:HellfireBreathing","TheCursedMod:Grudge","TheCursedMod:VitalStrike"],"picked":"SKIP","floor":7},{"not_picked":["TheCursedMod:VitalStrike","TheCursedMod:Stigma","TheCursedMod:CursedAmulet"],"picked":"SKIP","floor":12},{"not_picked":["TheCursedMod:FleshFromBone","TheCursedMod:VitalStrike"],"picked":"TheCursedMod:CursedShiv","floor":13},{"not_picked":["TheCursedMod:TacticalStrike","TheCursedMod:ManaBullet"],"picked":"TheCursedMod:Wield","floor":14},{"not_picked":["TheCursedMod:UltimatePain","TheCursedMod:ForbiddenAlchemy"],"picked":"TheCursedMod:ParallelWorld","floor":16},{"not_picked":["TheCursedMod:TacticalStrike","TheCursedMod:CursedMace"],"picked":"TheCursedMod:SmokeScreen","floor":18},{"not_picked":["TheCursedMod:CursedAmulet","TheCursedMod:SurpriseAttack"],"picked":"TheCursedMod:SmokeScreen","floor":20},{"not_picked":["TheCursedMod:ShockAndAwe","TheCursedMod:ReleasedStrength","TheCursedMod:Torture"],"picked":"SKIP","floor":21},{"not_picked":["TheCursedMod:CursedBoomerang","TheCursedMod:FleshFromBone"],"picked":"TheCursedMod:RapidMovement","floor":24},{"not_picked":["TheCursedMod:FuryStrike","TheCursedMod:RapidMovement","TheCursedMod:FleshFromBone"],"picked":"SKIP","floor":25}],"player_experience":4445641,"relics_obtained":[{"floor":9,"key":"Anchor"},{"floor":12,"key":"Art of War"},{"floor":13,"key":"Pantograph"},{"floor":26,"key":"Juzu Bracelet"}],"event_choices":[{"cards_removed":["TheCursedMod:Strike_TheCursed"],"damage_healed":0.0,"max_hp_gain":0.0,"max_hp_loss":0.0,"gold_gain":0.0,"event_name":"The Cleric","player_choice":"Card Removal","floor":2.0,"gold_loss":75.0,"damage_taken":0.0},{"damage_healed":0,"gold_gain":30,"player_choice":"Searched \u00272\u0027 times","damage_taken":0,"max_hp_gain":0,"max_hp_loss":0,"event_name":"Dead Adventurer","floor":13,"gold_loss":0},{"damage_healed":0,"gold_gain":0,"player_choice":"Smashed Altar","damage_taken":0,"max_hp_gain":0,"max_hp_loss":0,"event_name":"Forgotten Altar","floor":22,"gold_loss":0,"cards_obtained":["Decay"]}],"is_beta":false,"boss_relics":[{"not_picked":["Empty Cage","Astrolabe"],"picked":"Runic Pyramid"}],"items_purged_floors":[10,19],"is_endless":false,"potions_floor_spawned":[1,3,5,13,16,21],"killed_by":"Snecko","ascension_level":20}}