{"host":"1zjc08c6hob33401","time":1609025911,"event":{"mods":["AchievementEnabler","Act Like it!","Aspiration","BaseMod","Downfall","Energized Spire","GifTheSpireLib","Hubris","Infinite Spire","Jedi Mod","Jorbs\u0027s Wanderer Trilogy","Marisa????????","Minty Spire (QoL Compilation)","Pale of the Ancients","Quick Restart","Replay The Spire","Retaliation","Shop Mod","StSLib","Stuff the Spire","Swap Starting Deck Mod","The Blue Laboratory","Wandering Minibosses","vexMod"],"gold_per_floor":[115,129,54,108,119,152,152,185,209,209,209,9,9,9,9,112,112,123,134,134,134,134,134,147,162,162,197,209,209,226,250,250,345,345,364,381,381,381,381,413,433,433,433,37,37,56,56,56,86,136,136,136,146,160,172,199,199,215,215,9,9,9],"floor_reached":63,"playtime":2883,"items_purged":["Defend_R","Defend_R","Defend_R","Defend_R"],"score":1675,"play_id":"f5843189-a66f-4e53-9407-d41630c8eb78","local_time":"20201227013831","is_ascension_mode":true,"campfire_choices":[{"data":"infinitespire:OneForAll","floor":7.0,"key":"SMITH"},{"floor":10.0,"key":"REST"},{"data":"StuffTheSpire:Innocence","floor":15.0,"key":"SMITH"},{"data":"infinitespire:SevenWalls","floor":23.0,"key":"SMITH"},{"data":"infinitespire:TheBestDefense","floor":29.0,"key":"SMITH"},{"floor":32.0,"key":"REST"},{"data":"Corruption","floor":37.0,"key":"SMITH"},{"data":"wanderingMiniBosses:FinaleOfPromise","floor":47.0,"key":"SMITH"},{"data":"infinitespire:Collect","floor":51.0,"key":"SMITH"},{"data":"DDmod:SpikeMailSkill","floor":51.0,"key":"SMITH"},{"data":"DDmod:ScaleUpSkill","floor":57,"key":"SMITH"},{"data":"Dark Embrace","floor":57,"key":"SMITH"},{"data":"Perfected Strike","floor":59,"key":"SMITH"},{"data":"jedi:fear","floor":59,"key":"SMITH"}],"circlet_count":0,"master_deck":["Strike_R","Strike_R","Strike_R","Strike_R","Strike_R+1","Bash+1","DDmod:SpikeMailSkill+1","Clash","jedi:fear+1","infinitespire:OneForAll+1","Searing Blow","StuffTheSpire:Innocence+1","Corruption+1","Perfected Strike+1","infinitespire:SevenWalls+1","infinitespire:TheBestDefense+1","DDmod:SpikedSkill+1","DDmod:SpikeMailSkill+1","jedi:unlimitedpower","ReplayTheSpireMod:LeadingStrike","Carnage+1","infinitespire:Collect+1","Eclipse+1","Reckless Charge+1","wanderingMiniBosses:FinaleOfPromise+1","Disarm+1","DDmod:SpikedSkill+1","Uppercut+1","DDmod:ScaleUpSkill+1","Dark Embrace+1"],"relics":["Burning Blood","Boot","jedi:arcanewood","Lantern","Smiling Mask","Lee\u0027s Waffle","SlaversCollar","StuffTheSpire:CocoNut","hubris:IronBody","MealTicket","hubris:VirtuousBlindfold","HornCleat","hubris:BottledRain","StrikeDummy","War Paint","Bottled Tornado","wanderingMiniBosses:Blackblade","Replay:Towering Pillar of Hats","Replay:Arrowhead","paleoftheancients:Timepiece","paleoftheancients:KeyRelic","Bronze Scales","CultistMask","paleoftheancients:SoulOfTheShowman","paleoftheancients:BlurryLens","Replay:Mystery Machine","hubris:SlimyHat"],"acts_visited":["Exordium","TheCity","TheBeyond","paleoftheancients:PaleOfTheAncients"],"potions_floor_usage":[52,58,62],"damage_taken":[{"damage":1.0,"enemies":"Cultist","floor":1.0,"turns":3.0},{"damage":22.0,"enemies":"infinitespire:Voidling","floor":2.0,"turns":5.0},{"damage":4.0,"enemies":"Small Slimes","floor":5.0,"turns":3.0},{"damage":18.0,"enemies":"Lagavulin","floor":6.0,"turns":5.0},{"damage":50.0,"enemies":"3 Sentries","floor":8.0,"turns":10.0},{"damage":62.0,"enemies":"Hexaghost","floor":16.0,"turns":9.0},{"damage":27.0,"enemies":"2 Thieves","floor":18.0,"turns":4.0},{"damage":17.0,"enemies":"Shell Parasite","floor":19.0,"turns":4.0},{"damage":1.0,"enemies":"Snake Plant","floor":24.0,"turns":4.0},{"damage":0.0,"enemies":"Snecko","floor":25.0,"turns":3.0},{"damage":25.0,"enemies":"Book of Stabbing","floor":27.0,"turns":6.0},{"damage":48.0,"enemies":"3 Cultists","floor":28.0,"turns":9.0},{"damage":8.0,"enemies":"Centurion and Healer","floor":30.0,"turns":4.0},{"damage":39.0,"enemies":"Collector","floor":33.0,"turns":9.0},{"damage":0.0,"enemies":"3 Shapes","floor":35.0,"turns":3.0},{"damage":4.0,"enemies":"3 Darklings","floor":36.0,"turns":5.0},{"damage":60.0,"enemies":"Nightmare","floor":40.0,"turns":6.0},{"damage":1.0,"enemies":"Transient","floor":41.0,"turns":5.0},{"damage":13.0,"enemies":"Maw","floor":46.0,"turns":8.0},{"damage":4.0,"enemies":"Giant Head","floor":49.0,"turns":5.0},{"damage":2.0,"enemies":"Mind Bloom Boss Battle","floor":50.0,"turns":3.0},{"damage":41,"enemies":"Donu and Deca","floor":52,"turns":8},{"damage":56,"enemies":"Donu and Deca","floor":53,"turns":7},{"damage":0,"enemies":"Donu and Deca","floor":54,"turns":3},{"damage":0,"enemies":"paleoftheancients:BASlime3","floor":55,"turns":1},{"damage":17,"enemies":"paleoftheancients:BASlime3","floor":58,"turns":2},{"damage":122,"enemies":"paleoftheancients:N","floor":62,"turns":7}],"seed_played":"-5369868379103736686","potions_obtained":[{"floor":2.0,"key":"blueLaboratory:LouseDecoction"},{"floor":5.0,"key":"Block Potion"},{"floor":8.0,"key":"blueLaboratory:LouseDecoction"},{"floor":18.0,"key":"Venom Potion"},{"floor":25.0,"key":"DDmod:CleansePotion"},{"floor":30.0,"key":"blueLaboratory:BottledHope"},{"floor":35.0,"key":"blueLaboratory:BottleOfVodka"},{"floor":41.0,"key":"Elixir"},{"floor":49.0,"key":"GamblersBrew"},{"floor":53,"key":"Swift Potion"},{"floor":55,"key":"blueLaboratory:IronCompound"}],"is_trial":false,"path_per_floor":["M","M","$","T","M","E","R","E","T","R","$","$","?","?","R","B",null,"M","M","AVR","?","?","R","M","M","T","E","M","R","M","T","R","B",null,"M","M","R","T","$","NM","M","PTL","PTL","$","T","M","R","?","E","?","R","B","M","M","M","T","R","M","R","$","?","B",null],"character_chosen":"IRONCLAD","items_purchased":["Lee\u0027s Waffle","StrikeDummy","War Paint","hubris:SlimyHat"],"campfire_rested":2,"item_purchase_floors":[12,44,44,60],"current_hp_per_floor":[80,69,69,69,71,59,59,15,15,39,39,87,87,80,80,24,71,50,39,39,39,68,68,73,79,86,67,25,25,23,23,51,18,75,81,83,83,83,83,29,34,34,34,49,49,42,42,42,44,48,48,74,59,80,90,90,90,87,87,94,94,94],"gold":9,"neow_bonus":"UPGRADE_CARD","is_daily":false,"chose_seed":false,"campfire_upgraded":12,"win_rate":0.0,"timestamp":1609025911,"path_taken":["M","M","$","?","M","E","R","E","T","R","?","$","?","?","R","BOSS","M","M","AVR","?","?","R","M","M","T","E","M","R","M","?","R","BOSS","M","M","?","?","?","NM","M","PTL","PTL","$","T","?","R","?","E","?","R","BOSS","M","M","?","T","R","M","R","$","?","BOSS"],"items_purchased_type":["Relic","Relic","Relic","Relic"],"build_version":"2020-12-22","purchased_purges":4,"victory":true,"max_hp_per_floor":[80,80,80,80,80,80,80,80,80,80,80,87,87,87,87,87,87,87,87,87,87,87,87,87,87,94,94,94,94,94,94,94,94,94,94,94,94,94,94,94,94,94,94,94,94,94,94,94,94,94,94,94,94,94,94,94,94,94,94,94,94,94],"card_choices":[{"not_picked":["StuffTheSpire:Incineration","Body Slam"],"picked":"DDmod:SpikeMailSkill","floor":1.0},{"not_picked":["jedi:hate","jedi:MakeshiftSword"],"picked":"Clash","floor":2.0},{"not_picked":["Burning Pact","Warcry"],"picked":"jedi:fear","floor":5.0},{"not_picked":["Cleave","Whirlwind"],"picked":"infinitespire:OneForAll","floor":6.0},{"not_picked":["jedi:suffering","DDmod:GrandUltimatumAttack"],"picked":"Searing Blow","floor":8.0},{"not_picked":["DDmod:RechargeSkill","Demonic Infusion"],"picked":"Corruption","floor":16.0},{"not_picked":["StuffTheSpire:RagingBull+1","Rage"],"picked":"Perfected Strike","floor":18.0},{"not_picked":["Thunderclap","Run Through","Cleave"],"picked":"SKIP","floor":19.0},{"not_picked":["Headbutt","Run Through+1","Life Link"],"picked":"SKIP","floor":24.0},{"not_picked":["Pommel Strike","Run Through+1"],"picked":"DDmod:SpikedSkill+1","floor":25.0},{"not_picked":["Rampage","Fire Breathing+1","StuffTheSpire:RockThrow+1"],"picked":"SKIP","floor":27.0},{"not_picked":["StuffTheSpire:Slingshot","ReplayTheSpireMod:Corrosion Curse","jedi:hate"],"picked":"SKIP","floor":28.0},{"not_picked":["Offering","ReplayTheSpireMod:Muscle Training"],"picked":"DDmod:SpikeMailSkill","floor":30.0},{"not_picked":["DDmod:RechargeSkill","jedi:harder"],"picked":"jedi:unlimitedpower","floor":33.0},{"not_picked":["Heavy Blade+1","Armaments+1"],"picked":"ReplayTheSpireMod:LeadingStrike","floor":35.0},{"not_picked":["ReplayTheSpireMod:Muscle Training+1","Rage+1"],"picked":"Carnage+1","floor":36.0},{"not_picked":["ReplayTheSpireMod:??????????????????????","ReplayTheSpireMod:Black Plague"],"picked":"infinitespire:Collect","floor":40.0},{"not_picked":["jedi:controlledanger","Heavy Blade"],"picked":"Eclipse","floor":40.0},{"not_picked":["StuffTheSpire:Slingshot","jedi:fear"],"picked":"Reckless Charge+1","floor":41.0},{"not_picked":[],"picked":"wanderingMiniBosses:FinaleOfPromise","floor":46.0},{"not_picked":["Metallicize","hubris:ReadiedAction+1"],"picked":"Disarm+1","floor":46.0},{"not_picked":["Metallicize+1","Dark Embrace+1"],"picked":"DDmod:SpikedSkill+1","floor":49.0},{"not_picked":["Second Wind","Dark Embrace+1"],"picked":"Uppercut+1","floor":53},{"not_picked":["Warcry","jedi:fear"],"picked":"DDmod:ScaleUpSkill","floor":54},{"not_picked":["Thunderclap+1","Twin Strike+1"],"picked":"Dark Embrace","floor":55},{"not_picked":["hubris:CleavingFinish+1","hubris:ReadiedAction+1","Replay:Undeath\u0027s Touch+1"],"picked":"SKIP","floor":58}],"player_experience":403177,"relics_obtained":[{"floor":4.0,"key":"Boot"},{"floor":6.0,"key":"jedi:arcanewood"},{"floor":8.0,"key":"Lantern"},{"floor":9.0,"key":"Smiling Mask"},{"floor":26.0,"key":"StuffTheSpire:CocoNut"},{"floor":27.0,"key":"hubris:IronBody"},{"floor":31.0,"key":"MealTicket"},{"floor":38.0,"key":"HornCleat"},{"floor":40.0,"key":"hubris:BottledRain"},{"floor":45.0,"key":"Bottled Tornado"},{"floor":46.0,"key":"wanderingMiniBosses:Blackblade"},{"floor":49.0,"key":"Replay:Towering Pillar of Hats"},{"floor":50.0,"key":"Replay:Arrowhead"},{"floor":53,"key":"paleoftheancients:SoulOfTheShowman"},{"floor":54,"key":"paleoftheancients:SoulOfTheWatcher"},{"floor":55,"key":"paleoftheancients:BlurryLens"},{"floor":56,"key":"Replay:Mystery Machine"}],"event_choices":[{"damage_healed":0.0,"max_hp_gain":0.0,"max_hp_loss":0.0,"gold_gain":0.0,"event_name":"Ghosts","player_choice":"Ignored","floor":21.0,"gold_loss":0.0,"damage_taken":0.0},{"damage_healed":29.0,"max_hp_gain":0.0,"max_hp_loss":0.0,"gold_gain":0.0,"event_name":"The Library","player_choice":"Heal","floor":22.0,"gold_loss":0.0,"damage_taken":0.0},{"damage_healed":0.0,"max_hp_gain":0.0,"max_hp_loss":0.0,"gold_gain":0.0,"event_name":"MindBloom","player_choice":"Fight","floor":50.0,"gold_loss":0.0,"damage_taken":0.0}],"is_beta":false,"boss_relics":[{"not_picked":["ReplayTheSpireMod:SealedPack","Velvet Choker"],"picked":"SlaversCollar"},{"not_picked":["energizedSpire:DeadBattery","energizedSpire:RedRose"],"picked":"hubris:VirtuousBlindfold"}],"items_purged_floors":[3,12,20,60],"is_endless":false,"potions_floor_spawned":[2,5,8,18,25,30,35,41,49,53,55],"ascension_level":5}}