{"host":"djjpvtbajazjoxm7","time":1609001459,"event":{"mods":["Act Like it!","Arknights The Spire","Ascension Reborn","BaseMod","CapriCore","GungeonMod","Hermit","KOR Keyword Fix","Lobotomy","Minty Spire (QoL Compilation)","Replay The Spire","StSLib","The Gatherer","The Hierophant","The Immortal","Waifu the Spire"],"gold_per_floor":[113,113,129,144,164,193,205,205,228,274,274,292,320,331,331,436,436,449,459,471,482,482,482],"floor_reached":22,"playtime":975,"items_purged":[],"score":202,"play_id":"151c15c2-2ccd-44f8-aaf7-0c1c5035126a","local_time":"20201227015059","is_ascension_mode":true,"campfire_choices":[{"floor":8,"key":"REST"},{"data":"ats:Healing Drone","floor":11,"key":"SMITH"},{"floor":15,"key":"REST"}],"circlet_count":0,"master_deck":["ats:Strike C","ats:Strike G","ats:Strike S","ats:Strike V","ats:Armor Crushing Shot","ats:Defend","ats:Defend","ats:Defend","ats:Defend","ats:Emotion Absorption","ats:Rapid Magazine","ats:Overload","ats:Explosion Area Strengthen","ats:Healing Drone+1","ats:Curse Doll","ats:Consecutive Shot Auto","ats:Spore Proliferation","ats:Flexible Camouflage","ats:Rapid Magazine+1","ats:Shell Defense","ats:Roar Of Ursus+1","CurseOfTheBell","ats:Poison Spread+1","ats:Counter Healing Mode+1","ats:Fractured Body","ats:Part Time Job+1"],"relics":["ats:Sanity","DemoMod:MonsterBlood","ats:Originium","Quantum Egg","Snack Pack","ats:Originium","Frozen Egg 2","Calling Bell","Toy Ornithopter","Iron Hammer","DemoMod:Antibody"],"acts_visited":["Exordium","TheCity"],"potions_floor_usage":[6,6,13,13],"damage_taken":[{"damage":5,"enemies":"Small Slimes","floor":1,"turns":4},{"damage":2,"enemies":"2 Louse","floor":3,"turns":3},{"damage":5,"enemies":"Cultist","floor":4,"turns":4},{"damage":9,"enemies":"Looter","floor":5,"turns":3},{"damage":26,"enemies":"Lagavulin","floor":6,"turns":6},{"damage":20,"enemies":"Exordium Thugs","floor":7,"turns":5},{"damage":16,"enemies":"Blue Slaver","floor":12,"turns":3},{"damage":26,"enemies":"3 Sentries","floor":13,"turns":5},{"damage":9,"enemies":"Looter","floor":14,"turns":4},{"damage":55,"enemies":"Hexaghost","floor":16,"turns":11},{"damage":24,"enemies":"2 Thieves","floor":18,"turns":4},{"damage":19,"enemies":"3 Byrds","floor":19,"turns":3},{"damage":41,"enemies":"Centurion and Healer","floor":20,"turns":7},{"damage":40,"enemies":"Snake Plant","floor":21,"turns":5},{"damage":11,"enemies":"Sentry and Sphere","floor":22,"turns":3}],"seed_played":"3370400741526514231","potions_obtained":[{"floor":1,"key":"SteroidPotion"},{"floor":3,"key":"Fire Potion"},{"floor":7,"key":"SpeedPotion"},{"floor":10,"key":"Death Potion"},{"floor":12,"key":"SkillPotion"},{"floor":16,"key":"Dexterity Potion"},{"floor":20,"key":"Venom Potion"}],"is_trial":false,"path_per_floor":["M","$","M","M","M","E","M","R","T","?","R","M","E","M","R","B",null,"M","M","M","M","M"],"character_chosen":"DOCTOR_CLASS","items_purchased":[],"campfire_rested":2,"item_purchase_floors":[],"current_hp_per_floor":[74,74,72,67,58,36,22,45,45,45,45,35,15,14,37,9,79,61,60,36,6,0,0],"gold":482,"neow_bonus":"RANDOM_COMMON_RELIC","is_daily":false,"chose_seed":false,"campfire_upgraded":1,"win_rate":0.0,"timestamp":1609001459,"path_taken":["M","$","M","M","M","E","M","R","T","?","R","M","E","M","R","BOSS","M","M","M","M","M"],"items_purchased_type":[],"build_version":"2020-12-22","purchased_purges":0,"victory":false,"max_hp_per_floor":[79,79,79,79,79,79,79,79,79,79,79,79,79,79,79,79,79,79,79,79,79,79,79],"card_choices":[{"not_picked":["ats:Poison Spread","ats:Childhood Dance"],"picked":"ats:Rapid Magazine","floor":1},{"not_picked":["ats:Ignite","ats:Assault Order"],"picked":"ats:Overload","floor":3},{"not_picked":["ats:Ignite","ats:Cat Scratch"],"picked":"ats:Explosion Area Strengthen","floor":4},{"not_picked":["ats:Powerful Strike","ats:Apocalypse"],"picked":"ats:Healing Drone","floor":5},{"not_picked":["ats:True Silver Slash","ats:Counter Healing Mode"],"picked":"ats:Curse Doll","floor":6},{"not_picked":["ats:Curse Doll","ats:Ignite"],"picked":"ats:Consecutive Shot Auto","floor":7},{"not_picked":["ats:Automatic Cover","ats:Ignite"],"picked":"ats:Spore Proliferation","floor":10},{"not_picked":["ats:LN2 Cannon","ats:Hook Shot"],"picked":"ats:Flexible Camouflage","floor":12},{"not_picked":["ats:Hammer On","ats:Consecutive Shot Auto"],"picked":"ats:Rapid Magazine+1","floor":13},{"not_picked":["ats:Soul Rend+1","ats:Guardian Obelisk"],"picked":"ats:Shell Defense","floor":14},{"not_picked":["ats:True Silver Slash","ats:Wolf Pack"],"picked":"ats:Roar Of Ursus+1","floor":16},{"not_picked":["ats:Childhood Dance","ats:Shell Defense"],"picked":"ats:Poison Spread+1","floor":18},{"not_picked":["ats:Thermite Blade+1","ats:Consecutive Shot Auto"],"picked":"ats:Counter Healing Mode+1","floor":19},{"not_picked":["ats:Shell Defense","ats:Hook Shot"],"picked":"ats:Fractured Body","floor":20},{"not_picked":["ats:Poison Spread","ats:Explosion Area Strengthen"],"picked":"ats:Part Time Job+1","floor":21}],"player_experience":187630,"relics_obtained":[{"floor":6,"key":"ats:Originium"},{"floor":6,"key":"Quantum Egg"},{"floor":10,"key":"Snack Pack"},{"floor":13,"key":"ats:Originium"},{"floor":13,"key":"Frozen Egg 2"},{"floor":17,"key":"Toy Ornithopter"},{"floor":17,"key":"Iron Hammer"},{"floor":17,"key":"DemoMod:Antibody"}],"event_choices":[],"is_beta":false,"boss_relics":[{"not_picked":["Replay:Ancient Bell","Empty Cage"],"picked":"Calling Bell"}],"items_purged_floors":[],"is_endless":false,"potions_floor_spawned":[1,3,7,12,16,20],"killed_by":"Sentry and Sphere","ascension_level":0}}