{"host":"c59zqhrgluvxuu0k","time":1609019346,"event":{"mods":["BaseMod","Better Altar","Better Third Choice","BetterRewards","Colored Map","Colored Powertips","Curses Come First","Downfall","Duelist Mod","Friendly Minions","Hermit","Hubris","Minty Spire (QoL Compilation)","Replay The Spire","Shop Mod","Spicy Shops","StSLib","The Administrix","The Blackbeard","The Cursed","The Death Knight","The Dragon Tamer","The Druid","The Jungle","The Runesmith","The Wild Card"],"gold_per_floor":[118,137,137,60,60,90,103,30,56,77,113,132,132,132,132,237,537,559,559,559,609,655,655,688,688,713,713,739,764,255,277,277,381,381,405,430,8,18,18,60,60,83,138,179,206,222,222,242,242,249],"floor_reached":51,"playtime":6356,"items_purged":[],"score":685,"play_id":"00efeac1-ee44-4be3-9d13-e2e026150c28","local_time":"20201226144906","is_ascension_mode":false,"campfire_choices":[{"data":"hermit:Combo","floor":15,"key":"SMITH"},{"data":"hermit:Vantage","floor":23,"key":"SMITH"},{"floor":25,"key":"RECALL"},{"data":"hermit:Scavenge","floor":27,"key":"SMITH"},{"data":"hermit:Determination","floor":32,"key":"SMITH"},{"data":"hermit:Dissolve","floor":41,"key":"SMITH"},{"data":"hermit:Gestalt","floor":49,"key":"SMITH"}],"circlet_count":0,"master_deck":["hermit:Strike_Hermit","hermit:Strike_Hermit","hermit:Strike_Hermit","hermit:Strike_Hermit","hermit:Defend_Hermit","hermit:Defend_Hermit","hermit:Defend_Hermit","hermit:Defend_Hermit","hermit:Snapshot","hermit:Covet+1","hermit:Combo+1","hermit:Ricochet","hermit:TakeAim+1","theWildCard:Arsene","hermit:Scavenge+1","hermit:Vantage+1","hermit:BigShot","hermit:RoundhouseKick+1","hermit:Dissolve+1","CurseOfTheBell","hermit:FlashPowder+1","hermit:Glare","hermit:Gestalt+1","hermit:Determination","hermit:Determination+1","hermit:ShadowCloak+1","hermit:Dissolve+1","hermit:Horror+1","hermit:Gambit"],"relics":["hermit:Momento","Orichalcum","Bag of Preparation","Calling Bell","Tiny Chest","Replay:Bottled Steam","Old Coin","Blood Vial","Blood Vial","Pocketwatch","Dream Catcher","Replay:Baseball","hermit:PetGhost","Bag of Marbles","Philosopher\u0027s Stone","ReplayTheSpireMod:Lightbulb","DeathKnight:SindragosasSkull","Anchor","Guide Book","Boot","Happy Flower","hubris:Potato","hubris:DeckOfHolding"],"acts_visited":["Exordium","TheCity","TheBeyond"],"potions_floor_usage":[11,11,18,31,33,38,38,45,48,50,50],"damage_taken":[{"damage":0,"enemies":"2 Louse","floor":1,"turns":2},{"damage":0,"enemies":"Cultist","floor":2,"turns":4},{"damage":18,"enemies":"Gremlin Nob","floor":6,"turns":4},{"damage":3,"enemies":"Jaw Worm","floor":7,"turns":4},{"damage":4,"enemies":"Large Slime","floor":10,"turns":6},{"damage":13,"enemies":"Lagavulin","floor":11,"turns":7},{"damage":0,"enemies":"2 Fungi Beasts","floor":12,"turns":3},{"damage":0,"enemies":"Slime Boss","floor":16,"turns":4},{"damage":13,"enemies":"Shell Parasite","floor":18,"turns":7},{"damage":1,"enemies":"theDuelist:KaibaA2","floor":24,"turns":6},{"damage":0,"enemies":"Spheric Guardian","floor":28,"turns":7},{"damage":3,"enemies":"Centurion and Healer","floor":29,"turns":8},{"damage":10,"enemies":"Snecko","floor":31,"turns":6},{"damage":2,"enemies":"Automaton","floor":33,"turns":9},{"damage":2,"enemies":"3 Shapes","floor":35,"turns":8},{"damage":4,"enemies":"3 Darklings","floor":38,"turns":4},{"damage":0,"enemies":"Giant Head","floor":40,"turns":7},{"damage":1,"enemies":"Maw","floor":42,"turns":8},{"damage":0,"enemies":"Nemesis","floor":44,"turns":6},{"damage":32,"enemies":"Transient","floor":45,"turns":5},{"damage":0,"enemies":"Sphere and 2 Shapes","floor":46,"turns":4},{"damage":2,"enemies":"Jaw Worm Horde","floor":48,"turns":3},{"damage":0,"enemies":"Replay:Hell Engine","floor":50,"turns":11}],"seed_played":"1503782983930422524","potions_obtained":[{"floor":2,"key":"Energy Potion"},{"floor":10,"key":"Adrenaline Potion"},{"floor":12,"key":"FearPotion"},{"floor":16,"key":"DeathKnight:RimePotion"},{"floor":24,"key":"Strength Potion"},{"floor":28,"key":"Swift Potion"},{"floor":33,"key":"AttackPotion"},{"floor":35,"key":"BlessingOfTheForge"},{"floor":38,"key":"Dexterity Potion"},{"floor":40,"key":"SteroidPotion"},{"floor":42,"key":"Dexterity Potion"},{"floor":46,"key":"PowerPotion"},{"floor":48,"key":"champ:CounterPotion"}],"is_trial":false,"path_per_floor":["M","M","?","$","?","E","M","$","T","M","E","M","?","?","R","B",null,"M","?","?","?","T","R","E","R","T","R","M","M","$","M","R","B",null,"M","T","$","M","?","E","R","M","T","E","M","M","T","M","R","B",null],"character_chosen":"HERMIT","items_purchased":["hermit:TakeAim","hermit:BigShot","hermit:Determination","Replay:Baseball","hermit:PetGhost","Bag of Marbles","DeathKnight:SindragosasSkull","Anchor","Guide Book"],"campfire_rested":0,"item_purchase_floors":[4,8,30,30,30,30,37,37,37],"current_hp_per_floor":[75,75,75,75,75,57,54,54,54,50,37,37,42,42,42,42,80,67,46,46,46,46,46,49,49,49,49,53,54,54,48,48,50,80,78,78,78,76,76,80,80,79,79,80,48,52,52,54,54,58],"gold":249,"neow_bonus":"UPGRADE_CARD","is_daily":false,"chose_seed":false,"campfire_upgraded":6,"win_rate":0.0,"timestamp":1609019346,"path_taken":["M","M","?","?","?","E","M","$","T","M","E","M","?","?","R","BOSS","M","?","?","?","?","R","E","R","T","R","M","?","?","?","R","BOSS","M","?","?","M","?","E","R","M","T","E","?","M","?","M","R","BOSS"],"items_purchased_type":["Card","Card","Card","Relic","Relic","Relic","Relic","Relic","Relic"],"build_version":"2020-12-22","purchased_purges":0,"victory":true,"max_hp_per_floor":[75,75,75,75,75,75,75,75,75,75,75,75,80,80,80,80,80,80,80,80,80,80,80,80,80,80,80,80,80,80,80,80,80,80,80,80,80,80,80,80,80,80,80,80,80,80,80,80,80,80],"card_choices":[{"not_picked":["hermit:Misfire","hermit:Glare"],"picked":"hermit:Combo","floor":1},{"not_picked":["hermit:Feint","hermit:Spite"],"picked":"hermit:Ricochet","floor":2},{"not_picked":["hermit:Ricochet","hermit:Desperado"],"picked":"hermit:Scavenge","floor":6},{"not_picked":["hermit:Feint","hermit:CalledShot"],"picked":"hermit:Vantage","floor":7},{"not_picked":["hermit:Desperado","hermit:Misfire","hermit:Dive"],"picked":"SKIP","floor":10},{"not_picked":["hermit:Snipe","hermit:Desperado"],"picked":"hermit:RoundhouseKick","floor":11},{"not_picked":["hermit:Misfire","hermit:Maintenance","hermit:Snipe"],"picked":"SKIP","floor":12},{"not_picked":["hermit:FromBeyond","hermit:DeadOrAlive"],"picked":"hermit:Dissolve","floor":16},{"not_picked":["hermit:Coalescence","hermit:ShadowCloak"],"picked":"hermit:FlashPowder","floor":18},{"not_picked":["hermit:Coalescence","hermit:Feint","hermit:HighCaliber"],"picked":"SKIP","floor":24},{"not_picked":["hermit:Headshot+1","hermit:Desperado"],"picked":"hermit:Glare","floor":28},{"not_picked":["hermit:SprayPray","hermit:Quickdraw"],"picked":"hermit:Gestalt","floor":29},{"not_picked":["hermit:HighCaliber","hermit:TakeCover"],"picked":"hermit:ShadowCloak+1","floor":31},{"not_picked":["hermit:FatalDesire","hermit:Adapt"],"picked":"hermit:Dissolve","floor":33},{"not_picked":["hermit:Vantage","hermit:Shortfuse+1"],"picked":"hermit:Horror+1","floor":35},{"not_picked":["hermit:Horror+1","hermit:LowProfile+1","hermit:Misfire"],"picked":"SKIP","floor":38},{"not_picked":["hermit:WideOpen","hermit:Coalescence","hermit:Glare"],"picked":"SKIP","floor":40},{"not_picked":["hermit:Desperado+1","hermit:Headshot"],"picked":"hermit:Gambit","floor":42},{"not_picked":["hermit:LuckOfTheDraw+1","hermit:Magnum","hermit:CursedWeapon+1"],"picked":"SKIP","floor":44},{"not_picked":["hermit:ItchyTrigger+1","hermit:Roulette","hermit:Coalescence+1"],"picked":"SKIP","floor":45},{"not_picked":["hermit:NoHoldsBarred+1","hermit:Feint+1","hermit:Ricochet"],"picked":"SKIP","floor":46},{"not_picked":["hermit:LoneWolf","hermit:Grudge","hermit:Shortfuse"],"picked":"SKIP","floor":48}],"player_experience":2179779,"relics_obtained":[{"floor":6,"key":"Orichalcum"},{"floor":11,"key":"Bag of Preparation"},{"floor":17,"key":"Tiny Chest"},{"floor":17,"key":"Replay:Bottled Steam"},{"floor":17,"key":"Old Coin"},{"floor":22,"key":"Blood Vial"},{"floor":24,"key":"Pocketwatch"},{"floor":26,"key":"Dream Catcher"},{"floor":36,"key":"ReplayTheSpireMod:Lightbulb"},{"floor":40,"key":"Boot"},{"floor":43,"key":"Happy Flower"},{"floor":44,"key":"hubris:Potato"},{"floor":47,"key":"hubris:DeckOfHolding"}],"event_choices":[{"damage_healed":0,"gold_gain":0,"player_choice":"Bought 0 Potions","damage_taken":0,"max_hp_gain":0,"max_hp_loss":0,"event_name":"The Woman in Blue","floor":3,"gold_loss":0},{"damage_healed":0,"gold_gain":0,"player_choice":"Donut","damage_taken":0,"max_hp_gain":5,"max_hp_loss":0,"event_name":"Big Fish","floor":13,"gold_loss":0},{"damage_healed":0,"gold_gain":0,"player_choice":"Leave","damage_taken":0,"max_hp_gain":0,"max_hp_loss":0,"event_name":"The Cleric","floor":14,"gold_loss":0},{"damage_healed":0,"gold_gain":0,"player_choice":" Vial ","damage_taken":21,"relics_obtained":["Blood Vial"],"max_hp_gain":67,"max_hp_loss":46,"event_name":"betterAltar:BetterAltar","floor":19,"potions_obtained":[],"relics_lost":[],"gold_loss":0},{"damage_healed":0,"gold_gain":100,"player_choice":"Bet on Murderer","damage_taken":0,"max_hp_gain":0,"max_hp_loss":0,"event_name":"The Joust","floor":21,"gold_loss":50},{"damage_healed":0,"gold_gain":0,"player_choice":"Upgraded","damage_taken":0,"max_hp_gain":0,"max_hp_loss":0,"event_name":"Upgrade Shrine","floor":39,"gold_loss":0,"cards_upgraded":["hermit:TakeAim"]}],"is_beta":false,"boss_relics":[{"not_picked":["Pandora\u0027s Box","Replay:Fungal Core"],"picked":"Calling Bell"},{"not_picked":["Replay:Bronze Core","Black Star"],"picked":"Philosopher\u0027s Stone"}],"items_purged_floors":[],"is_endless":false,"potions_floor_spawned":[2,10,12,16,24,28,33,35,38,40,42,46,48],"ascension_level":0}}