{"host":"qgrlfjrqk9z96gfi","time":1609005544,"event":{"mods":["BaseMod","Block Reminder","Colored Map","DeckTracker","Minty Spire (QoL Compilation)"],"gold_per_floor":[109,109,122,132,151,186,186,205,281,297,313,313,293,320,320,393,393,408,420,436,436,436,436],"floor_reached":22,"playtime":952,"items_purged":[],"score":400,"play_id":"5e68c5bb-bc97-4190-8d0f-a63c641a6691","local_time":"20201226075904","is_ascension_mode":true,"campfire_choices":[{"floor":7,"key":"REST"},{"data":"Bouncing Flask","floor":12,"key":"SMITH"},{"floor":15,"key":"REST"}],"circlet_count":0,"master_deck":["AscendersBane","Strike_G","Defend_G","Defend_G","Defend_G","Defend_G","Defend_G","Survivor","Neutralize","Panacea","Quick Slash","Bouncing Flask+1","Dagger Spray","Deadly Poison","Skewer","After Image+1","Acrobatics","Night Terror","Dodge and Roll+1","Deflect+1","Prepared+1","Crippling Poison","Deadly Poison","Noxious Fumes+1"],"relics":["Ring of the Snake","Mango","Frozen Egg 2","Gambling Chip","Astrolabe"],"acts_visited":["Exordium","TheCity"],"potions_floor_usage":[6,14,16,19],"damage_taken":[{"damage":12,"enemies":"Small Slimes","floor":1,"turns":5},{"damage":4,"enemies":"Cultist","floor":3,"turns":4},{"damage":6,"enemies":"2 Louse","floor":4,"turns":3},{"damage":8,"enemies":"Exordium Wildlife","floor":5,"turns":5},{"damage":42,"enemies":"Gremlin Nob","floor":6,"turns":4},{"damage":29,"enemies":"Exordium Thugs","floor":8,"turns":7},{"damage":5,"enemies":"Red Slaver","floor":10,"turns":3},{"damage":0,"enemies":"Looter","floor":11,"turns":3},{"damage":11,"enemies":"Lagavulin","floor":14,"turns":7},{"damage":27,"enemies":"Slime Boss","floor":16,"turns":8},{"damage":0,"enemies":"Chosen","floor":18,"turns":6},{"damage":12,"enemies":"3 Byrds","floor":19,"turns":7},{"damage":17,"enemies":"Snake Plant","floor":20,"turns":5},{"damage":47,"enemies":"Cultist and Chosen","floor":22,"turns":4}],"seed_played":"-2014262777818554171","potions_obtained":[{"floor":1,"key":"FairyPotion"},{"floor":4,"key":"DuplicationPotion"},{"floor":10,"key":"Regen Potion"},{"floor":11,"key":"SteroidPotion"},{"floor":18,"key":"Strength Potion"}],"is_trial":false,"path_per_floor":["M","?","M","M","M","E","R","M","T","M","M","R","?","E","R","B",null,"M","M","M","?","M"],"character_chosen":"THE_SILENT","items_purchased":[],"campfire_rested":2,"item_purchase_floors":[],"current_hp_per_floor":[47,47,43,37,29,33,57,28,28,23,23,23,23,27,51,24,66,66,54,37,37,0,0],"gold":436,"neow_bonus":"RANDOM_COLORLESS","is_daily":false,"chose_seed":false,"campfire_upgraded":1,"win_rate":0.0,"timestamp":1609005544,"path_taken":["M","?","M","?","M","E","R","M","T","M","M","R","?","E","R","BOSS","M","?","M","?","M"],"items_purchased_type":[],"build_version":"2020-12-22","purchased_purges":0,"victory":false,"max_hp_per_floor":[66,66,66,66,66,80,80,80,80,80,80,80,80,80,80,80,80,80,80,80,80,80,80],"card_choices":[{"not_picked":["Purity","Trip"],"picked":"Panacea","floor":0},{"not_picked":["Underhanded Strike","Dodge and Roll"],"picked":"Quick Slash","floor":1},{"not_picked":["Catalyst","Riddle With Holes"],"picked":"Bouncing Flask","floor":3},{"not_picked":["Underhanded Strike","Blade Dance"],"picked":"Dagger Spray","floor":4},{"not_picked":["Bouncing Flask","All Out Attack"],"picked":"Deadly Poison","floor":5},{"not_picked":["Dagger Throw","Quick Slash"],"picked":"Skewer","floor":6},{"not_picked":["Terror","Tactician","Endless Agony"],"picked":"SKIP","floor":8},{"not_picked":["PiercingWail","Underhanded Strike"],"picked":"After Image+1","floor":10},{"not_picked":["Prepared","Distraction"],"picked":"Acrobatics","floor":11},{"not_picked":["Underhanded Strike","Slice","Riddle With Holes"],"picked":"SKIP","floor":14},{"not_picked":["Burst","Unload"],"picked":"Night Terror","floor":16},{"not_picked":["Blade Dance","Dagger Throw","Prepared"],"picked":"SKIP","floor":18},{"not_picked":["Tactician","Dodge and Roll"],"picked":"Crippling Poison","floor":19},{"not_picked":["Outmaneuver","All Out Attack"],"picked":"Deadly Poison","floor":20}],"player_experience":944395,"relics_obtained":[{"floor":6,"key":"Mango"},{"floor":9,"key":"Frozen Egg 2"},{"floor":14,"key":"Gambling Chip"}],"event_choices":[{"cards_removed":["Strike_G"],"damage_healed":0,"gold_gain":0,"player_choice":"Offered Basic","damage_taken":0,"max_hp_gain":0,"max_hp_loss":0,"event_name":"Bonfire Elementals","floor":2,"gold_loss":0},{"damage_healed":0,"gold_gain":0,"player_choice":"Bought 1 Potion","damage_taken":0,"max_hp_gain":0,"max_hp_loss":0,"event_name":"The Woman in Blue","floor":13,"gold_loss":0},{"damage_healed":0,"gold_gain":0,"player_choice":"Read","damage_taken":0,"max_hp_gain":0,"max_hp_loss":0,"event_name":"The Library","floor":21,"gold_loss":0,"cards_obtained":["Noxious Fumes"]}],"is_beta":false,"boss_relics":[{"not_picked":["Snecko Eye","Ring of the Serpent"],"picked":"Astrolabe"}],"items_purged_floors":[],"is_endless":false,"potions_floor_spawned":[1,4,5,10,11,18],"killed_by":"Cultist and Chosen","ascension_level":20}}