{"host":"8f5cu9y0fpol72qs","time":1609020989,"event":{"mods":["BaseMod","Colored Map","Highlight Path","Minty Spire (QoL Compilation)","StSLib"],"gold_per_floor":[19,119,7,27,41,41,67,85,156,186,205,222,222,104,104,209,209,227,227,227,247,260,294,294,327,327,346,346,226,138,88,88,191,191,203,203,203,8,24,56,56,69,69,81,81,115,115,148,148,148,148,148,0,28,28],"floor_reached":56,"playtime":4092,"items_purged":["Strike_R","Strike_R","Decay","Bite","Defend_R","Bite","Cleave"],"score":1775,"play_id":"f9ac7729-4de5-4a2f-a2b1-ec42dc6e46ef","local_time":"20201226141629","is_ascension_mode":true,"campfire_choices":[{"data":"Combust","floor":6.0,"key":"SMITH"},{"data":"Inflame","floor":13.0,"key":"SMITH"},{"data":"Feed","floor":15.0,"key":"SMITH"},{"data":"Barricade","floor":28.0,"key":"SMITH"},{"data":"Feel No Pain","floor":32,"key":"SMITH"},{"data":"Metallicize","floor":41,"key":"SMITH"},{"data":"Shockwave","floor":45,"key":"SMITH"},{"floor":47,"key":"RECALL"},{"data":"Disarm","floor":49,"key":"SMITH"},{"data":"Pommel Strike","floor":52,"key":"SMITH"}],"circlet_count":0,"master_deck":["AscendersBane","Defend_R","Defend_R","Bash","Combust+1","Pommel Strike+1","Disarm+1","Flame Barrier","Metallicize+1","Inflame+1","Feed+1","Corruption","Shrug It Off","Bite","Bite","Clothesline","Rampage+1","Barricade+1","Flame Barrier+1","Dark Embrace","Feel No Pain+1","Reaper","Shockwave+1","Flame Barrier+1","Limit Break"],"relics":["Burning Blood","Incense Burner","Pantograph","Smiling Mask","Cursed Key","Gambling Chip","Strawberry","Charon\u0027s Ashes","SlaversCollar","Lee\u0027s Waffle","Dream Catcher","Boot","Turnip","Bird Faced Urn"],"acts_visited":["Exordium","TheCity","TheBeyond","TheEnding"],"potions_floor_usage":[33,46,55,55,55],"damage_taken":[{"damage":2.0,"enemies":"Jaw Worm","floor":1.0,"turns":3.0},{"damage":4.0,"enemies":"Cultist","floor":4.0,"turns":3.0},{"damage":0.0,"enemies":"Small Slimes","floor":5.0,"turns":3.0},{"damage":34.0,"enemies":"Gremlin Nob","floor":7.0,"turns":4.0},{"damage":11.0,"enemies":"Exordium Wildlife","floor":8.0,"turns":4.0},{"damage":4.0,"enemies":"3 Sentries","floor":10.0,"turns":4.0},{"damage":6.0,"enemies":"Exordium Thugs","floor":11.0,"turns":4.0},{"damage":17.0,"enemies":"Large Slime","floor":12.0,"turns":6.0},{"damage":59.0,"enemies":"Hexaghost","floor":16.0,"turns":13.0},{"damage":19.0,"enemies":"Spheric Guardian","floor":18.0,"turns":4.0},{"damage":17.0,"enemies":"2 Thieves","floor":21.0,"turns":5.0},{"damage":3.0,"enemies":"Snake Plant","floor":22.0,"turns":5.0},{"damage":65.0,"enemies":"Slavers","floor":23.0,"turns":7.0},{"damage":19.0,"enemies":"Gremlin Leader","floor":25.0,"turns":6.0},{"damage":21.0,"enemies":"Cultist and Chosen","floor":27.0,"turns":9.0},{"damage":67,"enemies":"Automaton","floor":33,"turns":13},{"damage":51,"enemies":"3 Darklings","floor":35,"turns":4},{"damage":18,"enemies":"Orb Walker","floor":39,"turns":5},{"damage":13,"enemies":"Nemesis","floor":40,"turns":11},{"damage":10,"enemies":"Maw","floor":42,"turns":10},{"damage":46,"enemies":"Sphere and 2 Shapes","floor":44,"turns":7},{"damage":28,"enemies":"Giant Head","floor":46,"turns":10},{"damage":20,"enemies":"Nemesis","floor":48,"turns":7},{"damage":36,"enemies":"Time Eater","floor":50,"turns":14},{"damage":26,"enemies":"Shield and Spear","floor":54,"turns":8},{"damage":127,"enemies":"The Heart","floor":55,"turns":10}],"seed_played":"7953775528854523698","potions_obtained":[{"floor":7.0,"key":"Block Potion"},{"floor":10.0,"key":"EssenceOfSteel"},{"floor":12.0,"key":"Block Potion"},{"floor":22.0,"key":"Strength Potion"},{"floor":27.0,"key":"Energy Potion"},{"floor":33,"key":"LiquidBronze"},{"floor":35,"key":"Explosive Potion"},{"floor":42,"key":"Energy Potion"}],"is_trial":false,"path_per_floor":["M","?","$","M","M","R","E","M","T","E","M","M","R","$","R","B",null,"M","?","?","M","M","E","?","E","T","M","R","$","$","$","R","B",null,"M","?","?","$","M","E","R","M","T","M","R","E","R","E","R","B",null,"R","$","E","B",null],"character_chosen":"IRONCLAD","items_purchased":["Combust","Feed","Dark Embrace","Feel No Pain","Lee\u0027s Waffle","HeartOfIron"],"campfire_rested":0,"item_purchase_floors":[3,14,29,30,38,53],"current_hp_per_floor":[92,92,92,94,96,96,68,63,63,65,65,54,54,54,54,26,79,70,69,69,70,77,37,66,67,67,64,64,64,64,64,64,50,82,47,47,47,99,101,100,100,107,107,73,73,78,78,78,78,81,104,104,104,94,25],"gold":28,"neow_bonus":"TWENTY_PERCENT_HP_BONUS","is_daily":false,"chose_seed":false,"campfire_upgraded":9,"win_rate":0.0,"timestamp":1609020989,"path_taken":["M","?","?","M","M","R","E","?","T","E","M","M","R","$","R","BOSS","M","?","?","M","M","E","?","E","T","?","R","$","?","$","R","BOSS","M","?","?","$","?","E","R","M","T","M","R","E","R","E","R","BOSS","R","$","E","BOSS"],"items_purchased_type":["Card","Card","Card","Card","Relic","Potion"],"build_version":"2020-12-22","purchased_purges":7,"victory":true,"max_hp_per_floor":[96,96,96,96,96,96,96,96,96,96,96,96,96,96,96,96,96,100,69,69,73,77,88,88,92,92,92,92,92,92,92,92,92,92,92,92,92,99,103,103,103,107,107,111,111,111,111,111,111,111,111,111,111,111,111],"card_choices":[{"not_picked":["Twin Strike","Wild Strike"],"picked":"Cleave","floor":1.0},{"not_picked":["Fire Breathing","Feel No Pain"],"picked":"Pommel Strike","floor":4.0},{"not_picked":["Clash","Warcry"],"picked":"Disarm","floor":5.0},{"not_picked":["Disarm","Wild Strike"],"picked":"Flame Barrier","floor":7.0},{"not_picked":["Sever Soul","Perfected Strike","Twin Strike"],"picked":"SKIP","floor":8.0},{"not_picked":["Clash","Reckless Charge"],"picked":"Metallicize","floor":10.0},{"not_picked":["Twin Strike","Heavy Blade","Perfected Strike"],"picked":"SKIP","floor":11.0},{"not_picked":["Clash","Headbutt"],"picked":"Inflame","floor":12.0},{"not_picked":["Brutality","Fiend Fire"],"picked":"Corruption","floor":16.0},{"not_picked":["Armaments+1","Pommel Strike"],"picked":"Shrug It Off","floor":18.0},{"not_picked":["Flex","Anger+1"],"picked":"Clothesline","floor":21.0},{"not_picked":["Dropkick","Reckless Charge"],"picked":"Rampage+1","floor":22.0},{"not_picked":["Sword Boomerang","Clothesline+1"],"picked":"Barricade","floor":23.0},{"not_picked":["Clothesline","Cleave+1"],"picked":"Flame Barrier+1","floor":25.0},{"not_picked":["Sever Soul","Searing Blow","Cleave"],"picked":"SKIP","floor":27.0},{"not_picked":["Feed","Barricade"],"picked":"Reaper","floor":33},{"not_picked":["Bloodletting","Clothesline"],"picked":"Shockwave","floor":35},{"not_picked":["Clash","Anger","Pommel Strike"],"picked":"SKIP","floor":39},{"not_picked":["Twin Strike+1","Cleave","Warcry"],"picked":"SKIP","floor":40},{"not_picked":["Clash","Searing Blow+1","Second Wind+1"],"picked":"SKIP","floor":42},{"not_picked":["Heavy Blade+1","Twin Strike","Sword Boomerang+1"],"picked":"SKIP","floor":44},{"not_picked":["Hemokinesis","Body Slam","Dropkick+1"],"picked":"SKIP","floor":46},{"not_picked":["Clothesline","Thunderclap"],"picked":"Flame Barrier+1","floor":48},{"not_picked":["Offering","Carnage+1"],"picked":"Limit Break","floor":54}],"player_experience":696063,"relics_obtained":[{"floor":7.0,"key":"Incense Burner"},{"floor":9.0,"key":"Pantograph"},{"floor":10.0,"key":"Smiling Mask"},{"floor":23.0,"key":"Strawberry"},{"floor":25.0,"key":"Charon\u0027s Ashes"},{"floor":40,"key":"Dream Catcher"},{"floor":46,"key":"Boot"},{"floor":48,"key":"Turnip"},{"floor":54,"key":"Bird Faced Urn"}],"event_choices":[{"damage_healed":0.0,"max_hp_gain":0.0,"max_hp_loss":0.0,"gold_gain":100.0,"event_name":"Wheel of Change","player_choice":"Gold","floor":2.0,"gold_loss":0.0,"damage_taken":0.0},{"damage_healed":0.0,"max_hp_gain":0.0,"max_hp_loss":31.0,"gold_gain":0.0,"event_name":"Vampires","player_choice":"Became a vampire","floor":19.0,"gold_loss":0.0,"damage_taken":0.0,"cards_obtained":["Bite","Bite","Bite","Bite","Bite"]},{"damage_healed":0.0,"max_hp_gain":0.0,"max_hp_loss":0.0,"gold_gain":0.0,"event_name":"The Mausoleum","player_choice":"Opened","floor":20.0,"gold_loss":0.0,"damage_taken":0.0,"relics_obtained":["Gambling Chip"]},{"damage_healed":29.0,"max_hp_gain":0.0,"max_hp_loss":0.0,"gold_gain":0.0,"event_name":"The Library","player_choice":"Heal","floor":24.0,"gold_loss":0.0,"damage_taken":0.0},{"cards_removed":["Bite"],"damage_healed":0,"gold_gain":0,"player_choice":"Removed Attack","damage_taken":0,"max_hp_gain":0,"max_hp_loss":0,"event_name":"Falling","floor":36,"gold_loss":0},{"cards_removed":["Defend_R"],"damage_healed":0,"gold_gain":0,"player_choice":"Offered Basic","damage_taken":0,"max_hp_gain":0,"max_hp_loss":0,"event_name":"Bonfire Elementals","floor":37,"gold_loss":0}],"is_beta":false,"boss_relics":[{"not_picked":["Mark of Pain","Runic Pyramid"],"picked":"Cursed Key"},{"not_picked":["Black Blood","Pandora\u0027s Box"],"picked":"SlaversCollar"}],"items_purged_floors":[3,14,29,30,31,38,53],"is_endless":false,"potions_floor_spawned":[7,10,12,22,27,33,35,42],"ascension_level":10}}