{"host":"90jl2h70xtuoeg0i","time":1609017229,"event":{"mods":["AchievementEnabler","BaseMod","Colored Map","Colored Powertips","Highlight Path","Minty Spire (QoL Compilation)","Relic Stats","ojb\u0027s Info Mod"],"gold_per_floor":[118,130,145,160,160,160,193,193,193,228,228,244,244,277,277,277,277],"floor_reached":16,"playtime":1475,"items_purged":[],"score":240,"play_id":"37cf1795-a930-41c5-baf4-9af0630158ca","local_time":"20201226161349","is_ascension_mode":true,"campfire_choices":[{"data":"Endless Agony","floor":6,"key":"SMITH"},{"floor":8,"key":"REST"},{"floor":11,"key":"REST"},{"data":"Phantasmal Killer","floor":13,"key":"SMITH"},{"data":"Skewer","floor":15,"key":"SMITH"}],"circlet_count":0,"master_deck":["AscendersBane","Strike_G","Strike_G","Strike_G","Strike_G","Strike_G","Defend_G","Defend_G","Defend_G","Defend_G","Defend_G","Survivor","Neutralize","PiercingWail","Endless Agony+1","Die Die Die","Phantasmal Killer+1","Blade Dance","Skewer+1"],"relics":["Ring of the Snake","White Beast Statue","The Courier","StrikeDummy","Bag of Preparation"],"acts_visited":["Exordium"],"potions_floor_usage":[10,14,16,16],"damage_taken":[{"damage":6,"enemies":"Cultist","floor":1,"turns":4},{"damage":3,"enemies":"Small Slimes","floor":2,"turns":5},{"damage":10,"enemies":"Jaw Worm","floor":3,"turns":7},{"damage":6,"enemies":"Exordium Thugs","floor":4,"turns":5},{"damage":65,"enemies":"Gremlin Nob","floor":7,"turns":6},{"damage":24,"enemies":"3 Sentries","floor":10,"turns":8},{"damage":0,"enemies":"Lots of Slimes","floor":12,"turns":2},{"damage":10,"enemies":"Lagavulin","floor":14,"turns":5},{"damage":26,"enemies":"Hexaghost","floor":16,"turns":9}],"seed_played":"7379872015381360746","potions_obtained":[{"floor":2,"key":"FairyPotion"},{"floor":3,"key":"Swift Potion"},{"floor":4,"key":"Explosive Potion"},{"floor":10,"key":"Fruit Juice"},{"floor":12,"key":"SkillPotion"},{"floor":14,"key":"AttackPotion"}],"is_trial":false,"path_per_floor":["M","M","M","M","?","R","E","R","T","E","R","M","R","E","R","B"],"character_chosen":"THE_SILENT","items_purchased":[],"campfire_rested":2,"item_purchase_floors":[],"current_hp_per_floor":[59,56,46,40,40,40,11,32,32,8,29,29,29,19,19,0,0],"gold":277,"neow_bonus":"TEN_PERCENT_HP_BONUS","is_daily":false,"chose_seed":false,"campfire_upgraded":3,"win_rate":0.0,"timestamp":1609017229,"path_taken":["M","?","M","M","?","R","E","R","T","E","R","M","R","E","R","BOSS"],"items_purchased_type":[],"build_version":"2020-12-22","purchased_purges":0,"victory":false,"max_hp_per_floor":[72,72,72,72,72,72,72,72,72,72,72,72,72,72,72,77,77],"relic_stats":{"counters":[9,51],"Bag of Preparation":[2],"obtain_stats":[{"The Courier":9,"Bag of Preparation":14,"StrikeDummy":10,"White Beast Statue":7,"Ring of the Snake":0},{"The Courier":5,"Bag of Preparation":8,"StrikeDummy":6,"White Beast Statue":5,"Ring of the Snake":0},{"The Courier":27,"Bag of Preparation":42,"StrikeDummy":35,"White Beast Statue":27,"Ring of the Snake":0}],"Ring of the Snake":[18]},"card_choices":[{"not_picked":["Backflip","Cloak And Dagger"],"picked":"PiercingWail","floor":1},{"not_picked":["Crippling Poison","PiercingWail"],"picked":"Endless Agony","floor":2},{"not_picked":["PiercingWail","Deflect","Slice"],"picked":"SKIP","floor":3},{"not_picked":["Slice","Outmaneuver","Bane"],"picked":"SKIP","floor":4},{"not_picked":["Poisoned Stab","Underhanded Strike"],"picked":"Die Die Die","floor":7},{"not_picked":["PiercingWail","Poisoned Stab"],"picked":"Phantasmal Killer","floor":10},{"not_picked":["Flying Knee","Backflip"],"picked":"Blade Dance","floor":12},{"not_picked":["Backstab","Backflip"],"picked":"Skewer","floor":14}],"player_experience":1411402,"relics_obtained":[{"floor":7,"key":"White Beast Statue"},{"floor":9,"key":"The Courier"},{"floor":10,"key":"StrikeDummy"},{"floor":14,"key":"Bag of Preparation"}],"event_choices":[{"damage_healed":0,"gold_gain":0,"player_choice":"Ignored","damage_taken":0,"max_hp_gain":0,"max_hp_loss":0,"event_name":"Liars Game","floor":5,"gold_loss":0}],"is_beta":false,"boss_relics":[],"items_purged_floors":[],"is_endless":false,"potions_floor_spawned":[2,3,4,10,12,14],"killed_by":"Hexaghost","ascension_level":20}}