{"host":"fne7yx97fnz7kq05","time":1609022451,"event":{"mods":["BaseMod","Colored Map","Colored Powertips","Highlight Path","Minty Spire (QoL Compilation)","Relic Stats"],"gold_per_floor":[115,115,132,146,41,41,69,69,69,97,97,107,107,107,107,181,181,199,28,41,52,52,52,71,98,98,131,159,159,192,208,208,208,208],"floor_reached":33,"playtime":1840,"items_purged":[],"score":608,"play_id":"7875d876-c841-42c3-b8ff-94a356ea5eca","local_time":"20201226164051","is_ascension_mode":true,"campfire_choices":[{"data":"Accuracy","floor":6,"key":"SMITH"},{"data":"After Image","floor":8,"key":"SMITH"},{"data":"Noxious Fumes","floor":13,"key":"SMITH"},{"data":"Blade Dance","floor":15,"key":"SMITH"},{"data":"Finisher","floor":23,"key":"SMITH"},{"floor":29,"key":"REST"},{"data":"After Image","floor":32,"key":"SMITH"}],"circlet_count":0,"master_deck":["AscendersBane","Strike_G","Strike_G","Defend_G","Defend_G","Defend_G","Defend_G","Defend_G","Survivor","Neutralize","Dagger Spray+1","Blade Dance+1","Accuracy+1","Blade Dance","Noxious Fumes+1","After Image+1","Backflip","Corpse Explosion","Finisher+1","Night Terror","Poisoned Stab","Crippling Poison","After Image+1","PiercingWail","Catalyst"],"relics":["Ring of the Snake","Matryoshka","Strawberry","Eternal Feather","Toy Ornithopter","Ancient Tea Set","Cursed Key","Nunchaku","Gremlin Horn","Kunai","Red Mask","Juzu Bracelet"],"acts_visited":["Exordium","TheCity"],"potions_floor_usage":[25,30],"damage_taken":[{"damage":0,"enemies":"2 Louse","floor":1,"turns":4},{"damage":4,"enemies":"Jaw Worm","floor":3,"turns":3},{"damage":0,"enemies":"Cultist","floor":4,"turns":2},{"damage":12,"enemies":"Lagavulin","floor":7,"turns":7},{"damage":15,"enemies":"Gremlin Nob","floor":10,"turns":4},{"damage":1,"enemies":"Blue Slaver","floor":12,"turns":4},{"damage":8,"enemies":"Hexaghost","floor":16,"turns":8},{"damage":11,"enemies":"2 Thieves","floor":18,"turns":2},{"damage":0,"enemies":"3 Byrds","floor":20,"turns":3},{"damage":23,"enemies":"Snake Plant","floor":21,"turns":5},{"damage":0,"enemies":"Sentry and Sphere","floor":24,"turns":2},{"damage":18,"enemies":"Gremlin Leader","floor":25,"turns":7},{"damage":18,"enemies":"Book of Stabbing","floor":27,"turns":5},{"damage":13,"enemies":"Masked Bandits","floor":28,"turns":4},{"damage":18,"enemies":"Gremlin Leader","floor":30,"turns":6},{"damage":0,"enemies":"Centurion and Healer","floor":31,"turns":4},{"damage":58,"enemies":"Collector","floor":33,"turns":7}],"seed_played":"179198805636032268","potions_obtained":[{"floor":0,"key":"Fire Potion"},{"floor":0,"key":"ColorlessPotion"},{"floor":4,"key":"Explosive Potion"},{"floor":16,"key":"SteroidPotion"},{"floor":25,"key":"Fire Potion"},{"floor":27,"key":"FairyPotion"}],"is_trial":false,"path_per_floor":["M","?","M","M","$","R","E","R","T","E","?","M","R","T","R","B",null,"M","$","M","M","?","R","M","E","T","E","?","R","E","M","R","B"],"character_chosen":"THE_SILENT","items_purchased":["Blade Dance","Noxious Fumes","Nunchaku"],"campfire_rested":1,"item_purchase_floors":[5,5,19],"current_hp_per_floor":[59,59,55,55,55,55,43,43,50,35,28,27,36,36,45,37,64,53,53,53,30,30,42,42,29,29,11,21,54,41,41,56,0,0],"gold":208,"neow_bonus":"THREE_SMALL_POTIONS","is_daily":false,"chose_seed":false,"campfire_upgraded":6,"win_rate":0.0,"timestamp":1609022451,"path_taken":["M","?","M","M","$","R","E","R","T","E","?","M","R","?","R","BOSS","M","$","M","?","?","R","M","E","T","E","?","R","E","M","R","BOSS"],"items_purchased_type":["Card","Card","Relic"],"build_version":"2020-12-22","purchased_purges":0,"victory":false,"max_hp_per_floor":[66,66,66,66,66,66,66,66,73,73,73,73,73,73,73,73,73,73,73,73,73,73,73,73,73,73,73,73,73,73,73,73,73,73],"relic_stats":{"Nunchaku":[16],"Gremlin Horn":[12,12],"counters":[17,77],"Eternal Feather":57,"Juzu Bracelet":0,"Kunai":[15],"Cursed Key":0,"obtain_stats":[{"Nunchaku":19,"Matryoshka":7,"Gremlin Horn":25,"Strawberry":9,"Eternal Feather":10,"Red Mask":28,"Juzu Bracelet":30,"Kunai":27,"Ancient Tea Set":14,"Cursed Key":17,"Toy Ornithopter":14,"Ring of the Snake":0},{"Nunchaku":8,"Matryoshka":4,"Gremlin Horn":12,"Strawberry":4,"Eternal Feather":5,"Red Mask":14,"Juzu Bracelet":15,"Kunai":13,"Ancient Tea Set":6,"Cursed Key":7,"Toy Ornithopter":6,"Ring of the Snake":0},{"Nunchaku":34,"Matryoshka":16,"Gremlin Horn":51,"Strawberry":16,"Eternal Feather":20,"Red Mask":60,"Juzu Bracelet":66,"Kunai":56,"Ancient Tea Set":24,"Cursed Key":32,"Toy Ornithopter":24,"Ring of the Snake":0}],"Toy Ornithopter":10,"Ring of the Snake":[34]},"card_choices":[{"not_picked":["Flying Knee","Leg Sweep"],"picked":"Dagger Spray","floor":1},{"not_picked":["Caltrops","Endless Agony"],"picked":"Blade Dance","floor":3},{"not_picked":["Acrobatics","Predator"],"picked":"Accuracy","floor":4},{"not_picked":["Poisoned Stab","Choke"],"picked":"After Image","floor":7},{"not_picked":["Eviscerate","Prepared","Dodge and Roll"],"picked":"SKIP","floor":10},{"not_picked":["Riddle With Holes","Dagger Throw"],"picked":"Backflip","floor":12},{"not_picked":["Wraith Form v2","Die Die Die"],"picked":"Corpse Explosion","floor":16},{"not_picked":["Sucker Punch","Bane","Well Laid Plans"],"picked":"SKIP","floor":18},{"not_picked":["Poisoned Stab","Underhanded Strike"],"picked":"Finisher","floor":20},{"not_picked":["Heel Hook","All Out Attack","Poisoned Stab+1"],"picked":"SKIP","floor":21},{"not_picked":["Dash","Slice"],"picked":"Crippling Poison","floor":24},{"not_picked":["Eviscerate","Deflect","Flechettes+1"],"picked":"SKIP","floor":25},{"not_picked":["Doppelganger","Prepared"],"picked":"After Image","floor":27},{"not_picked":["Flying Knee","Skewer"],"picked":"PiercingWail","floor":30},{"not_picked":["Predator+1","Flying Knee"],"picked":"Catalyst","floor":31}],"player_experience":220158,"relics_obtained":[{"floor":7,"key":"Matryoshka"},{"floor":9,"key":"Strawberry"},{"floor":10,"key":"Eternal Feather"},{"floor":14,"key":"Toy Ornithopter"},{"floor":14,"key":"Ancient Tea Set"},{"floor":25,"key":"Gremlin Horn"},{"floor":27,"key":"Kunai"},{"floor":28,"key":"Red Mask"},{"floor":30,"key":"Juzu Bracelet"}],"event_choices":[{"damage_healed":0,"gold_gain":0,"player_choice":"Grow","damage_taken":0,"max_hp_gain":0,"max_hp_loss":0,"event_name":"Living Wall","floor":2,"gold_loss":0,"cards_upgraded":["Dagger Spray"]},{"cards_removed":["Strike_G"],"damage_healed":0,"gold_gain":0,"player_choice":"Card Removal","damage_taken":7,"max_hp_gain":0,"max_hp_loss":0,"event_name":"Golden Wing","floor":11,"gold_loss":0},{"damage_healed":0,"gold_gain":0,"cards_transformed":["Strike_G","Strike_G"],"player_choice":"Became Test Subject","damage_taken":0,"max_hp_gain":0,"max_hp_loss":0,"event_name":"Drug Dealer","floor":22,"gold_loss":0,"cards_obtained":["Night Terror","Poisoned Stab"]},{"damage_healed":0,"gold_gain":0,"player_choice":"Fought Bandits","damage_taken":0,"max_hp_gain":0,"max_hp_loss":0,"event_name":"Masked Bandits","floor":28,"gold_loss":0}],"is_beta":false,"boss_relics":[{"not_picked":["Coffee Dripper","Tiny House"],"picked":"Cursed Key"}],"items_purged_floors":[],"is_endless":false,"potions_floor_spawned":[3,4,10,16,18,24,25,27],"killed_by":"Collector","ascension_level":16}}