{"host":"64agj841g523yxf2","time":1609017870,"event":{"mods":["BaseMod","Hermit","Minty Spire (QoL Compilation)","Remilia??????","Replay The Spire","StSLib","SuperFastMode","Td1madao Mod","The Bug Knight","The Construct","The Cursed","The Disciple","The Hierophant","The Mystic","The Necromancer","The Poker Player","The Senshi","The Servant 0.9.4","Yuyuko"],"gold_per_floor":[113,321,331,331,343,343,378,378,378,453,453,470,486,20,20,116,116,153,163,177,102,102,102,132,47,71,71,71,20,20,30,30,153,153,153,153],"floor_reached":35,"playtime":2460,"items_purged":["Decay"],"score":423,"play_id":"3fa758bd-d419-4545-b094-e076f6499616","local_time":"20201226222430","is_ascension_mode":false,"campfire_choices":[{"data":"ScarletShoot","floor":6,"key":"SMITH"},{"data":"StarOfDavid","floor":8,"key":"SMITH"},{"floor":15,"key":"REST"},{"data":"Apotheosis","floor":23,"key":"SMITH"},{"data":"ScarletDream","floor":28,"key":"SMITH"},{"data":"ScarletImprint","floor":30,"key":"SMITH"},{"floor":32,"key":"REST"}],"circlet_count":0,"master_deck":["Strike_RM+1","Strike_RM","Strike_RM","Defend_RM","Defend_RM","Defend_RM","Defend_RM","RedMoon","ScarletShoot+1","DiffusionOfMisfortune","MiserableFate+1","MillenniumVampire","StarOfDavid+1","DiffusionOfMisfortune","FavorOfDestiny","Maim","ScarletDevil+1","ScarletDevil","Apotheosis+1","Flash of Steel","Dark Shackles","TricksterDevil","ScarletDevilSign","ScarletDream+1","VampireKiss","ScarletImprint+1","CharismaGuard","HeartBreak"],"relics":["ScarletHat","NeowsBlessing","Replay:Accelerometer","Replay:Wax Seal","Regal Pillow","ReplayTheSpireMod:ShopPack","ScarletEmblem","theSenshi:SailorFukuRelic","PreservedInsect","Unceasing Top","Gremlin Food","InkBottle","ChewingGum"],"acts_visited":["Exordium","TheCity","TheBeyond"],"potions_floor_usage":[18,20,24,33],"damage_taken":[{"damage":0,"enemies":"Jaw Worm","floor":1,"turns":1},{"damage":0,"enemies":"Cultist","floor":3,"turns":2},{"damage":0,"enemies":"2 Louse","floor":5,"turns":1},{"damage":12,"enemies":"Lagavulin","floor":7,"turns":9},{"damage":0,"enemies":"2 Fungi Beasts","floor":12,"turns":4},{"damage":0,"enemies":"Exordium Wildlife","floor":13,"turns":4},{"damage":0,"enemies":"Slime Boss","floor":16,"turns":12},{"damage":0,"enemies":"3 Byrds","floor":18,"turns":7},{"damage":8,"enemies":"2 Thieves","floor":19,"turns":3},{"damage":9,"enemies":"Centurion and Healer","floor":20,"turns":6},{"damage":11,"enemies":"Slavers","floor":24,"turns":5},{"damage":9,"enemies":"Chosen and Byrds","floor":31,"turns":4},{"damage":14,"enemies":"Champ","floor":33,"turns":14}],"seed_played":"6145692554102515000","potions_obtained":[{"floor":3,"key":"AttackPotion"},{"floor":5,"key":"LifebloodPotion"},{"floor":12,"key":"Languid Potion"},{"floor":16,"key":"SpeedPotion"},{"floor":18,"key":"Dexterity Potion"},{"floor":33,"key":"SkillPotion"}],"is_trial":false,"path_per_floor":["M","?","M","?","M","R","E","R","T","?","?","M","M","$","R","B",null,"M","M","M","?","?","R","E","?","T","T","R","$","R","M","R","B",null,"M"],"character_chosen":"REMILIA","items_purchased":["Regal Pillow","ReplayTheSpireMod:ShopPack","Maim","ScarletDevil","ScarletImprint"],"campfire_rested":2,"item_purchase_floors":[14,14,14,14,29],"current_hp_per_floor":[75,45,47,47,47,47,39,39,39,28,13,14,14,14,51,57,75,75,68,62,62,62,62,57,57,57,57,57,57,57,52,75,65,75,0,0],"gold":153,"neow_bonus":"THREE_ENEMY_KILL","is_daily":false,"chose_seed":false,"campfire_upgraded":5,"win_rate":0.0,"timestamp":1609017870,"path_taken":["M","?","M","?","?","R","E","R","T","?","?","M","M","?","R","BOSS","M","M","M","?","?","R","E","?","T","?","R","$","R","M","R","BOSS","M"],"items_purchased_type":["Relic","Relic","Card","Card","Card"],"build_version":"2020-12-22","purchased_purges":1,"victory":false,"max_hp_per_floor":[75,75,75,75,75,75,75,75,75,75,75,75,75,75,75,75,75,75,75,75,75,75,75,75,75,75,75,75,75,75,75,75,75,75,75,75],"card_choices":[{"not_picked":["BlasphemousPunishment","ScarletNetherworld"],"picked":"DiffusionOfMisfortune","floor":1},{"not_picked":["GlobalNightmare","Ultimatum"],"picked":"MiserableFate","floor":2},{"not_picked":["BombardNight","BloodyMagicSquare"],"picked":"MillenniumVampire","floor":3},{"not_picked":["TwelveNightmare","BloodHunter","ScarletDevilSign"],"picked":"SKIP","floor":5},{"not_picked":["VampireClaw","DiffusionOfMisfortune"],"picked":"StarOfDavid","floor":7},{"not_picked":["CharismaGuard","BloodyMagicSquare"],"picked":"DiffusionOfMisfortune","floor":12},{"not_picked":["StarOfDavid","RedMagic"],"picked":"FavorOfDestiny","floor":13},{"not_picked":["Poisoned Strike","Transmutation"],"picked":"Apotheosis","floor":14},{"not_picked":["Good Instincts","Deep Breath"],"picked":"Flash of Steel","floor":14},{"not_picked":["Apotheosis","Impatience"],"picked":"Dark Shackles","floor":14},{"not_picked":["BloodySeventeenLaser","BatForm"],"picked":"TricksterDevil","floor":16},{"not_picked":["DevilSight","ScarletSymphony"],"picked":"ScarletDevilSign","floor":18},{"not_picked":["FavorOfDestiny","NightDance+1","DiffusionOfMisfortune+1"],"picked":"SKIP","floor":19},{"not_picked":["BloodHunter","ScarletSymphony"],"picked":"ScarletDream","floor":20},{"not_picked":["UnderTheZenith","VampireClaw"],"picked":"VampireKiss","floor":24},{"not_picked":["ScarletImprint","ScarletDevil+1"],"picked":"CharismaGuard","floor":31},{"not_picked":["TransientEternity","KillingBlow"],"picked":"HeartBreak","floor":33}],"player_experience":268218,"relics_obtained":[{"floor":7,"key":"Replay:Accelerometer"},{"floor":9,"key":"Replay:Wax Seal"},{"floor":24,"key":"PreservedInsect"},{"floor":26,"key":"Gremlin Food"},{"floor":27,"key":"InkBottle"}],"event_choices":[{"damage_healed":0,"gold_gain":0,"player_choice":"Cursed","damage_taken":0,"max_hp_gain":0,"max_hp_loss":0,"event_name":"Wheel of Change","floor":4,"gold_loss":0,"cards_obtained":["Decay"]},{"damage_healed":0,"gold_gain":75,"player_choice":"Gather Gold","damage_taken":11,"max_hp_gain":0,"max_hp_loss":0,"event_name":"World of Goop","floor":10,"gold_loss":0},{"damage_healed":0,"gold_gain":0,"player_choice":"Entered Light","damage_taken":15,"max_hp_gain":0,"max_hp_loss":0,"event_name":"Shining Light","floor":11,"gold_loss":0,"cards_upgraded":["MiserableFate","Strike_RM"]},{"cards_removed":["Strike_RM"],"damage_healed":0,"gold_gain":0,"player_choice":"Gave Gold","damage_taken":0,"max_hp_gain":0,"max_hp_loss":0,"event_name":"Beggar","floor":21,"gold_loss":75},{"damage_healed":0,"gold_gain":0,"player_choice":"Obtained Relic","damage_taken":0,"relics_obtained":["Unceasing Top"],"max_hp_gain":0,"max_hp_loss":0,"event_name":"Addict","floor":25,"gold_loss":85}],"is_beta":false,"boss_relics":[{"not_picked":["Fusion Hammer","Honey Jar"],"picked":"ScarletEmblem"},{"not_picked":["construct:WeddingRing","Tiny House"],"picked":"ChewingGum"}],"items_purged_floors":[14],"is_endless":false,"potions_floor_spawned":[3,5,12,16,18,33],"killed_by":"3 Shapes","ascension_level":0}}