{"host":"ln6xh2dj126ndm3e","time":1609004564,"event":{"mods":["AchievementEnabler","Aspiration","Astrologer","BaseMod","Better Altar","Better Match","Better Note","Better Sensory Stone","Better Skull","Better Third Choice","BetterRewards","CCEM","Colored Map","Conspire","GifTheSpireLib","Halation","Highlight Path","Hubris","Infinite Spire","Minty Spire (QoL Compilation)","Permanent Neow","Replay The Spire","Shop Mod","Spicy Shops","StSLib","Unceasing Turn Reminder"],"gold_per_floor":[118,128,146,146,96,96,126,126,181,181,203,220,232,268,268,377,377,411,411,454,414,414,414,433,456,456,456,456],"floor_reached":27,"playtime":1941,"items_purged":[],"score":209,"play_id":"0756778f-6bdc-4d46-a7e2-df17aa5f6293","local_time":"20201226114244","is_ascension_mode":false,"campfire_choices":[{"data":"conspire:DoublingDagger","floor":6,"key":"SMITH"},{"data":"Deadly Poison","floor":8,"key":"SMITH"},{"floor":15,"key":"REST"},{"floor":23,"key":"REST"}],"circlet_count":0,"master_deck":["Strike_G","Strike_G","Strike_G","Strike_G","Defend_G","Defend_G","Defend_G","Survivor","Neutralize","Venomology","Deadly Poison+1","Deadly Poison","conspire:DoublingDagger+1","conspire:SpireCoStock","Slice","Apotheosis+1","Blade Dance","Bouncing Flask","Prepared","Noxious Fumes","infinitespire:Neurotoxin","Noxious Fumes+1","Burst+1","Quick Slash+1","Replay:Bag of Tricks+1"],"relics":["Ring of the Snake","halation:IllGainedPizza","Black Star","Astrolabe","CCEMRelics:OldTooth"],"acts_visited":["Exordium","TheCity"],"potions_floor_usage":[2,3,11,14,16,16,16,20,24,24,25],"damage_taken":[{"damage":6,"enemies":"Cultist","floor":1,"turns":5},{"damage":7,"enemies":"2 Louse","floor":2,"turns":4},{"damage":2,"enemies":"Small Slimes","floor":3,"turns":4},{"damage":7,"enemies":"Blue Slaver","floor":7,"turns":3},{"damage":11,"enemies":"Lots of Slimes","floor":11,"turns":4},{"damage":5,"enemies":"2 Fungi Beasts","floor":12,"turns":4},{"damage":7,"enemies":"Exordium Wildlife","floor":13,"turns":4},{"damage":26,"enemies":"Gremlin Gang","floor":14,"turns":6},{"damage":27,"enemies":"The Guardian","floor":16,"turns":8},{"damage":25,"enemies":"Chosen","floor":18,"turns":6},{"damage":24,"enemies":"Spheric Guardian","floor":20,"turns":4},{"damage":21,"enemies":"Snake Plant","floor":24,"turns":3},{"damage":20,"enemies":"Snecko","floor":25,"turns":5},{"damage":0,"enemies":"Shelled Parasite and Fungi","floor":27,"turns":1}],"seed_played":"-8086704430874478410","potions_obtained":[{"floor":2,"key":"DistilledChaos"},{"floor":11,"key":"SkillPotion"},{"floor":14,"key":"ColorlessPotion"},{"floor":16,"key":"Energy Potion"},{"floor":20,"key":"LiquidBronze"}],"is_trial":false,"path_per_floor":["M","M","M","?","?","R","M","R","T","?","M","M","M","M","R","B",null,"M","?","M","?","AVR","R","M","M","T","M"],"character_chosen":"THE_SILENT","items_purchased":[],"campfire_rested":2,"item_purchase_floors":[],"current_hp_per_floor":[43,45,43,64,64,64,57,57,57,57,46,41,34,8,29,2,70,45,45,21,21,21,42,21,1,1,1,1],"gold":456,"neow_bonus":"THREE_RARE_CARDS","is_daily":false,"chose_seed":false,"campfire_upgraded":2,"win_rate":0.0,"timestamp":1609004564,"path_taken":["M","M","?","?","?","R","M","R","T","?","M","?","M","M","R","BOSS","M","?","M","?","AVR","R","M","?","T","M"],"items_purchased_type":[],"build_version":"2020-12-22","purchased_purges":0,"victory":false,"max_hp_per_floor":[70,70,70,70,70,70,70,70,70,70,70,70,70,70,70,70,70,70,70,70,70,70,70,70,70,70,70,70],"card_choices":[{"not_picked":["Unload","Night Terror"],"picked":"Venomology","floor":0},{"not_picked":["Bane","Hidden Blade"],"picked":"Deadly Poison","floor":1},{"not_picked":["Prepared","PiercingWail"],"picked":"Deadly Poison","floor":2},{"not_picked":["Dodge and Roll","aspiration:Lunge"],"picked":"conspire:DoublingDagger","floor":3},{"not_picked":["Skewer","Deadly Poison"],"picked":"Slice","floor":7},{"not_picked":["Blind","ReplayTheSpireMod:Brewmster"],"picked":"Apotheosis","floor":10},{"not_picked":["Terror","Bane"],"picked":"Blade Dance","floor":11},{"not_picked":["Concentrate","All Out Attack"],"picked":"Bouncing Flask","floor":12},{"not_picked":["ReplayTheSpireMod:The Works","Bane"],"picked":"Prepared","floor":13},{"not_picked":["Predator","Blade Dance"],"picked":"Noxious Fumes","floor":14},{"not_picked":["Venomology","Night Terror"],"picked":"infinitespire:Neurotoxin","floor":16},{"not_picked":["Slice","Draining Mist+1"],"picked":"Noxious Fumes+1","floor":18},{"not_picked":["Sucker Punch","Escape Plan","Cloak And Dagger"],"picked":"SKIP","floor":20},{"not_picked":["ReplayTheSpireMod:Shiv Toss","Blade Dance","Eviscerate"],"picked":"SKIP","floor":24},{"not_picked":["ReplayTheSpireMod:Shiv Toss","Blade Dance","Eviscerate"],"picked":"SKIP","floor":24},{"not_picked":["Flying Knee+1","Bouncing Flask","ReplayTheSpireMod:Shiv Toss"],"picked":"SKIP","floor":25}],"player_experience":459350,"relics_obtained":[{"floor":9,"key":"halation:IllGainedPizza"},{"floor":26,"key":"CCEMRelics:OldTooth"}],"event_choices":[{"damage_healed":0,"gold_gain":0,"player_choice":"Invest 1","damage_taken":0,"max_hp_gain":0,"max_hp_loss":0,"event_name":"conspire:Investor","floor":5,"gold_loss":0},{"damage_healed":0,"gold_gain":1,"player_choice":"1","damage_taken":0,"max_hp_gain":0,"max_hp_loss":0,"event_name":"betterStone:BetterStone","floor":10,"gold_loss":0},{"damage_healed":0,"gold_gain":0,"player_choice":"Ignored","damage_taken":0,"max_hp_gain":0,"max_hp_loss":0,"event_name":"betterNote:BetterNote","floor":19,"gold_loss":0,"cards_obtained":["Strike_G"]},{"damage_healed":0,"gold_gain":0,"player_choice":"Upgrade","damage_taken":0,"max_hp_gain":0,"max_hp_loss":0,"event_name":"Designer","floor":21,"gold_loss":40,"cards_upgraded":["Apotheosis"]}],"is_beta":false,"boss_relics":[{"not_picked":["hubris:BlackHole","aspiration:IroncladSkillbook"],"picked":"Black Star"}],"items_purged_floors":[],"is_endless":false,"potions_floor_spawned":[2,11,14,16,20],"killed_by":"Shelled Parasite and Fungi","ascension_level":0}}