{"host":"q1yq0ibtlljsjzm9","time":1609010834,"event":{"mods":["BaseMod","DeckTracker","Marisa（霧雨　魔理沙）","Minty Spire (QoL Compilation)","StSLib"],"gold_per_floor":[119,31,31,47,60,85,101,101,101,101,132,132,132,147,147,252,252,270,286,201,151,151,151],"floor_reached":22,"playtime":1645,"items_purged":[],"score":194,"play_id":"fc8dc6b9-15ea-4593-9a67-f4b16a981987","local_time":"20201226112714","is_ascension_mode":false,"campfire_choices":[{"floor":10,"key":"REST"},{"floor":12,"key":"REST"},{"data":"Deadly Poison","floor":15,"key":"SMITH"}],"circlet_count":0,"master_deck":["Strike_G","Strike_G","Strike_G+1","Strike_G","Defend_G","Defend_G","Defend_G","Defend_G","Defend_G","Survivor","Neutralize","Deadly Poison+1","Noxious Fumes","Dagger Throw","Leg Sweep","Masterful Stab+1","Dodge and Roll","Bane","Poisoned Stab","Parasite","Bullet Time","Corpse Explosion","Leg Sweep","Footwork"],"relics":["SlaversCollar","Whetstone","Bottled Lightning","The Specimen","Busted Crown","HornCleat"],"acts_visited":["Exordium","TheCity"],"potions_floor_usage":[11,16,22],"damage_taken":[{"damage":2.0,"enemies":"Small Slimes","floor":1.0,"turns":5.0},{"damage":4.0,"enemies":"Cultist","floor":4.0,"turns":5.0},{"damage":0.0,"enemies":"2 Louse","floor":5.0,"turns":3.0},{"damage":13.0,"enemies":"3 Sentries","floor":6.0,"turns":8.0},{"damage":26,"enemies":"Exordium Thugs","floor":7,"turns":7},{"damage":9,"enemies":"Gremlin Nob","floor":11,"turns":4},{"damage":0,"enemies":"2 Fungi Beasts","floor":14,"turns":3},{"damage":30,"enemies":"Hexaghost","floor":16,"turns":9},{"damage":20,"enemies":"2 Thieves","floor":18,"turns":4},{"damage":38,"enemies":"Spheric Guardian","floor":19,"turns":6},{"damage":13,"enemies":"Snecko","floor":22,"turns":3}],"seed_played":"721500426107015412","potions_obtained":[{"floor":1.0,"key":"Block Potion"},{"floor":5.0,"key":"Strength Potion"},{"floor":7,"key":"Poison Potion"},{"floor":11,"key":"Regen Potion"},{"floor":18,"key":"Weak Potion"},{"floor":19,"key":"Block Potion"}],"is_trial":false,"path_per_floor":["M","$","?","M","M","E","M","?","T","R","E","R","?","M","R","B",null,"M","M","?","?","M"],"character_chosen":"THE_SILENT","items_purchased":["Noxious Fumes","Dagger Throw"],"campfire_rested":2,"item_purchase_floors":[2,2],"current_hp_per_floor":[68,68,68,64,64,51,25,25,25,46,37,58,70,70,70,55,70,50,12,12,12,0,0],"gold":151,"neow_bonus":"BOSS_RELIC","is_daily":false,"chose_seed":false,"campfire_upgraded":1,"win_rate":0.0,"timestamp":1609010834,"path_taken":["M","$","?","M","?","E","M","?","T","R","E","R","?","M","R","BOSS","M","M","?","?","?"],"items_purchased_type":["Card","Card"],"build_version":"2020-12-22","purchased_purges":0,"victory":false,"max_hp_per_floor":[70,70,70,70,70,70,70,70,70,70,70,70,70,70,70,70,70,70,70,70,70,70,70],"card_choices":[{"not_picked":["Catalyst","Reflex"],"picked":"Deadly Poison","floor":1.0},{"not_picked":["Slice","Sucker Punch"],"picked":"Leg Sweep","floor":4.0},{"not_picked":["Skewer","Bane"],"picked":"Masterful Stab","floor":5.0},{"not_picked":["Skewer","Distraction"],"picked":"Dodge and Roll","floor":6},{"not_picked":["Quick Slash","Well Laid Plans"],"picked":"Bane","floor":7},{"not_picked":["Tactician","Dagger Spray"],"picked":"Poisoned Stab","floor":11},{"not_picked":["Predator","Poisoned Stab"],"picked":"Bullet Time","floor":14},{"not_picked":["Bullet Time","Venomology"],"picked":"Corpse Explosion","floor":16},{"not_picked":[],"picked":"Leg Sweep","floor":18},{"not_picked":[],"picked":"Footwork","floor":19}],"player_experience":20379,"relics_obtained":[{"floor":6,"key":"Whetstone"},{"floor":9,"key":"Bottled Lightning"},{"floor":11,"key":"The Specimen"}],"event_choices":[{"cards_removed":["Strike_G"],"damage_healed":0.0,"max_hp_gain":0.0,"max_hp_loss":0.0,"gold_gain":0.0,"event_name":"Purifier","player_choice":"Purged","floor":3.0,"gold_loss":0.0,"damage_taken":0.0},{"damage_healed":0,"gold_gain":0,"player_choice":"Ignored","damage_taken":0,"max_hp_gain":0,"max_hp_loss":0,"event_name":"Liars Game","floor":8,"gold_loss":0},{"damage_healed":17,"gold_gain":0,"player_choice":"Healed and dodged fight","damage_taken":0,"max_hp_gain":0,"max_hp_loss":0,"event_name":"Mushrooms","floor":13,"gold_loss":0,"cards_obtained":["Parasite"]},{"damage_healed":0,"gold_gain":0,"player_choice":"Obtained Relic","damage_taken":0,"relics_obtained":["HornCleat"],"max_hp_gain":0,"max_hp_loss":0,"event_name":"Addict","floor":20,"gold_loss":85},{"damage_healed":0,"gold_gain":0,"player_choice":"Bet on Owner","damage_taken":0,"max_hp_gain":0,"max_hp_loss":0,"event_name":"The Joust","floor":21,"gold_loss":50}],"is_beta":false,"boss_relics":[{"not_picked":["Astrolabe","Runic Dome"],"picked":"Busted Crown"}],"items_purged_floors":[],"is_endless":false,"potions_floor_spawned":[1,5,7,11,18,19],"killed_by":"Snecko","ascension_level":0}}