{"host":"tx5rs9w5gu6e5gf0","time":1609019559,"event":{"mods":["BaseMod","Colored Map","Filter the Spire","Minty Spire (QoL Compilation)","Relic Stats","StSLib"],"gold_per_floor":[114,114,3,3,14,43,62,62,89,59,71,102,163,193,193,296,296,307,322,322,36,51,378,378,398,398,178,188,208,208,208,208,310,310,327,7,25,43,3,35,35,70,144,144,178,178,178,178,178,178],"floor_reached":51,"playtime":2662,"items_purged":["Strike_B","Defend_B","Defend_B"],"score":848,"play_id":"12b33f7f-2062-45d9-8f2c-6ec769dd1944","local_time":"20201226225239","is_ascension_mode":false,"campfire_choices":[{"data":"Cold Snap","floor":8.0,"key":"SMITH"},{"data":"Scrape","floor":15.0,"key":"SMITH"},{"data":"Conserve Battery","floor":24.0,"key":"SMITH"},{"data":"Defragment","floor":30.0,"key":"SMITH"},{"data":"Electrodynamics","floor":32.0,"key":"SMITH"},{"floor":41,"key":"REST"},{"data":"Biased Cognition","floor":44,"key":"SMITH"},{"floor":49,"key":"REST"}],"circlet_count":0,"master_deck":["Defend_B+1","Defend_B","Zap+1","Dualcast","Static Discharge","Genetic Algorithm","Cold Snap+1","Skim","Scrape+1","Chaos","Beam Cell","Gash","Conserve Battery+1","Consume+1","Electrodynamics+1","Consume+1","Auto Shields+1","Fusion+1","Heatsinks","Reinforced Body","Force Field","BootSequence+1","Steam","Creative AI","White Noise","Defragment+1","Flash of Steel","Biased Cognition+1","Hologram","Coolheaded","Parasite","Gash+1","Capacitor","Self Repair+1","Chill+1","PanicButton","Discovery"],"relics":["Cracked Core","Thread and Needle","Dream Catcher","Boot","White Beast Statue","Strawberry","Bottled Flame","Astrolabe","Medical Kit","Old Coin","Pen Nib","War Paint","Snecko Eye","OrangePellets","Blood Vial","Vajra","HornCleat","Oddly Smooth Stone","Sundial"],"acts_visited":["Exordium","TheCity","TheBeyond"],"potions_floor_usage":[33,33,38,38,40,45,45],"damage_taken":[{"damage":0.0,"enemies":"2 Louse","floor":1.0,"turns":3.0},{"damage":0.0,"enemies":"Small Slimes","floor":5.0,"turns":5.0},{"damage":11.0,"enemies":"Lagavulin","floor":6.0,"turns":7.0},{"damage":0.0,"enemies":"Jaw Worm","floor":7.0,"turns":3.0},{"damage":6.0,"enemies":"Exordium Thugs","floor":10.0,"turns":5.0},{"damage":2.0,"enemies":"Red Slaver","floor":11.0,"turns":4.0},{"damage":14.0,"enemies":"Gremlin Nob","floor":12.0,"turns":4.0},{"damage":23.0,"enemies":"Lagavulin Event","floor":13.0,"turns":7.0},{"damage":0.0,"enemies":"Lagavulin","floor":14.0,"turns":7.0},{"damage":6.0,"enemies":"Hexaghost","floor":16.0,"turns":10.0},{"damage":9.0,"enemies":"2 Thieves","floor":18.0,"turns":4.0},{"damage":2.0,"enemies":"Chosen","floor":19.0,"turns":6.0},{"damage":25.0,"enemies":"Snake Plant","floor":22.0,"turns":5.0},{"damage":6.0,"enemies":"Book of Stabbing","floor":23.0,"turns":7.0},{"damage":0.0,"enemies":"Snecko","floor":25.0,"turns":5.0},{"damage":0.0,"enemies":"Shelled Parasite and Fungi","floor":28.0,"turns":10.0},{"damage":0.0,"enemies":"3 Cultists","floor":29.0,"turns":3.0},{"damage":16,"enemies":"Collector","floor":33,"turns":10},{"damage":1,"enemies":"Orb Walker","floor":35,"turns":4},{"damage":0,"enemies":"3 Shapes","floor":37,"turns":3},{"damage":0,"enemies":"Writhing Mass","floor":38,"turns":9},{"damage":43,"enemies":"Giant Head","floor":40,"turns":11},{"damage":7,"enemies":"Nemesis","floor":42,"turns":7},{"damage":10,"enemies":"Reptomancer","floor":45,"turns":5},{"damage":44,"enemies":"Time Eater","floor":50,"turns":10}],"seed_played":"-2571683205194357569","potions_obtained":[{"floor":5.0,"key":"Energy Potion"},{"floor":7.0,"key":"SteroidPotion"},{"floor":13.0,"key":"Ancient Potion"},{"floor":14.0,"key":"Swift Potion"},{"floor":16.0,"key":"GamblersBrew"},{"floor":18.0,"key":"Fire Potion"},{"floor":23.0,"key":"FocusPotion"},{"floor":33,"key":"Swift Potion"},{"floor":35,"key":"Energy Potion"},{"floor":38,"key":"Energy Potion"},{"floor":40,"key":"BlessingOfTheForge"},{"floor":42,"key":"FearPotion"},{"floor":45,"key":"Energy Potion"}],"is_trial":false,"path_per_floor":["M","?","$","?","M","E","M","R","T","M","M","E","?","E","R","B",null,"M","M","?","$","M","E","R","M","T","$","M","M","R","?","R","B",null,"M","$","M","M","$","E","R","E","T","R","E","?","?","T","R","B",null],"character_chosen":"DEFECT","items_purchased":["Genetic Algorithm","Medical Kit","Force Field","War Paint","White Noise","OrangePellets","Hologram","Capacitor"],"campfire_rested":2,"item_purchase_floors":[3,21,21,27,27,36,36,39],"current_hp_per_floor":[75,72,72,72,72,61,61,61,61,55,53,39,23,23,23,17,79,70,68,68,68,43,37,37,37,37,37,37,37,37,25,25,9,79,78,78,78,78,78,35,58,53,53,53,55,55,45,45,67,35],"gold":178,"neow_bonus":"ONE_RARE_RELIC","is_daily":false,"chose_seed":false,"campfire_upgraded":6,"win_rate":0.0,"timestamp":1609019559,"path_taken":["M","?","$","?","M","E","M","R","T","M","M","E","?","E","R","BOSS","M","M","?","$","M","E","R","M","T","?","M","?","R","?","R","BOSS","M","$","M","M","?","E","R","E","T","R","E","?","?","?","R","BOSS"],"items_purchased_type":["Card","Relic","Card","Relic","Card","Relic","Card","Card"],"build_version":"2020-12-22","purchased_purges":3,"victory":true,"max_hp_per_floor":[75,72,72,72,72,72,72,72,72,72,72,72,79,79,79,79,79,79,79,79,79,79,79,79,79,79,79,79,79,79,79,79,79,79,79,79,79,79,79,79,79,79,79,79,79,75,75,75,75,75],"relic_stats":{"Blood Vial":6,"OrangePellets":[16],"Dream Catcher":2,"counters":[25,154],"Sundial":[2],"Astrolabe":["Consume","Auto Shields","Fusion"],"Snecko Eye":[35,34,35,35],"Pen Nib":[6],"War Paint":["Defend_B","Zap"],"Boot":[104],"Medical Kit":[6],"obtain_stats":[{"Astrolabe":17,"Vajra":42,"Oddly Smooth Stone":45,"Thread and Needle":0,"Pen Nib":26,"War Paint":27,"Boot":9,"Medical Kit":21,"White Beast Statue":12,"Old Coin":23,"Blood Vial":40,"OrangePellets":36,"Dream Catcher":6,"Bottled Flame":14,"HornCleat":43,"Sundial":48,"Strawberry":13,"Snecko Eye":34,"Cracked Core":0},{"Astrolabe":10,"Vajra":23,"Oddly Smooth Stone":24,"Thread and Needle":0,"Pen Nib":15,"War Paint":15,"Boot":4,"Medical Kit":12,"White Beast Statue":7,"Old Coin":14,"Blood Vial":22,"OrangePellets":19,"Dream Catcher":3,"Bottled Flame":9,"HornCleat":23,"Sundial":24,"Strawberry":8,"Snecko Eye":18,"Cracked Core":0},{"Astrolabe":55,"Vajra":139,"Oddly Smooth Stone":144,"Thread and Needle":0,"Pen Nib":82,"War Paint":82,"Boot":18,"Medical Kit":65,"White Beast Statue":31,"Old Coin":77,"Blood Vial":132,"OrangePellets":109,"Dream Catcher":15,"Bottled Flame":45,"HornCleat":139,"Sundial":144,"Strawberry":38,"Snecko Eye":105,"Cracked Core":0}]},"card_choices":[{"not_picked":["Sweeping Beam","Melter"],"picked":"Static Discharge","floor":1.0},{"not_picked":["Rip and Tear","Sweeping Beam"],"picked":"Cold Snap","floor":5.0},{"not_picked":["Heatsinks","Hologram"],"picked":"Skim","floor":6.0},{"not_picked":["Steam Power","Auto Shields"],"picked":"Scrape","floor":7.0},{"not_picked":["Reprogram","Aggregate"],"picked":"Chaos","floor":10.0},{"not_picked":["Rip and Tear","Heatsinks"],"picked":"Beam Cell","floor":11.0},{"not_picked":["Barrage","Static Discharge"],"picked":"Gash","floor":12.0},{"not_picked":["Redo","Streamline"],"picked":"Conserve Battery","floor":13.0},{"not_picked":["Fusion","Cold Snap"],"picked":"Consume","floor":14.0},{"not_picked":["Multi-Cast","Rainbow"],"picked":"Electrodynamics","floor":16.0},{"not_picked":["Fusion","Cold Snap"],"picked":"Heatsinks","floor":18.0},{"not_picked":["Beam Cell","Redo"],"picked":"Reinforced Body","floor":19.0},{"not_picked":["Cold Snap+1","Ball Lightning+1"],"picked":"BootSequence+1","floor":22.0},{"not_picked":["Hologram","Conserve Battery"],"picked":"Steam","floor":23.0},{"not_picked":["Stack","Reprogram"],"picked":"Creative AI","floor":25.0},{"not_picked":["Blizzard","Go for the Eyes"],"picked":"Defragment","floor":28.0},{"not_picked":["Stack","Consume","Streamline"],"picked":"SKIP","floor":29.0},{"not_picked":["Stack","Consume","Streamline"],"picked":"SKIP","floor":29.0},{"not_picked":["Creative AI","Multi-Cast"],"picked":"Biased Cognition","floor":33},{"not_picked":["Stack+1","Compile Driver","Conserve Battery"],"picked":"SKIP","floor":35},{"not_picked":["Barrage+1","Sweeping Beam+1"],"picked":"Coolheaded","floor":37},{"not_picked":["Lockon","Loop+1"],"picked":"Gash+1","floor":38},{"not_picked":["Static Discharge","Streamline+1","White Noise"],"picked":"SKIP","floor":40},{"not_picked":["Steam Power","Rainbow"],"picked":"Self Repair+1","floor":42},{"not_picked":["Stack","Doom and Gloom+1"],"picked":"Chill+1","floor":45},{"not_picked":["Chrysalis","Secret Technique"],"picked":"PanicButton","floor":47},{"not_picked":["Dramatic Entrance","Purity"],"picked":"Discovery","floor":47}],"player_experience":7105,"relics_obtained":[{"floor":6.0,"key":"Dream Catcher"},{"floor":9.0,"key":"Boot"},{"floor":12.0,"key":"White Beast Statue"},{"floor":13.0,"key":"Strawberry"},{"floor":14.0,"key":"Bottled Flame"},{"floor":23.0,"key":"Old Coin"},{"floor":26.0,"key":"Pen Nib"},{"floor":40,"key":"Blood Vial"},{"floor":42,"key":"Vajra"},{"floor":43,"key":"HornCleat"},{"floor":45,"key":"Oddly Smooth Stone"},{"floor":48,"key":"Sundial"}],"event_choices":[{"cards_removed":["Parasite"],"damage_healed":0.0,"max_hp_gain":0.0,"max_hp_loss":0.0,"gold_gain":0.0,"event_name":"Living Wall","player_choice":"Forget","floor":2.0,"gold_loss":0.0,"damage_taken":0.0},{"damage_healed":0.0,"max_hp_gain":0.0,"max_hp_loss":0.0,"gold_gain":0.0,"event_name":"Liars Game","player_choice":"Ignored","floor":4.0,"gold_loss":0.0,"damage_taken":0.0},{"damage_healed":0.0,"max_hp_gain":0.0,"max_hp_loss":0.0,"gold_gain":0.0,"event_name":"Dead Adventurer","player_choice":"Searched \u00271\u0027 times","floor":13.0,"gold_loss":0.0,"damage_taken":0.0},{"damage_healed":0.0,"max_hp_gain":0.0,"max_hp_loss":0.0,"gold_gain":0.0,"event_name":"Upgrade Shrine","player_choice":"Upgraded","floor":20.0,"gold_loss":0.0,"damage_taken":0.0,"cards_upgraded":["Consume"]},{"damage_healed":0.0,"max_hp_gain":0.0,"max_hp_loss":0.0,"gold_gain":0.0,"event_name":"Knowing Skull","player_choice":"CARD ","floor":31.0,"potions_obtained":[],"gold_loss":0.0,"damage_taken":12.0,"cards_obtained":["Flash of Steel"]},{"damage_healed":0,"gold_gain":0,"player_choice":"Max HP","damage_taken":0,"max_hp_gain":0,"max_hp_loss":4,"event_name":"Winding Halls","floor":46,"gold_loss":0},{"damage_healed":0,"gold_gain":0,"player_choice":"Memory 3","damage_taken":10,"max_hp_gain":0,"max_hp_loss":0,"event_name":"SensoryStone","floor":47,"gold_loss":0}],"is_beta":false,"boss_relics":[{"not_picked":["Ectoplasm","Black Star"],"picked":"Astrolabe"},{"not_picked":["Coffee Dripper","Tiny House"],"picked":"Snecko Eye"}],"items_purged_floors":[3,21,36],"is_endless":false,"potions_floor_spawned":[5,7,13,14,16,18,19,22,23,25,28,29,33,35,37,38,40,42,45],"ascension_level":0}}