{"host":"zjc1tzo4ovig5lll","time":1609002298,"event":{"mods":["AchievementEnabler","Aspiration","BaseMod","Beaked The Cultist","Better Altar","Better Match","Better Note","Better Sensory Stone","Colored Map","Colored Powertips","Conspire","Energized Spire","Friendly Minions","GifTheSpireLib","Halation","Hermit","Hubris","Minty Spire (QoL Compilation)","Rare Cards Sparkle","Replay The Spire","StSLib","The Blue Laboratory","The Bug Knight","The Construct","The Jungle","The Servant 0.9.4","everything is the same but u backflip on backflip","vexMod"],"gold_per_floor":[119,137,137,137,137,166,166,185,185,216,242,254,254,3,3,108,108,122,137,100,119,133,133,147,3,3,3,3,3,3,3],"floor_reached":30,"playtime":1275,"items_purged":[],"score":290,"play_id":"477a0b5f-7452-4c82-850a-c221b168e859","local_time":"20201226190458","is_ascension_mode":false,"campfire_choices":[{"floor":7.0,"key":"REST"},{"floor":13.0,"key":"REST"},{"floor":15.0,"key":"REST"},{"floor":23,"key":"REST"},{"floor":29,"key":"REST"}],"circlet_count":0,"master_deck":["conspire:GhostlyStrike","conspire:GhostlyStrike","conspire:GhostlyStrike","conspire:GhostlyStrike","conspire:GhostlyDefend","conspire:GhostlyDefend","conspire:GhostlyDefend","conspire:GhostlyDefend","Eruption","Vigilance","Adaptation","Vengeance","CrushJoints","Spot Weakness","Replay:ManipulateFuture","Brilliance","Brilliance","Demon Form","Halt","Luminosity+1","Luminosity","BottledTime"],"relics":["PureWater","aspiration:Nostalgia","m_ScarletBlood","hubris:Towel","Replay:Bottled Snecko","halation:AfternoonTea","Damaru","aspiration:ServantSkillbook","HandDrill","Torii","Nloth\u0027s Gift"],"acts_visited":["Exordium","TheCity"],"potions_floor_usage":[30],"damage_taken":[{"damage":0.0,"enemies":"Cultist","floor":1.0,"turns":2.0},{"damage":3.0,"enemies":"Jaw Worm","floor":2.0,"turns":4.0},{"damage":49.0,"enemies":"3 Sentries","floor":6.0,"turns":9.0},{"damage":3.0,"enemies":"2 Louse","floor":8.0,"turns":3.0},{"damage":32.0,"enemies":"Lagavulin","floor":10.0,"turns":5.0},{"damage":1.0,"enemies":"Blue Slaver","floor":12.0,"turns":2.0},{"damage":20,"enemies":"Hexaghost","floor":16,"turns":5},{"damage":10,"enemies":"Chosen","floor":18,"turns":3},{"damage":32,"enemies":"2 Thieves","floor":19,"turns":3},{"damage":7,"enemies":"Centurion and Healer","floor":21,"turns":5},{"damage":20,"enemies":"conspire:HollyBat","floor":22,"turns":6},{"damage":8,"enemies":"3 Cultists","floor":24,"turns":5},{"damage":12,"enemies":"Sentry and Sphere","floor":28,"turns":4},{"damage":55,"enemies":"Slavers","floor":30,"turns":3}],"seed_played":"6514598521396422369","potions_obtained":[{"floor":6.0,"key":"Energy Potion"},{"floor":24,"key":"blueLaboratory:FruitPunch"}],"is_trial":false,"path_per_floor":["M","M","?","$","?","E","R","M","T","E","T","M","R","$","R","B",null,"M","M","$","M","M","R","M","$","T","?","M","R","E"],"character_chosen":"WATCHER","items_purchased":["Damaru","Brilliance","Luminosity","HandDrill"],"campfire_rested":5,"item_purchase_floors":[14,14,20,25],"current_hp_per_floor":[72,69,69,69,69,20,41,38,38,6,6,5,26,26,47,41,72,62,30,30,23,3,24,30,30,30,30,18,39,0,0],"gold":3,"neow_bonus":"NOSTALGIA","is_daily":false,"chose_seed":false,"campfire_upgraded":0,"win_rate":0.0,"timestamp":1609002298,"path_taken":["M","?","?","?","?","E","R","M","T","E","?","M","R","$","R","BOSS","M","M","$","?","?","R","M","$","T","?","M","R","E"],"items_purchased_type":["Relic","Card","Card","Relic"],"build_version":"2020-12-22","purchased_purges":0,"victory":false,"max_hp_per_floor":[72,72,72,72,72,72,72,72,72,72,72,72,72,72,72,72,72,72,72,72,72,72,72,72,72,72,72,72,72,74,74],"card_choices":[{"not_picked":["EmptyMind","Protect"],"picked":"Adaptation","floor":1.0},{"not_picked":["Evaluate","Replay:BluntJabs"],"picked":"Vengeance","floor":2.0},{"not_picked":["Replay:BluntJabs","Vengeance"],"picked":"CrushJoints","floor":6.0},{"not_picked":["Tantrum","Replay:DivineShield"],"picked":"Spot Weakness","floor":8.0},{"not_picked":["CarveReality","SashWhip","Omniscience"],"picked":"SKIP","floor":10.0},{"not_picked":["CutThroughFate","FlurryOfBlows"],"picked":"Replay:ManipulateFuture","floor":12.0},{"not_picked":["Replay:AllIn","SpiritShield"],"picked":"Demon Form","floor":16},{"not_picked":["BowlingBash+1","FollowUp+1","TimeWarp"],"picked":"Halt","floor":18},{"not_picked":["Prostrate","Moondial","Conclude"],"picked":"Luminosity+1","floor":19},{"not_picked":["JustLucky","DualDimension+1","Wallop","TimeWarp+1"],"picked":"SKIP","floor":21},{"not_picked":["Prostrate","Nirvana","Replace","Misdirection"],"picked":"SKIP","floor":22},{"not_picked":["TimeWarp+1","FlurryOfBlows+1","DancingSilver"],"picked":"BottledTime","floor":24},{"not_picked":["Ricochet","WaveOfTheHand","MoonPhase","WheelKick+1"],"picked":"SKIP","floor":28}],"player_experience":592709,"relics_obtained":[{"floor":6.0,"key":"Lantern"},{"floor":10.0,"key":"Replay:Bottled Snecko"},{"floor":11.0,"key":"halation:AfternoonTea"},{"floor":26,"key":"Torii"}],"event_choices":[{"damage_healed":0.0,"max_hp_gain":0.0,"max_hp_loss":0.0,"gold_gain":0.0,"event_name":"conspire:LoneGhost","player_choice":"Agree","floor":5.0,"gold_loss":0.0,"damage_taken":0.0},{"damage_healed":0,"gold_gain":0,"player_choice":"Traded Relic","damage_taken":0,"relics_obtained":["Nloth\u0027s Gift"],"max_hp_gain":0,"max_hp_loss":0,"event_name":"N\u0027loth","floor":27,"relics_lost":["Lantern"],"gold_loss":0}],"is_beta":false,"boss_relics":[{"not_picked":["halation:PinkAlligatorPlush","Philosopher\u0027s Stone"],"picked":"aspiration:ServantSkillbook"}],"items_purged_floors":[],"is_endless":false,"potions_floor_spawned":[1,6,19,21,24],"killed_by":"Slavers","ascension_level":0}}