{"host":"e87rn453naquue3h","time":1609014040,"event":{"mods":["AchievementEnabler","BaseMod","Downfall","Minty Spire (QoL Compilation)","StSLib"],"gold_per_floor":[99,113,113,128,144,161,186,186,206,222,222,56,56,156,174,276,276,276,295,395,495,508,535,535,460,472,472,498,517,551,565,582,681,681,606,619,633,652,661,672,718,718,718,718,733,758,758,69,89,89],"floor_reached":51,"playtime":9916,"items_purged":["Slimebound:FirmFortitude+1","Slimebound:SplitAcid"],"score":807,"play_id":"62e1824c-b1f2-48d9-9674-873db597e389","local_time":"20201226152040","is_ascension_mode":true,"campfire_choices":[{"data":"Slimebound:TagTeam","floor":1,"key":"SMITH"},{"data":"Slimebound:LevelUp","floor":11,"key":"SMITH"},{"data":"Slimebound:SplitSpecialist","floor":13,"key":"SMITH"},{"data":"Slimebound:TagTeam","floor":18,"key":"SMITH"},{"data":"1","floor":25,"key":"LIFT"},{"floor":27,"key":"REST"},{"data":"2","floor":35,"key":"LIFT"},{"floor":44,"key":"REST"},{"floor":47,"key":"REST"}],"circlet_count":0,"master_deck":["Slimebound:TagTeam+1","Slimebound:SplitLeeching+1","Slimebound:LevelUp+1","Slimebound:SlimeBarrage+1","Slimebound:SplitBruiser+1","Slimebound:SplitSpecialist+1","Slimebound:SlimeTap","Slimebound:ForwardTackle+1","Slimebound:TagTeam+1","Slimebound:SlimeBrawl+1","Slimebound:SplitBruiser+1","Slimebound:SplitSpecialist","Slimebound:Dissolve","Slimebound:SlimeBrawl","Slimebound:Prepare+1","Slimebound:Prepare","Slimebound:CheckThePlaybook","Slimebound:Nibble","Slimebound:LevelUp","expansioncontent:QuickStudy"],"relics":["Pandora\u0027s Box","War Paint","Lee\u0027s Waffle","Astrolabe","MutagenicStrength","Girya","Gremlin Horn","Whetstone","downfall:HeartBlessingBlue","Regal Pillow","Happy Flower","Fusion Hammer","downfall:HeartBlessingGreen","Smiling Mask","Ancient Tea Set","HornCleat","Vajra"],"acts_visited":["Exordium","TheCity","TheBeyond"],"potions_floor_usage":[6,21,30,33,33,42,46,50,50,50],"damage_taken":[{"damage":7,"enemies":"Small Slimes","floor":2,"turns":2},{"damage":5,"enemies":"2 Louse","floor":4,"turns":2},{"damage":4,"enemies":"Cultist","floor":5,"turns":2},{"damage":4,"enemies":"Red Slaver","floor":6,"turns":1},{"damage":12,"enemies":"Large Slime","floor":9,"turns":3},{"damage":15,"enemies":"3 Louse","floor":10,"turns":2},{"damage":27,"enemies":"downfall:FleeingMerchant","floor":12,"turns":4},{"damage":12,"enemies":"Blue Slaver","floor":15,"turns":1},{"damage":42,"enemies":"downfall:Defect","floor":16,"turns":4},{"damage":12,"enemies":"Spheric Guardian","floor":19,"turns":3},{"damage":29,"enemies":"downfall:Augmenter","floor":20,"turns":5},{"damage":8,"enemies":"downfall:Watcher","floor":21,"turns":3},{"damage":4,"enemies":"Snecko","floor":22,"turns":2},{"damage":46,"enemies":"Slavers","floor":23,"turns":2},{"damage":17,"enemies":"Shelled Parasite and Fungi","floor":26,"turns":2},{"damage":7,"enemies":"Centurion and Healer","floor":29,"turns":2},{"damage":32,"enemies":"Book of Stabbing","floor":30,"turns":3},{"damage":30,"enemies":"3 Cultists","floor":31,"turns":4},{"damage":20,"enemies":"Shelled Parasite and Fungi","floor":32,"turns":2},{"damage":14,"enemies":"downfall:Ironclad","floor":33,"turns":3},{"damage":14,"enemies":"Orb Walker","floor":36,"turns":2},{"damage":12,"enemies":"3 Shapes","floor":37,"turns":1},{"damage":28,"enemies":"Sphere and 2 Shapes","floor":38,"turns":2},{"damage":24,"enemies":"downfall:FleeingMerchant","floor":39,"turns":3},{"damage":38,"enemies":"Transient","floor":40,"turns":5},{"damage":32,"enemies":"Transient","floor":42,"turns":2},{"damage":37,"enemies":"Maw","floor":45,"turns":3},{"damage":16,"enemies":"Reptomancer","floor":46,"turns":3},{"damage":14,"enemies":"Jaw Worm Horde","floor":49,"turns":1},{"damage":47,"enemies":"downfall:Silent","floor":50,"turns":4}],"seed_played":"-1302181041082277739","potions_obtained":[{"floor":2,"key":"PowerPotion"},{"floor":4,"key":"BlessingOfTheForge"},{"floor":5,"key":"Slimebound:ThreeZeroPotion"},{"floor":9,"key":"Explosive Potion"},{"floor":21,"key":"AttackPotion"},{"floor":23,"key":"DuplicationPotion"},{"floor":26,"key":"PowerPotion"},{"floor":29,"key":"sneckomod:MuddlingPotion"},{"floor":32,"key":"Swift Potion"},{"floor":37,"key":"EssenceOfSteel"},{"floor":38,"key":"FearPotion"},{"floor":45,"key":"EssenceOfSteel"}],"is_trial":false,"path_per_floor":["R","M","?","M","M","M","T","?","M","M","R","$","R","?","M","B",null,"R","M","?","?","M","E","T","R","M","R","T","M","E","M","M","B",null,"R","M","M","M","$","M","T","?","?","R","M","E","R","$","M","B",null],"character_chosen":"SLIMEBOUND","items_purchased":["Lee\u0027s Waffle","CultistPotion","Slimebound:LevelUp","PowerPotion","HornCleat","Vajra","expansioncontent:QuickStudy","AttackPotion"],"campfire_rested":3,"item_purchase_floors":[12,39,39,39,48,48,48,48],"current_hp_per_floor":[60,57,57,56,56,58,58,70,70,63,63,77,77,77,77,55,77,77,69,52,60,60,26,26,36,35,61,61,58,46,32,24,22,87,87,87,83,67,55,33,33,13,5,46,25,25,66,66,60,29],"gold":89,"neow_bonus":"BOSS_RELIC","is_daily":false,"chose_seed":false,"campfire_upgraded":4,"win_rate":0.0,"timestamp":1609014040,"path_taken":["R","M","?","M","M","M","T","?","M","?","R","?","R","?","M","BOSS","R","M","?","?","M","E","T","R","M","R","?","M","E","M","M","BOSS","R","M","M","M","$","M","T","?","?","R","M","E","R","$","M","BOSS"],"items_purchased_type":["Relic","Potion","Card","Potion","Relic","Relic","Card","Potion"],"build_version":"2020-12-22","purchased_purges":2,"victory":true,"max_hp_per_floor":[60,60,60,60,60,60,60,70,70,70,70,77,77,77,77,77,77,77,77,77,77,77,77,77,87,87,87,87,87,87,87,87,87,87,87,87,87,87,87,87,87,87,87,87,87,87,87,87,87,87],"card_choices":[{"not_picked":["Slimebound:Grow","Slimebound:SamplingLick","Slimebound:DisruptingSlam"],"picked":"SKIP","floor":2},{"not_picked":["Slimebound:RainOfGoop","Slimebound:HungryTackle"],"picked":"Slimebound:SplitBruiser","floor":4},{"not_picked":["Slimebound:SplitMire","Slimebound:RollThrough","Slimebound:LeechEnergy"],"picked":"SKIP","floor":5},{"not_picked":["Slimebound:Grow","Slimebound:TongueLash"],"picked":"Slimebound:SplitAcid","floor":6},{"not_picked":["Slimebound:ProtectTheBoss","Slimebound:Dissolve"],"picked":"Slimebound:SplitSpecialist","floor":9},{"not_picked":["Slimebound:SplitLeeching","Slimebound:RejuvenatingLick"],"picked":"Slimebound:SlimeTap","floor":10},{"not_picked":["Slimebound:SplitMire","Slimebound:SlimeBrawl","Slimebound:ViciousTackle"],"picked":"SKIP","floor":12},{"not_picked":["Slimebound:SplitMire","Slimebound:Dissolve"],"picked":"Slimebound:ForwardTackle","floor":15},{"not_picked":["Slimebound:SlimeSlap","Slimebound:PrepareCrush"],"picked":"Slimebound:TagTeam","floor":16},{"not_picked":["Slimebound:SplitAcid","Slimebound:FirmFortitude"],"picked":"Slimebound:SplitSpecialist","floor":19},{"not_picked":["Slimebound:ViciousTackle+1","Slimebound:FinishingTackle"],"picked":"Slimebound:Prepare+1","floor":21},{"not_picked":["Slimebound:GoopSpray+1","Slimebound:BestDefense+1","Slimebound:PressTheAttack"],"picked":"SKIP","floor":22},{"not_picked":["Slimebound:LeechingTouch+1","Slimebound:RollThrough+1","Slimebound:LeechEnergy"],"picked":"SKIP","floor":23},{"not_picked":["Slimebound:SlimeSpikes+1","Slimebound:GoopTackle+1","Slimebound:Equalize"],"picked":"SKIP","floor":26},{"not_picked":["Slimebound:Schlurp","Slimebound:GoopSpray","Slimebound:Gluttony+1"],"picked":"SKIP","floor":29},{"not_picked":["Slimebound:FinishingTackle+1","Slimebound:SplitAcid","Slimebound:DuplicatedForm"],"picked":"SKIP","floor":30},{"not_picked":["Slimebound:SplitBruiser","Slimebound:SamplingLick","Slimebound:ProtectTheBoss"],"picked":"SKIP","floor":31},{"not_picked":["Slimebound:SlimeBarrage","Slimebound:SlimeSpikes"],"picked":"Slimebound:Prepare","floor":32},{"not_picked":["Slimebound:DouseInSlime","Slimebound:SlimeSlap"],"picked":"Slimebound:CheckThePlaybook","floor":33},{"not_picked":["Slimebound:SplitMire+1","Slimebound:SamplingLick+1","Slimebound:LeechEnergy+1"],"picked":"SKIP","floor":36},{"not_picked":["Slimebound:RejuvenatingLick","Slimebound:LivingWall+1","Slimebound:RollThrough+1"],"picked":"SKIP","floor":37},{"not_picked":["Slimebound:SlimeSpikes","Slimebound:RollThrough"],"picked":"Slimebound:Nibble","floor":38},{"not_picked":["Slimebound:SplitLeeching+1","Slimebound:LeechEnergy","Slimebound:GoopTackle"],"picked":"SKIP","floor":39},{"not_picked":["Slimebound:PressTheAttack+1","Slimebound:HungryTackle+1","Slimebound:LivingWall"],"picked":"SKIP","floor":40},{"not_picked":["Slimebound:LeechEnergy+1","Slimebound:GoopSpray","Slimebound:SlimeBarrage+1"],"picked":"SKIP","floor":45},{"not_picked":["Slimebound:SplitAcid+1","Slimebound:RollThrough+1","Slimebound:Repurpose"],"picked":"SKIP","floor":46},{"not_picked":["Slimebound:SplitLeeching","Slimebound:RollThrough","Slimebound:DisruptingSlam"],"picked":"SKIP","floor":49}],"player_experience":2393628,"relics_obtained":[{"floor":7,"key":"War Paint"},{"floor":20,"key":"MutagenicStrength"},{"floor":21,"key":"Girya"},{"floor":21,"key":"Gremlin Horn"},{"floor":23,"key":"Whetstone"},{"floor":28,"key":"Regal Pillow"},{"floor":30,"key":"Happy Flower"},{"floor":41,"key":"Smiling Mask"},{"floor":46,"key":"Ancient Tea Set"}],"event_choices":[{"cards_removed":["Slimebound:Overexert"],"damage_healed":2,"gold_gain":0,"player_choice":"Offered Rare","damage_taken":0,"max_hp_gain":10,"max_hp_loss":0,"event_name":"Bonfire Elementals","floor":8,"gold_loss":0},{"damage_healed":0,"gold_gain":0,"player_choice":"Damaged","damage_taken":8,"max_hp_gain":0,"max_hp_loss":0,"event_name":"Wheel of Change","floor":43,"gold_loss":0}],"is_beta":false,"boss_relics":[{"not_picked":["Velvet Choker","SacredBark"],"picked":"Astrolabe"},{"not_picked":["Sozu","Black Star"],"picked":"Fusion Hammer"}],"items_purged_floors":[39,48],"is_endless":false,"potions_floor_spawned":[2,4,5,9,19,21,23,26,29,32,37,38,45,49],"ascension_level":2}}