{"host":"hu38hxukylnnynm2","time":1609014698,"event":{"mods":["AchievementEnabler","BaseMod","Card Forge","Colored Powertips","DNKmod","DeckTracker","Friendly Minions","Highlight Path","Minty Spire (QoL Compilation)","Spicy Shops","StSLib"],"gold_per_floor":[1014,1014,1028,1049,1073,1111,1111,1149,1149,1149,1173,1194,203,217,217,336,336,361,379,379,23,48,86,109,164,243,277,300,323,323,362,362,493,493,512,528,528,861,25,50,68,0,0,0,52,77,94,109,109,109,109,109,98,123,123],"floor_reached":56,"playtime":2114,"items_purged":[],"score":2263,"play_id":"709fa1af-0950-457a-b013-bdd633adb8f7","local_time":"20201226153138","is_ascension_mode":true,"campfire_choices":[{"floor":7,"key":"RECALL"},{"floor":15,"key":"REST"},{"floor":30,"key":"REST"},{"floor":32,"key":"REST"},{"floor":49,"key":"REST"},{"floor":52,"key":"REST"}],"circlet_count":0,"master_deck":["Strike_B+1","Strike_B+1","Strike_B+1","Strike_B+1","Defend_B+1","Defend_B+1","Defend_B+1","Defend_B+1","Zap+1","Dualcast+1","Coolheaded+1","Omega+1","Omega+1","Mayhem+1","Omega+1","Mayhem+1","Omega+1","Mayhem+1","Omega+1","Mayhem+1","Mayhem+1","Ball Lightning+1","Undo+1","Defragment+1","Glacier+1","Defragment+1","Reinforced Body+1","White Noise+1","Core Surge+1","Lockon+1","Hologram+1","Cold Snap+1","Force Field+1","Double Energy+1","Defragment+1","Conserve Battery+1","Darkness+1","Echo Form+1","Turbo+1","Steam Power+1","Darkness+1","Redo+1","BootSequence+1","Turbo+1","Hello World+1","Hello World+1","Double Energy+1","Tempest+1","Echo Form+1"],"relics":["Cracked Core","Hammer of Thor","Seething Fire","Anvil of the Gods","NeowsBlessing","HornCleat","Bottled Flame","The Courier","Runic Capacitor","Bag of Marbles","ClockworkSouvenir","Strawberry","Blood Vial","Bronze Scales","Kunai","Oddly Smooth Stone","Black Star","MutagenicStrength","Anchor","Potion Belt","Centennial Puzzle","Ornamental Fan","Juzu Bracelet","Tiny Chest","Bird Faced Urn","Ancient Tea Set","Mummified Hand","Pear","Fusion Hammer","Calipers","Symbiotic Virus","Matryoshka","Bottled Lightning","Prayer Wheel","Incense Burner","Red Mask","Happy Flower","Pocketwatch","Bag of Preparation","Whetstone","FossilizedHelix","Lantern","Ginger","StoneCalendar","Pen Nib"],"acts_visited":["Exordium","TheCity","TheBeyond","TheEnding"],"potions_floor_usage":[33,33,33,50,50,54,55],"damage_taken":[{"damage":0,"enemies":"2 Louse","floor":1,"turns":1},{"damage":0,"enemies":"Cultist","floor":3,"turns":1},{"damage":0,"enemies":"Jaw Worm","floor":4,"turns":1},{"damage":0,"enemies":"Looter","floor":5,"turns":1},{"damage":0,"enemies":"Gremlin Nob","floor":6,"turns":2},{"damage":0,"enemies":"Lagavulin","floor":8,"turns":2},{"damage":0,"enemies":"Lots of Slimes","floor":11,"turns":1},{"damage":14,"enemies":"3 Louse","floor":12,"turns":2},{"damage":5,"enemies":"Exordium Wildlife","floor":14,"turns":2},{"damage":0,"enemies":"The Guardian","floor":16,"turns":3},{"damage":0,"enemies":"Spheric Guardian","floor":18,"turns":1},{"damage":12,"enemies":"Chosen","floor":19,"turns":2},{"damage":0,"enemies":"Snake Plant","floor":22,"turns":1},{"damage":0,"enemies":"Slavers","floor":23,"turns":1},{"damage":0,"enemies":"Snecko","floor":24,"turns":2},{"damage":0,"enemies":"Book of Stabbing","floor":27,"turns":3},{"damage":2,"enemies":"Cultist and Chosen","floor":28,"turns":2},{"damage":4,"enemies":"Centurion and Healer","floor":29,"turns":2},{"damage":0,"enemies":"Gremlin Leader","floor":31,"turns":4},{"damage":0,"enemies":"Automaton","floor":33,"turns":4},{"damage":0,"enemies":"3 Darklings","floor":35,"turns":1},{"damage":16,"enemies":"3 Shapes","floor":36,"turns":3},{"damage":11,"enemies":"Nemesis","floor":40,"turns":3},{"damage":0,"enemies":"Maw","floor":41,"turns":4},{"damage":0,"enemies":"2 Orb Walkers","floor":45,"turns":2},{"damage":0,"enemies":"Giant Head","floor":46,"turns":4},{"damage":0,"enemies":"3 Darklings","floor":47,"turns":3},{"damage":0,"enemies":"Sphere and 2 Shapes","floor":48,"turns":1},{"damage":0,"enemies":"Awakened One","floor":50,"turns":4},{"damage":0,"enemies":"Shield and Spear","floor":54,"turns":4},{"damage":0,"enemies":"The Heart","floor":55,"turns":5}],"seed_played":"-6494937606928752266","potions_obtained":[{"floor":6,"key":"LiquidMemories"},{"floor":12,"key":"Ancient Potion"},{"floor":14,"key":"FocusPotion"},{"floor":24,"key":"ColorlessPotion"},{"floor":28,"key":"Strength Potion"},{"floor":36,"key":"FocusPotion"},{"floor":45,"key":"EssenceOfDarkness"},{"floor":47,"key":"LiquidMemories"}],"is_trial":false,"path_per_floor":["M","?","M","M","M","E","R","E","T","?","M","M","$","M","R","B",null,"M","M","?","$","M","E","M","T","T","E","M","M","R","E","R","B",null,"M","M","?","?","$","E","M","?","T","T","?","E","M","M","R","B",null,"R","$","E","B",null],"character_chosen":"DEFECT","items_purchased":["Runic Capacitor","Bag of Marbles","ClockworkSouvenir","Strawberry","Blood Vial","Bronze Scales","Kunai","Oddly Smooth Stone","Anchor","Potion Belt","Centennial Puzzle","Calipers","Symbiotic Virus","Matryoshka","Bottled Lightning","StoneCalendar"],"campfire_rested":5,"item_purchase_floors":[13,13,13,13,13,13,13,13,21,21,21,39,39,39,39,53],"current_hp_per_floor":[100,100,100,100,100,100,100,100,100,100,100,86,93,90,107,107,107,107,95,95,95,97,99,101,101,101,103,107,107,107,117,117,117,117,117,107,117,117,117,116,117,117,117,117,117,117,117,117,117,117,117,117,117,117,117],"gold":123,"neow_bonus":"THREE_ENEMY_KILL","is_daily":false,"chose_seed":false,"campfire_upgraded":0,"win_rate":0.0,"timestamp":1609014698,"path_taken":["M","?","M","M","M","E","R","E","T","?","M","?","$","M","R","BOSS","M","M","?","$","M","E","M","?","T","E","M","M","R","E","R","BOSS","M","M","?","?","$","E","M","?","T","?","?","E","M","M","R","BOSS","R","$","E","BOSS"],"items_purchased_type":["Relic","Relic","Relic","Relic","Relic","Relic","Relic","Relic","Relic","Relic","Relic","Relic","Relic","Relic","Relic","Relic"],"build_version":"2020-12-22","purchased_purges":0,"victory":true,"max_hp_per_floor":[100,100,100,100,100,100,100,100,100,100,100,100,107,107,107,107,107,107,107,107,107,107,107,107,107,107,107,107,107,107,117,117,117,117,117,117,117,117,117,117,117,117,117,117,117,117,117,117,117,117,117,117,117,117,117],"card_choices":[{"not_picked":["Sweeping Beam","Go for the Eyes"],"picked":"Coolheaded","floor":1},{"not_picked":["Sunder","Sweeping Beam"],"picked":"Ball Lightning","floor":3},{"not_picked":["Streamline","Steam"],"picked":"Undo","floor":4},{"not_picked":["Heatsinks","Stack"],"picked":"Defragment","floor":5},{"not_picked":["Darkness","All For One"],"picked":"Glacier","floor":6},{"not_picked":["Melter","Leap"],"picked":"Defragment","floor":8},{"not_picked":["Sweeping Beam","Beam Cell","Streamline"],"picked":"SKIP","floor":11},{"not_picked":["Steam","Ball Lightning"],"picked":"Reinforced Body","floor":12},{"not_picked":["Doom and Gloom","Undo"],"picked":"White Noise","floor":14},{"not_picked":["Fission","Multi-Cast"],"picked":"Core Surge","floor":16},{"not_picked":["Gash","Steam+1"],"picked":"Lockon","floor":18},{"not_picked":["Streamline+1","Cold Snap+1"],"picked":"Hologram","floor":19},{"not_picked":["Turbo","Rebound"],"picked":"Cold Snap+1","floor":22},{"not_picked":["Recycle+1","Go for the Eyes"],"picked":"Force Field","floor":23},{"not_picked":["Reboot","Ball Lightning"],"picked":"Double Energy","floor":24},{"not_picked":["Streamline","Go for the Eyes+1"],"picked":"Defragment+1","floor":27},{"not_picked":["Hologram+1","Coolheaded+1"],"picked":"Conserve Battery","floor":28},{"not_picked":["Recycle+1","Aggregate"],"picked":"Darkness","floor":29},{"not_picked":["Reboot","Skim","Hologram"],"picked":"SKIP","floor":31},{"not_picked":["Buffer","Machine Learning"],"picked":"Echo Form","floor":33},{"not_picked":["Chaos","Ball Lightning+1"],"picked":"Turbo","floor":35},{"not_picked":["Steam","Conserve Battery+1"],"picked":"Steam Power+1","floor":36},{"not_picked":["Compile Driver","Reprogram+1"],"picked":"Darkness","floor":40},{"not_picked":["Leap","Cold Snap"],"picked":"Redo","floor":41},{"not_picked":["Hologram+1","Compile Driver+1"],"picked":"BootSequence+1","floor":41},{"not_picked":["Barrage+1","Glacier"],"picked":"Turbo+1","floor":45},{"not_picked":["Melter+1","Barrage+1"],"picked":"Hello World+1","floor":46},{"not_picked":["Blizzard","Ball Lightning+1"],"picked":"Hello World","floor":47},{"not_picked":["Hologram","White Noise+1","Rebound+1"],"picked":"SKIP","floor":47},{"not_picked":["FTL","Lockon+1"],"picked":"Double Energy","floor":48},{"not_picked":["Reinforced Body","Coolheaded"],"picked":"Tempest+1","floor":48},{"not_picked":["Coolheaded","Compile Driver"],"picked":"Echo Form","floor":54}],"player_experience":525570,"relics_obtained":[{"floor":6,"key":"HornCleat"},{"floor":8,"key":"Bottled Flame"},{"floor":9,"key":"The Courier"},{"floor":23,"key":"Ornamental Fan"},{"floor":23,"key":"Juzu Bracelet"},{"floor":25,"key":"Tiny Chest"},{"floor":27,"key":"Bird Faced Urn"},{"floor":27,"key":"Ancient Tea Set"},{"floor":31,"key":"Mummified Hand"},{"floor":31,"key":"Pear"},{"floor":40,"key":"Prayer Wheel"},{"floor":40,"key":"Incense Burner"},{"floor":43,"key":"Happy Flower"},{"floor":43,"key":"Pocketwatch"},{"floor":44,"key":"Bag of Preparation"},{"floor":44,"key":"Whetstone"},{"floor":45,"key":"FossilizedHelix"},{"floor":46,"key":"Lantern"},{"floor":46,"key":"Ginger"},{"floor":54,"key":"Pen Nib"}],"event_choices":[{"damage_healed":0,"gold_gain":0,"player_choice":"Take Wound","damage_taken":0,"relics_obtained":["Golden Idol"],"max_hp_gain":0,"max_hp_loss":0,"event_name":"Golden Idol","floor":2,"gold_loss":0,"cards_obtained":["Injury"]},{"damage_healed":0,"gold_gain":0,"player_choice":"Bought 0 Potions","damage_taken":0,"max_hp_gain":0,"max_hp_loss":0,"event_name":"The Woman in Blue","floor":10,"gold_loss":0},{"damage_healed":0,"gold_gain":0,"player_choice":"Inject Mutagens","damage_taken":0,"relics_obtained":["MutagenicStrength"],"max_hp_gain":0,"max_hp_loss":0,"event_name":"Drug Dealer","floor":20,"gold_loss":0},{"damage_healed":10,"gold_gain":0,"player_choice":"Full Heal","damage_taken":0,"max_hp_gain":0,"max_hp_loss":0,"event_name":"Wheel of Change","floor":37,"gold_loss":0},{"damage_healed":0,"gold_gain":333,"player_choice":"Gave Idol","damage_taken":0,"max_hp_gain":0,"max_hp_loss":0,"event_name":"The Moai Head","floor":38,"relics_lost":["Golden Idol"],"gold_loss":0},{"damage_healed":0,"gold_gain":0,"player_choice":"Paid","damage_taken":0,"relics_obtained":["Red Mask"],"max_hp_gain":0,"max_hp_loss":0,"event_name":"Tomb of Lord Red Mask","floor":42,"gold_loss":68},{"damage_healed":0,"gold_gain":0,"player_choice":"Fight","damage_taken":0,"max_hp_gain":0,"max_hp_loss":0,"event_name":"Mysterious Sphere","floor":45,"gold_loss":0}],"is_beta":false,"boss_relics":[{"not_picked":["FrozenCore","Busted Crown"],"picked":"Black Star"},{"not_picked":["Runic Pyramid","Cursed Key"],"picked":"Fusion Hammer"}],"items_purged_floors":[],"is_endless":false,"potions_floor_spawned":[6,12,14,16,18,24,28,31,36,45,47],"ascension_level":6}}