{"host":"enmin8e0t0h2jpek","time":1609015433,"event":{"mods":["AchievementEnabler","BaseMod","Colored Map","Colored Powertips","DeckTracker","Highlight Path","Minty Spire (QoL Compilation)","Quick Restart","Rare Cards Sparkle","Relic Stats","Replay The Spire","Shop Mod","StSLib","SuperFastMode","The Sage","slay the spire mod where everything is the same but ironclad has a cowboy hat"],"gold_per_floor":[115,115,190,206,156,156,156,166,166,201,201,201,215,226,246,275,275,371,371,383,394,425,425,441,441,459,459,459,472,472,491,501,4,4,100,100,119,119,134,21,39,39,39,54,81,93,121,133,165,211,223,235,235],"floor_reached":52,"playtime":2794,"items_purged":["ReplayTheSpireMod:Limb From Limb","Defend_R"],"score":573,"play_id":"b2c5dc0c-830f-482f-b9e7-97e3fba09828","local_time":"20201226214353","is_ascension_mode":false,"campfire_choices":[{"data":"Bash","floor":6,"key":"SMITH"},{"data":"FollowUp","floor":25,"key":"SMITH"},{"data":"Anger","floor":27,"key":"SMITH"},{"floor":42,"key":"REST"},{"data":"Apotheosis","floor":46,"key":"SMITH"},{"data":"Carnage","floor":48,"key":"SMITH"}],"circlet_count":0,"master_deck":["Strike_R","Strike_R","Strike_R","Strike_R","Strike_R","Defend_R","Defend_R","Defend_R+1","Twin Strike","Eruption+1","FollowUp+1","Flex","Iron Wave+1","Inflame+1","Twin Strike+1","Anger+1","Cleave+1","Headbutt","Thunderclap","Limit Break","Flex","Ghostly Armor+1","Sword Boomerang+1","Clothesline+1","Apotheosis+1","Carnage+1","Rage+1","Massacre+1","Inflame","Parasite","Perfected Strike","Clash+1","Heavy Blade+1","Uppercut+1"],"relics":["Ring of Misfortune","Ring of Searing","Replay:M_SmolderingBlood","ReplayTheSpireMod:Shallot","Eternal Feather","Ancient Tea Set","Runic Pyramid","Red Mask","Matryoshka","MerchantsRug","Whetstone","Brimstone","Vajra","MawBank","Letter Opener"],"acts_visited":["Exordium","TheCity","TheBeyond"],"potions_floor_usage":[22,40,50,52],"damage_taken":[{"damage":11,"enemies":"Jaw Worm","floor":1,"turns":3},{"damage":4,"enemies":"2 Louse","floor":4,"turns":2},{"damage":7,"enemies":"Small Slimes","floor":8,"turns":2},{"damage":2,"enemies":"Replay:BlueRogue","floor":10,"turns":4},{"damage":0,"enemies":"Exordium Wildlife","floor":13,"turns":2},{"damage":6,"enemies":"Looter","floor":14,"turns":2},{"damage":10,"enemies":"2 Fungi Beasts","floor":15,"turns":3},{"damage":13,"enemies":"3 Sentries","floor":16,"turns":3},{"damage":48,"enemies":"Slime Boss","floor":18,"turns":6},{"damage":10,"enemies":"Chosen","floor":20,"turns":3},{"damage":15,"enemies":"Shell Parasite","floor":21,"turns":4},{"damage":0,"enemies":"Masked Bandits","floor":22,"turns":2},{"damage":18,"enemies":"Snecko","floor":24,"turns":3},{"damage":0,"enemies":"3 Cultists","floor":26,"turns":3},{"damage":7,"enemies":"Centurion and Healer","floor":29,"turns":5},{"damage":10,"enemies":"Shelled Parasite and Fungi","floor":31,"turns":4},{"damage":3,"enemies":"Chosen and Byrds","floor":32,"turns":3},{"damage":66,"enemies":"Collector","floor":35,"turns":6},{"damage":23,"enemies":"3 Shapes","floor":37,"turns":3},{"damage":43,"enemies":"3 Darklings","floor":39,"turns":5},{"damage":12,"enemies":"Jaw Worm Horde","floor":41,"turns":3},{"damage":20,"enemies":"Writhing Mass","floor":44,"turns":4},{"damage":15,"enemies":"3 Darklings","floor":47,"turns":3},{"damage":6,"enemies":"4 Shapes","floor":49,"turns":1},{"damage":0,"enemies":"Giant Head","floor":50,"turns":4},{"damage":130,"enemies":"Awakened One","floor":52,"turns":6}],"seed_played":"7036170532478541249","potions_obtained":[{"floor":4,"key":"LifebloodPotion"},{"floor":14,"key":"LifebloodPotion"},{"floor":16,"key":"SkillPotion"},{"floor":18,"key":"SpeedPotion"},{"floor":20,"key":"sagemod:Wine"},{"floor":21,"key":"Strength Potion"},{"floor":26,"key":"SmokeBomb"},{"floor":32,"key":"Swift Potion"},{"floor":35,"key":"Elixir"},{"floor":41,"key":"ColorlessPotion"},{"floor":49,"key":"Block Potion"}],"is_trial":false,"path_per_floor":["M","?","?","M","?","R","?","M","T","E","PTL","PTL","M","M","M","E","R_BF","B",null,"M","M","?","?","M","R","M","R","T","M","?","M","M","$","R_BF","B",null,"M","?","M","$","M","R","?","M","T","R","M","R","M","E","R_BF","B"],"character_chosen":"IRONCLAD","items_purchased":["Apotheosis","Carnage","MerchantsRug","Whetstone","Brimstone"],"campfire_rested":1,"item_purchase_floors":[33,33,33,40,40],"current_hp_per_floor":[75,75,64,66,66,66,66,59,59,57,57,57,57,51,41,28,61,13,80,70,55,55,55,37,49,49,61,61,54,45,35,32,32,71,5,80,57,57,14,14,2,44,44,24,24,42,27,45,39,39,80,0,0],"gold":235,"neow_bonus":"RANDOM_EVENT","is_daily":false,"chose_seed":false,"campfire_upgraded":5,"win_rate":0.0,"timestamp":1609015433,"path_taken":["M","?","?","M","?","R","?","M","T","E","PTL","PTL","M","?","M","E","R_BF","BOSS","M","M","?","?","M","R","M","R","T","M","?","?","M","?","R_BF","BOSS","M","?","?","?","?","R","?","M","T","R","M","R","M","E","R_BF","BOSS"],"items_purchased_type":["Card","Card","Relic","Relic","Relic"],"build_version":"2020-12-22","purchased_purges":2,"victory":false,"max_hp_per_floor":[80,80,80,80,80,80,80,80,80,80,80,80,80,80,80,80,80,80,80,80,80,80,80,80,80,80,80,80,80,80,80,80,80,80,80,80,80,80,80,80,80,80,80,80,80,80,80,80,80,80,80,80,80],"relic_stats":{"counters":[26,89],"Eternal Feather":120,"Whetstone":["Cleave","Iron Wave"],"Letter Opener":[0],"MawBank":84,"obtain_stats":[{"MerchantsRug":33,"SacredBark":36,"Vajra":45,"Eternal Feather":10,"Whetstone":40,"Letter Opener":50,"Ancient Tea Set":16,"MawBank":45,"Burning Blood":0,"Ring of Searing":2,"Matryoshka":28,"ReplayTheSpireMod:Shallot":9,"Replay:M_SmolderingBlood":7,"Brimstone":40,"Ring of Misfortune":2,"Red Mask":22,"Runic Pyramid":19},{"MerchantsRug":17,"SacredBark":18,"Vajra":22,"Eternal Feather":4,"Whetstone":20,"Letter Opener":25,"Ancient Tea Set":8,"MawBank":22,"Burning Blood":0,"Ring of Searing":1,"Matryoshka":14,"ReplayTheSpireMod:Shallot":3,"Replay:M_SmolderingBlood":2,"Brimstone":20,"Ring of Misfortune":1,"Red Mask":12,"Runic Pyramid":9},{"MerchantsRug":54,"SacredBark":60,"Vajra":75,"Eternal Feather":11,"Whetstone":68,"Letter Opener":83,"Ancient Tea Set":21,"MawBank":75,"Burning Blood":0,"Ring of Searing":3,"Matryoshka":42,"ReplayTheSpireMod:Shallot":7,"Replay:M_SmolderingBlood":5,"Brimstone":68,"Ring of Misfortune":3,"Red Mask":36,"Runic Pyramid":27}]},"card_choices":[{"not_picked":["Warcry","Clash"],"picked":"Twin Strike","floor":1},{"not_picked":["Clothesline","Headbutt"],"picked":"Dropkick","floor":4},{"not_picked":["Armaments","Bludgeon"],"picked":"FollowUp","floor":8},{"not_picked":["CrushJoints","Swivel"],"picked":"Flex","floor":10},{"not_picked":["Bloodletting","Thunderclap"],"picked":"Iron Wave","floor":13},{"not_picked":["Perfected Strike","Body Slam"],"picked":"Inflame","floor":14},{"not_picked":["Flame Barrier","Iron Wave"],"picked":"Twin Strike","floor":15},{"not_picked":["ReplayTheSpireMod:Strike From Hell","Massacre"],"picked":"Anger","floor":16},{"not_picked":["Abandon","Clothesline"],"picked":"Cleave","floor":20},{"not_picked":["Flex","Replay:Undeath\u0027s Touch"],"picked":"Headbutt","floor":21},{"not_picked":["Warcry","ReplayTheSpireMod:Strike From Hell+1"],"picked":"Thunderclap","floor":22},{"not_picked":["True Grit","Pommel Strike"],"picked":"Flex","floor":24},{"not_picked":["Searing Blow","Battle Trance+1"],"picked":"Ghostly Armor","floor":26},{"not_picked":["Cleave","Burning Pact"],"picked":"ReplayTheSpireMod:Limb From Limb","floor":29},{"not_picked":["Iron Wave+1","Dual Wield"],"picked":"Sword Boomerang+1","floor":31},{"not_picked":["Headbutt","Entrench+1"],"picked":"Clothesline+1","floor":32},{"not_picked":["Juggernaut","Barricade"],"picked":"Impervious","floor":35},{"not_picked":["Headbutt","Spot Weakness"],"picked":"Rage+1","floor":37},{"not_picked":["True Grit+1","Run Through"],"picked":"Massacre+1","floor":39},{"not_picked":["Heavy Blade","Headbutt"],"picked":"Inflame","floor":41},{"not_picked":["ReplayTheSpireMod:Strike From Hell","Brutality"],"picked":"Perfected Strike","floor":44},{"not_picked":["ReplayTheSpireMod:Stacked","Rage"],"picked":"Clash+1","floor":47},{"not_picked":["Shrug It Off","Perfected Strike+1"],"picked":"Heavy Blade+1","floor":49},{"not_picked":["Bludgeon","Dropkick"],"picked":"Uppercut+1","floor":50}],"player_experience":13486,"relics_obtained":[{"floor":2,"key":"Ring of Misfortune"},{"floor":2,"key":"Ring of Searing"},{"floor":9,"key":"ReplayTheSpireMod:Shallot"},{"floor":10,"key":"Eternal Feather"},{"floor":16,"key":"Ancient Tea Set"},{"floor":22,"key":"Red Mask"},{"floor":28,"key":"Matryoshka"},{"floor":45,"key":"Vajra"},{"floor":45,"key":"MawBank"},{"floor":50,"key":"Letter Opener"}],"event_choices":[{"damage_healed":0,"gold_gain":75,"player_choice":"Gather Gold","damage_taken":11,"max_hp_gain":0,"max_hp_loss":0,"event_name":"World of Goop","floor":3,"gold_loss":0},{"cards_removed":["Hallucinations"],"damage_healed":0,"gold_gain":0,"player_choice":"Card Removal","damage_taken":0,"max_hp_gain":0,"max_hp_loss":0,"event_name":"The Cleric","floor":5,"gold_loss":50},{"damage_healed":0,"gold_gain":0,"player_choice":"Fought Bandits","damage_taken":0,"max_hp_gain":0,"max_hp_loss":0,"event_name":"Masked Bandits","floor":22,"gold_loss":0},{"damage_healed":0,"gold_gain":0,"player_choice":"Read","damage_taken":0,"max_hp_gain":0,"max_hp_loss":0,"event_name":"The Library","floor":23,"gold_loss":0,"cards_obtained":["Limit Break"]},{"damage_healed":0,"gold_gain":0,"player_choice":"Stopped","damage_taken":9,"max_hp_gain":0,"max_hp_loss":0,"event_name":"Cursed Tome","floor":30,"gold_loss":0},{"cards_removed":["Dropkick"],"damage_healed":0,"gold_gain":0,"player_choice":"Purged","damage_taken":0,"max_hp_gain":0,"max_hp_loss":0,"event_name":"Purifier","floor":38,"gold_loss":0},{"cards_removed":["Impervious"],"damage_healed":0,"gold_gain":0,"player_choice":"Removed Skill","damage_taken":0,"max_hp_gain":0,"max_hp_loss":0,"event_name":"Falling","floor":43,"gold_loss":0}],"is_beta":false,"boss_relics":[{"not_picked":["Painkiller Herb","Ectoplasm"],"picked":"Runic Pyramid"},{"not_picked":["Coffee Dripper","Empty Cage"],"picked":"SacredBark"}],"items_purged_floors":[33,40],"is_endless":false,"potions_floor_spawned":[4,14,16,18,20,21,26,32,35,37,41,49],"killed_by":"Awakened One","ascension_level":0}}