{"host":"8cthvke634f9mtsj","time":1609026116,"event":{"mods":["AchievementEnabler","BaseMod","Colored Map","Colored Powertips","Minty Spire (QoL Compilation)","Rare Cards Sparkle"],"gold_per_floor":[113,128,128,167,76,129,129,186,186,199,199,163,183,218,218,343,343,356,15,61,80,98,98,121,121,121,145,145,145,145],"floor_reached":29,"playtime":3523,"items_purged":[],"score":286,"play_id":"234e7304-b16f-40a7-855f-15b07fc3f057","local_time":"20201227004156","is_ascension_mode":true,"campfire_choices":[{"floor":7,"key":"REST"},{"floor":15,"key":"REST"},{"data":"Eruption","floor":23,"key":"SMITH"},{"data":"Establishment","floor":25,"key":"SMITH"},{"data":"Adaptation","floor":28,"key":"SMITH"}],"circlet_count":0,"master_deck":["Strike_P","Strike_P","Strike_P","Strike_P","Defend_P","Defend_P","Defend_P","Eruption+1","Vigilance","Wish","CarveReality","Vengeance","Adaptation+1","InnerPeace","Crescendo","Conclude","WindmillStrike","Injury","TalkToTheHand","Wallop","MentalFortress","Establishment+1","Study+1","TalkToTheHand","FlyingSleeves","BattleHymn+1","FollowUp+1","ClearTheMind","LessonLearned"],"relics":["PureWater","Eternal Feather","Shovel","InkBottle","Golden Idol","PreservedInsect","SlaversCollar","DollysMirror","Art of War","Bag of Marbles"],"acts_visited":["Exordium","TheCity"],"potions_floor_usage":[14,16,18,21,27,29,29],"damage_taken":[{"damage":12,"enemies":"Jaw Worm","floor":1,"turns":2},{"damage":0,"enemies":"Small Slimes","floor":2,"turns":2},{"damage":2,"enemies":"2 Louse","floor":4,"turns":4},{"damage":26,"enemies":"Lagavulin","floor":6,"turns":5},{"damage":23,"enemies":"3 Sentries","floor":8,"turns":7},{"damage":5,"enemies":"Red Slaver","floor":10,"turns":2},{"damage":2,"enemies":"Looter","floor":13,"turns":2},{"damage":0,"enemies":"Gremlin Nob","floor":14,"turns":3},{"damage":22,"enemies":"Hexaghost","floor":16,"turns":9},{"damage":28,"enemies":"2 Thieves","floor":18,"turns":4},{"damage":19,"enemies":"Shell Parasite","floor":20,"turns":7},{"damage":13,"enemies":"Centurion and Healer","floor":21,"turns":7},{"damage":3,"enemies":"Snecko","floor":22,"turns":4},{"damage":6,"enemies":"3 Cultists","floor":24,"turns":3},{"damage":10,"enemies":"Chosen and Byrds","floor":27,"turns":4},{"damage":48,"enemies":"Shelled Parasite and Fungi","floor":29,"turns":2}],"seed_played":"5981282795927202257","potions_obtained":[{"floor":2,"key":"DistilledChaos"},{"floor":4,"key":"PowerPotion"},{"floor":13,"key":"SkillPotion"},{"floor":14,"key":"Strength Potion"},{"floor":18,"key":"Block Potion"},{"floor":20,"key":"Fire Potion"},{"floor":22,"key":"Explosive Potion"},{"floor":24,"key":"AttackPotion"}],"is_trial":false,"path_per_floor":["M","M","?","M","$","E","R","E","T","M","?","$","M","E","R","B",null,"M","$","M","M","M","R","M","R","T","M","R","M"],"character_chosen":"WATCHER","items_purchased":["InnerPeace","Crescendo","TalkToTheHand","DollysMirror","FlyingSleeves","Art of War"],"campfire_rested":2,"item_purchase_floors":[5,5,12,19,19,19],"current_hp_per_floor":[60,60,53,51,51,25,55,32,32,27,27,27,25,25,58,36,72,44,44,25,12,9,24,18,33,33,23,38,0,0],"gold":145,"neow_bonus":"ONE_RANDOM_RARE_CARD","is_daily":false,"chose_seed":false,"campfire_upgraded":3,"win_rate":0.0,"timestamp":1609026116,"path_taken":["M","M","?","M","$","E","R","E","T","M","?","$","M","E","R","BOSS","M","$","M","M","M","R","M","R","T","M","R","M"],"items_purchased_type":["Card","Card","Card","Relic","Card","Relic"],"build_version":"2020-12-22","purchased_purges":0,"victory":false,"max_hp_per_floor":[72,72,72,72,72,72,72,72,72,72,72,72,72,72,72,72,72,72,72,72,72,72,72,72,72,72,72,72,72,72],"card_choices":[{"not_picked":["CrushJoints","SashWhip"],"picked":"CarveReality","floor":1},{"not_picked":["ClearTheMind","MentalFortress"],"picked":"Vengeance","floor":2},{"not_picked":["ForeignInfluence","Prostrate"],"picked":"Adaptation","floor":4},{"not_picked":["EmptyMind","Fasting2","Adaptation"],"picked":"SKIP","floor":6},{"not_picked":["Collect","BowlingBash"],"picked":"Conclude","floor":8},{"not_picked":["Prostrate","WreathOfFlame"],"picked":"WindmillStrike","floor":10},{"not_picked":["Conclude","EmptyBody"],"picked":"Wallop","floor":13},{"not_picked":["Crescendo","ClearTheMind"],"picked":"MentalFortress","floor":14},{"not_picked":["Omniscience","Alpha"],"picked":"Establishment","floor":16},{"not_picked":["InnerPeace","PathToVictory+1"],"picked":"Study+1","floor":18},{"not_picked":["Study+1","CutThroughFate"],"picked":"BattleHymn+1","floor":20},{"not_picked":["EmptyBody","Prostrate"],"picked":"FollowUp+1","floor":21},{"not_picked":["Consecrate","FlyingSleeves+1"],"picked":"ClearTheMind","floor":22},{"not_picked":["FlyingSleeves","Wallop"],"picked":"LessonLearned","floor":24},{"not_picked":["WheelKick","Prostrate","CutThroughFate"],"picked":"SKIP","floor":27}],"player_experience":268149,"relics_obtained":[{"floor":6,"key":"Eternal Feather"},{"floor":8,"key":"Shovel"},{"floor":9,"key":"InkBottle"},{"floor":14,"key":"PreservedInsect"},{"floor":26,"key":"Bag of Marbles"}],"event_choices":[{"cards_removed":["Defend_P"],"damage_healed":0,"gold_gain":0,"player_choice":"Card Removal","damage_taken":7,"max_hp_gain":0,"max_hp_loss":0,"event_name":"Golden Wing","floor":3,"gold_loss":0},{"damage_healed":0,"gold_gain":0,"player_choice":"Take Wound","damage_taken":0,"relics_obtained":["Golden Idol"],"max_hp_gain":0,"max_hp_loss":0,"event_name":"Golden Idol","floor":11,"gold_loss":0,"cards_obtained":["Injury"]}],"is_beta":false,"boss_relics":[{"not_picked":["Astrolabe","Runic Pyramid"],"picked":"SlaversCollar"}],"items_purged_floors":[],"is_endless":false,"potions_floor_spawned":[2,4,13,14,18,20,22,24],"killed_by":"Shelled Parasite and Fungi","ascension_level":1}}