{"host":"ds1yr10zonoc6w4a","time":1609003220,"event":{"mods":["2.2 Compatiblity","AchievementEnabler","Act Like it!","BaseMod","Downfall","Elementarium","Gensokyo","Infinite Spire","Jorbs\u0027s Wanderer Trilogy","Koishi","Menagerie","Minty Spire (QoL Compilation)","Pale of the Ancients","StSLib","The Animator","Wandering Minibosses","vexMod","??????REMEMod"],"gold_per_floor":[130,150,174,3,0,0,44,57,80,93,93,93,93,261,261,609,609,690,707,16,27,27,27],"floor_reached":22,"playtime":5116,"items_purged":[],"score":388,"play_id":"e7a7c17d-ef93-4e66-bee1-a8a42439a086","local_time":"20201226102020","is_ascension_mode":true,"campfire_choices":[{"floor":6,"key":"RECALL"},{"data":"animator:Tatsumaki","floor":13,"key":"SMITH"},{"data":"animator:Strike","floor":15,"key":"PURGE"}],"circlet_count":0,"master_deck":["AscendersBane","animator:Strike_MadokaMagica","animator:Defend_MadokaMagica","animator:Strike","animator:Strike","animator:Defend","animator:Defend","animator:Defend","animator:IrohaTamaki","animator:YuiTsuruno","sneckomod:UnknownClassLunar","animator:YachiyoNanami","animator:KyokoSakura","animator:Aisha","animator:SayakaMiki","animator:Tatsumaki+1","animator:LizardPriest","animator:RoyMustang","Gensokyo:Shovel","Gensokyo:RustyChest","Gensokyo:BlemishedSteel","Gensokyo:HAARP","animator:GoblinSlayer+1","animator:YuiTsuruno"],"relics":["animator:LivingPicture","animator:TheMissingPiece","REME_ComplimentaryCards","Singing Bowl","Blood Vial","Mango","Gensokyo:OccultBall","Peace Pipe","Mark of Pain","TwistedFunnel","TheAbacus"],"acts_visited":["Gensokyo:Gensokyo","Gensokyo:Gensokyoer"],"potions_floor_usage":[14,16],"damage_taken":[{"damage":2.0,"enemies":"Gensokyo:Python","floor":1.0,"turns":4.0},{"damage":5,"enemies":"Gensokyo:Gryphon","floor":2,"turns":4},{"damage":3,"enemies":"Gensokyo:2_Kodama","floor":3,"turns":4},{"damage":16,"enemies":"Gensokyo:Mamizou","floor":7,"turns":11},{"damage":0,"enemies":"Gensokyo:VengefulSpirit","floor":8,"turns":9},{"damage":0,"enemies":"Gensokyo:LivingMonolith","floor":10,"turns":3},{"damage":0,"enemies":"Gensokyo:3_Kodama","floor":14,"turns":9},{"damage":0,"enemies":"Gensokyo:Reimu","floor":16,"turns":10},{"damage":4,"enemies":"Gensokyo:2_Gloops","floor":18,"turns":7},{"damage":5,"enemies":"Gensokyo:Chomper","floor":19,"turns":6},{"damage":16,"enemies":"Gensokyo:Wraith","floor":21,"turns":5},{"damage":61,"enemies":"Gensokyo:3_Gloops","floor":22,"turns":6}],"seed_played":"3849035574439731663","potions_obtained":[{"floor":7,"key":"EssenceOfSteel"},{"floor":8,"key":"LiquidMemories"},{"floor":18,"key":"FearPotion"}],"is_trial":false,"path_per_floor":["M","M","M","COS","?","R","E","M","T","M","?","?","R","M","R","B",null,"M","M","COS","M","M"],"character_chosen":"THE_ANIMATOR","items_purchased":[],"campfire_rested":0,"item_purchase_floors":[],"current_hp_per_floor":[58,53,50,50,51,51,37,37,37,39,32,32,32,36,36,40,75,75,72,72,58,0,0],"gold":27,"neow_bonus":"THREE_CARDS","is_daily":false,"chose_seed":false,"campfire_upgraded":1,"win_rate":0.0,"timestamp":1609003220,"path_taken":["M","?","M","COS","?","R","E","M","T","M","?","?","R","M","R","BOSS","M","M","COS","M","M"],"items_purchased_type":[],"build_version":"2020-12-22","purchased_purges":0,"victory":false,"max_hp_per_floor":[67,67,67,67,67,67,69,69,69,69,83,83,83,85,85,87,87,89,89,89,89,89,89],"card_choices":[{"not_picked":["animator:KrulTepes","animator:SilverFang"],"picked":"animator:YachiyoNanami","floor":0.0},{"not_picked":["animator:Laby","animator:Caster"],"picked":"animator:KyokoSakura","floor":1},{"not_picked":["animator:Rider","animator:Lu"],"picked":"animator:EmiyaShirou","floor":2},{"not_picked":["animator:Melzalgald","animator:KyokoSakura"],"picked":"animator:Aisha","floor":3},{"not_picked":["animator:KyokoSakura","animator:YachiyoNanami"],"picked":"animator:SayakaMiki","floor":7},{"not_picked":["animator:KyokoSakura","animator:Archer","animator:MaesHughes"],"picked":"Singing Bowl","floor":7},{"not_picked":["animator:Guren","animator:Shinoa"],"picked":"animator:Tatsumaki","floor":8},{"not_picked":["animator:Laby","animator:SilverFang"],"picked":"animator:LizardPriest","floor":10},{"not_picked":["animator:Mitsuba","animator:Genos","animator:KyokoSakura"],"picked":"Singing Bowl","floor":14},{"not_picked":["animator:MadokaKaname","animator:Saitama","animator:Father"],"picked":"Singing Bowl","floor":16},{"not_picked":["animator:Elsword","animator:Ciel","animator:Chung"],"picked":"Singing Bowl","floor":18},{"not_picked":["animator:Alexander","animator:Mikaela"],"picked":"animator:RoyMustang","floor":19},{"not_picked":["animator:MaesHughes+1","animator:DwarfShaman+1"],"picked":"animator:GoblinSlayer+1","floor":21},{"not_picked":["animator:Elsword+1","animator:Geryuganshoop+1"],"picked":"animator:YuiTsuruno","floor":21}],"player_experience":554957,"relics_obtained":[{"floor":7,"key":"Singing Bowl"},{"floor":9,"key":"Blood Vial"},{"floor":16,"key":"Gensokyo:OccultBall"}],"event_choices":[],"is_beta":false,"boss_relics":[{"not_picked":["vexMod:NewClearReactor","Busted Crown"],"picked":"Mark of Pain"}],"items_purged_floors":[],"is_endless":false,"potions_floor_spawned":[7,8,10,18],"killed_by":"Gensokyo:3_Gloops","ascension_level":11}}