{"host":"uae2ry9d6rl7cq98","time":1609006911,"event":{"mods":["AchievementEnabler","BaseMod","BetterRewards","Colored Map","Custom Start","Hermit","Hubris","Infinite Spire","Minty Spire (QoL Compilation)","Replay The Spire","Shop Mod","StSLib","SuperFastMode","The Animator","The Hierophant","The Servant 0.9.4"],"gold_per_floor":[112,112,112,112,112,138,63,63,134,163,182,246,277,277,277,379,379,398,488,506,17,17,17,35,35,385,397,409,409],"floor_reached":28,"playtime":1405,"items_purged":["CommonCold","ReplayTheSpireMod:The Works"],"score":310,"play_id":"8af24354-f2aa-42fb-8760-ae7bfa7aee54","local_time":"20201226102151","is_ascension_mode":true,"campfire_choices":[{"floor":8,"key":"RECALL"},{"data":"ReplayTheSpireMod:Scrap Shanks","floor":15,"key":"SMITH"},{"data":"Specialist","floor":23,"key":"SMITH"},{"floor":27,"key":"REST"}],"circlet_count":0,"master_deck":["Strike_G","Strike_G","Strike_G","Strike_G","Strike_G","Defend_G","Defend_G","Defend_G","Defend_G","Survivor","Neutralize+1","Flying Knee+1","Prepared","Bouncing Flask","Caltrops","ReplayTheSpireMod:Scrap Shanks+1","Burst+1","Survivor","Storm of Steel+1","Specialist+1","infinitespire:Collect","Replay:Bag of Tricks+1","Blade Dance","Dash+1","ReplayTheSpireMod:Speed Training","CommonCold"],"relics":["Ring of the Snake","NeowsBlessing","ReplayTheSpireMod:Ring of Collecting","ReplayTheSpireMod:Ring of Addiction","SacredBark","hubris:EmptyBottle","Ring of Hypnosis","Omamori","Ring of Fangs","Golden Egg","hubris:MobiusCoin","Centennial Puzzle","ReplayTheSpireMod:SealedPack","Vajra","MerchantsRug","hubris:Icosahedron","Ring of Greed","Old Coin","MawBank","infinitespire:WardingShard"],"acts_visited":["Exordium","TheCity"],"potions_floor_usage":[10,12,13,16,16,16,18,20,20,28],"damage_taken":[{"damage":0,"enemies":"Cultist","floor":1,"turns":1},{"damage":0,"enemies":"3 Sentries","floor":6,"turns":1},{"damage":0,"enemies":"Replay:BlueRogue","floor":10,"turns":1},{"damage":0,"enemies":"2 Louse","floor":11,"turns":4},{"damage":3,"enemies":"Jaw Worm","floor":12,"turns":4},{"damage":12,"enemies":"Lagavulin","floor":13,"turns":5},{"damage":21,"enemies":"Hexaghost","floor":16,"turns":7},{"damage":10,"enemies":"Chosen","floor":18,"turns":5},{"damage":36,"enemies":"3 Byrds","floor":20,"turns":4},{"damage":19,"enemies":"Centurion and Healer","floor":24,"turns":5},{"damage":29,"enemies":"Slavers","floor":28,"turns":4}],"seed_played":"2889528132279713249","potions_obtained":[{"floor":2,"key":"Venom Potion"},{"floor":2,"key":"AttackPotion"},{"floor":2,"key":"Regen Potion"},{"floor":11,"key":"CultistPotion"},{"floor":13,"key":"Weak Potion"},{"floor":20,"key":"Cursed Concoction"}],"is_trial":false,"path_per_floor":["M","?","?","T","?","E","$","R","T","E","M","M","E","?","R","B",null,"M","?","M","$","?","R","M","?","T","R","E"],"character_chosen":"THE_SILENT","items_purchased":["Vajra","Dash","MerchantsRug","SkillPotion"],"campfire_rested":1,"item_purchase_floors":[21,21,21,21],"current_hp_per_floor":[70,70,70,70,70,68,68,68,66,66,66,63,63,63,63,47,66,56,44,8,8,30,30,11,11,11,29,0,0],"gold":409,"neow_bonus":"THREE_ENEMY_KILL","is_daily":false,"chose_seed":false,"campfire_upgraded":2,"win_rate":0.0,"timestamp":1609006911,"path_taken":["M","?","?","?","?","E","$","R","T","E","M","M","E","?","R","BOSS","M","?","M","?","?","R","M","?","T","R","E"],"items_purchased_type":["Relic","Card","Relic","Potion"],"build_version":"2020-12-22","purchased_purges":2,"victory":false,"max_hp_per_floor":[70,70,70,70,70,68,68,68,66,66,66,66,66,66,66,66,66,66,66,66,66,66,66,64,64,64,62,62,62],"card_choices":[{"not_picked":["Backflip","Outmaneuver"],"picked":"Flying Knee","floor":1},{"not_picked":["Backflip","Dodge and Roll"],"picked":"ReplayTheSpireMod:The Works","floor":6},{"not_picked":["Eviscerate","Hidden Blade"],"picked":"Prepared","floor":10},{"not_picked":["Grand Finale","ReplayTheSpireMod:Scrap Shanks"],"picked":"Bouncing Flask","floor":11},{"not_picked":["Backflip","Underhanded Strike"],"picked":"Caltrops","floor":12},{"not_picked":["Deadly Poison","Concentrate"],"picked":"ReplayTheSpireMod:Scrap Shanks","floor":13},{"not_picked":["Storm of Steel","Phantasmal Killer"],"picked":"Burst","floor":16},{"not_picked":["Eruption","Neutralize"],"picked":"Survivor","floor":17},{"not_picked":["Atom Bomb","Night Terror"],"picked":"Storm of Steel","floor":17},{"not_picked":["Blind","Jack Of All Trades"],"picked":"Specialist","floor":17},{"not_picked":["infinitespire:Starlight","infinitespire:SevenWalls"],"picked":"infinitespire:Collect","floor":17},{"not_picked":["Masterful Stab","Backflip"],"picked":"Replay:Bag of Tricks","floor":18},{"not_picked":["Cloak And Dagger","hubris:SlightOfHand+1"],"picked":"Blade Dance","floor":20},{"not_picked":["Backflip","Deflect"],"picked":"ReplayTheSpireMod:Speed Training","floor":24}],"player_experience":258765,"relics_obtained":[{"floor":2,"key":"ReplayTheSpireMod:Ring of Collecting"},{"floor":2,"key":"ReplayTheSpireMod:Ring of Addiction"},{"floor":2,"key":"SacredBark"},{"floor":2,"key":"hubris:EmptyBottle"},{"floor":4,"key":"Ring of Hypnosis"},{"floor":6,"key":"Omamori"},{"floor":9,"key":"Ring of Fangs"},{"floor":9,"key":"Golden Egg"},{"floor":10,"key":"hubris:MobiusCoin"},{"floor":13,"key":"Centennial Puzzle"},{"floor":26,"key":"Ring of Greed"},{"floor":26,"key":"Old Coin"},{"floor":26,"key":"MawBank"},{"floor":26,"key":"infinitespire:WardingShard"}],"event_choices":[{"cards_removed":["Defend_G"],"damage_healed":0,"gold_gain":0,"player_choice":"Forget","damage_taken":0,"max_hp_gain":0,"max_hp_loss":0,"event_name":"Living Wall","floor":14,"gold_loss":0},{"damage_healed":0,"gold_gain":90,"player_choice":"GOLD ","damage_taken":12,"max_hp_gain":0,"max_hp_loss":0,"event_name":"Knowing Skull","floor":19,"potions_obtained":[],"gold_loss":0,"cards_obtained":[]},{"damage_healed":22,"gold_gain":0,"player_choice":"Heal","damage_taken":0,"max_hp_gain":0,"max_hp_loss":0,"event_name":"The Library","floor":22,"gold_loss":0}],"is_beta":false,"boss_relics":[{"not_picked":["Coffee Dripper","Ectoplasm"],"picked":"ReplayTheSpireMod:SealedPack"}],"items_purged_floors":[7,21],"is_endless":false,"potions_floor_spawned":[11,13,20],"killed_by":"Slavers","ascension_level":2}}