{"host":"9j3fc2y26rr1ufa1","time":1609019289,"event":{"mods":["AchievementEnabler","Act Like it!","Aspiration","BaseMod","Better Note","BetterRewards","Block Reminder","Colored Map","Colored Powertips","Conspire","Downfall","Elementarium","Gensokyo","GifTheSpireLib","Hallownest","Highlight Path","Hubris","Infinite Spire","Jorbs\u0027s Wanderer Trilogy","Lobotomy","Marisa????????","Minty Spire (QoL Compilation)","Quick Restart","Rare Cards Sparkle","Replay The Spire","StSLib","Stuff the Spire","Td1madao Mod","The Animator","The Cursed","The Factory","The Jungle","The Necromancer","The Problem Sleuth","The Servant 0.9.4","everything is the same but u backflip on backflip"],"gold_per_floor":[115,133,133,133,133,162,162,172,172,27,52,63,78,92,92,193,193,205,205,222,182,26,26,126,126,153,153,179,196,213,213,173,173,173],"floor_reached":33,"playtime":2034,"items_purged":[],"score":275,"play_id":"2100c3c2-6516-4f51-a1d8-309149c98e36","local_time":"20201226224809","is_ascension_mode":false,"campfire_choices":[{"data":"UpSweep","floor":7,"key":"SMITH"},{"floor":15,"key":"REST"},{"data":"expansioncontent:TimeRipple","floor":23,"key":"SMITH"},{"data":"ManaRampage","floor":25,"key":"SMITH"},{"data":"GrandCross","floor":27,"key":"SMITH"}],"circlet_count":0,"master_deck":["Strike_MRS","Strike_MRS","Strike_MRS+1","Strike_MRS+1","Defend_MRS","Defend_MRS","Defend_MRS","Defend_MRS","MasterSpark","UpSweep+1","GrandCross+1","GalacticHalo","GrandCross+1","UnstableBomb","ManaRampage+1","UnstableBomb","Apotheosis+1","Dramatic Entrance+1","expansioncontent:TimeRipple+1","EnergyRecoil+1"],"relics":["MiniHakkero","StuffTheSpire:Gunfinga","infinitespire:Satchel","Nunchaku","conspire:TreasureMap","aspiration:FetidBarrel","Sozu","ReplayTheSpireMod:ShopPack","Whetstone","Gremlin Horn","Bottled Flame"],"acts_visited":["Exordium","TheCity"],"potions_floor_usage":[6,12,16],"damage_taken":[{"damage":1,"enemies":"2 Louse","floor":1,"turns":3},{"damage":1,"enemies":"Cultist","floor":2,"turns":3},{"damage":26,"enemies":"Lagavulin","floor":6,"turns":4},{"damage":6,"enemies":"Jaw Worm","floor":8,"turns":2},{"damage":9,"enemies":"Replay:BlueRogue","floor":11,"turns":5},{"damage":12,"enemies":"Exordium Thugs","floor":12,"turns":4},{"damage":8,"enemies":"Exordium Wildlife","floor":13,"turns":4},{"damage":0,"enemies":"2 Fungi Beasts","floor":14,"turns":2},{"damage":27,"enemies":"The Guardian","floor":16,"turns":10},{"damage":0,"enemies":"Chosen","floor":18,"turns":3},{"damage":12,"enemies":"Shell Parasite","floor":20,"turns":3},{"damage":32,"enemies":"Slavers","floor":28,"turns":3},{"damage":32,"enemies":"Snake Plant","floor":29,"turns":3},{"damage":0,"enemies":"3 Cultists","floor":30,"turns":2},{"damage":9,"enemies":"Champ","floor":33,"turns":1}],"seed_played":"1662042271931763248","potions_obtained":[{"floor":1,"key":"Fire Potion"},{"floor":2,"key":"FearPotion"},{"floor":13,"key":"Block Potion"}],"is_trial":false,"path_per_floor":["M","M","?","$","T","E","R","M","T","$","E","M","M","M","R","B",null,"M","AVR","M","?","$","R","?","R","T","R","E","M","M","?","R_BF","B"],"character_chosen":"MARISA","items_purchased":["conspire:TreasureMap","Whetstone"],"campfire_rested":1,"item_purchase_floors":[10,22],"current_hp_per_floor":[81,80,80,80,80,54,54,48,48,48,39,27,19,19,43,16,82,82,82,70,70,70,70,70,70,70,70,38,6,6,6,6,0,0],"gold":173,"neow_bonus":"TEN_PERCENT_HP_BONUS","is_daily":false,"chose_seed":false,"campfire_upgraded":4,"win_rate":0.0,"timestamp":1609019289,"path_taken":["M","M","?","$","?","E","R","?","T","?","E","M","M","M","R","BOSS","M","AVR","M","?","$","R","?","R","T","R","E","?","M","?","R_BF","BOSS"],"items_purchased_type":["Relic","Relic"],"build_version":"2020-12-22","purchased_purges":0,"victory":false,"max_hp_per_floor":[82,82,82,82,82,82,82,82,82,82,82,82,82,82,82,82,82,82,82,82,82,82,82,82,82,82,82,82,82,82,82,82,82,82],"card_choices":[{"not_picked":["DC","GasGiant"],"picked":"GrandCross","floor":1},{"not_picked":["MagicAbsorber","ChargeUpSpray"],"picked":"GalacticHalo","floor":2},{"not_picked":["OneTimeOff","StarBarrage","IllusionStar"],"picked":"SKIP","floor":6},{"not_picked":["NonDirectionalLaser","EventHorizon"],"picked":"GrandCross","floor":8},{"not_picked":["Occultation","SporeBomb","MysteriousBeam"],"picked":"SKIP","floor":11},{"not_picked":["WitchOfGreed","AlicesGift"],"picked":"UnstableBomb","floor":12},{"not_picked":["SporeBomb","SuperPerseids","6A"],"picked":"SKIP","floor":13},{"not_picked":["SuperPerseids","Orbital"],"picked":"ManaRampage","floor":14},{"not_picked":["AsteroidBelt","GravityBeat"],"picked":"UnstableBomb","floor":18},{"not_picked":["ReplayTheSpireMod:Brewmster","expansioncontent:StudyTheSpire"],"picked":"Apotheosis","floor":19},{"not_picked":["expansioncontent:QuickStudy","expansioncontent:Torchfire"],"picked":"Dramatic Entrance","floor":19},{"not_picked":["Replay:SS_hec_4","Replay:SS_fish_3"],"picked":"expansioncontent:TimeRipple","floor":19},{"not_picked":["MeteoricShower+1","WitchOfGreed"],"picked":"EnergyRecoil+1","floor":20},{"not_picked":["EscapeVelocity","EarthLightRay","OortCloud+1"],"picked":"SKIP","floor":28},{"not_picked":["AlicesGift+1","BlazeAway","MysteriousBeam+1"],"picked":"SKIP","floor":29},{"not_picked":["SporeBomb","MachineGunSpark","Singularity+1"],"picked":"SKIP","floor":30}],"player_experience":214519,"relics_obtained":[{"floor":5,"key":"StuffTheSpire:Gunfinga"},{"floor":6,"key":"infinitespire:Satchel"},{"floor":9,"key":"Nunchaku"},{"floor":11,"key":"aspiration:FetidBarrel"},{"floor":26,"key":"Gremlin Horn"},{"floor":28,"key":"Bottled Flame"}],"event_choices":[{"damage_healed":0,"gold_gain":0,"player_choice":"Forge","damage_taken":0,"max_hp_gain":0,"max_hp_loss":0,"event_name":"Accursed Blacksmith","floor":3,"gold_loss":0,"cards_upgraded":["GrandCross"]},{"damage_healed":0,"gold_gain":0,"player_choice":"Bought 3 Potions","damage_taken":0,"max_hp_gain":0,"max_hp_loss":0,"event_name":"The Woman in Blue","floor":21,"gold_loss":0},{"damage_healed":0,"gold_gain":100,"player_choice":"Pray","damage_taken":0,"max_hp_gain":0,"max_hp_loss":0,"event_name":"Golden Shrine","floor":24,"gold_loss":0},{"damage_healed":0,"gold_gain":0,"player_choice":"Upgraded","damage_taken":0,"max_hp_gain":0,"max_hp_loss":0,"event_name":"Upgrade Shrine","floor":31,"gold_loss":0,"cards_upgraded":["Dramatic Entrance"]},{"damage_healed":0,"gold_gain":0,"player_choice":"Upgrade","damage_taken":0,"max_hp_gain":0,"max_hp_loss":0,"event_name":"Designer","floor":32,"gold_loss":40,"cards_upgraded":["Apotheosis"]}],"is_beta":false,"boss_relics":[{"not_picked":["aspiration:FutureDiary","hubris:VirtuousBlindfold"],"picked":"Sozu"}],"items_purged_floors":[],"is_endless":false,"potions_floor_spawned":[1,2,13,28,29,30],"killed_by":"Champ","ascension_level":0}}