{"host":"g5bkkdhvo79c24qs","time":1609020657,"event":{"mods":["BaseMod","Colored Map","Infinite Spire","Minty Spire (QoL Compilation)","Quick Restart","Relic Sorter","Relic Stats","StSLib"],"gold_per_floor":[115,115,128,303,323,323,337,337,337,347,245,279,279,110,110,206,256,272,272,272,121,220,245,160,178,203,203,203,221,221,16,16,116,116,128,147,162,0,0,0,28,28,51,67,67,82,82,115,127,238,250,266,289,376,388,403,421,436,448,460,489,510,530,557,157,157,216,216,213,38,38,43,50,50,63,58,58,58,58,75,75,101,101,169,169,167,117,136,136,137,137,135,135,135,135,120,113,113,123,123,140,140,140,140],"floor_reached":103,"playtime":3232,"items_purged":["Regret","Defend_G","Strike_G","Normality","Writhe","Parasite"],"score":2626,"play_id":"6768dd2e-6be2-460a-858e-7bec48d16705","local_time":"20201226141057","is_ascension_mode":true,"campfire_choices":[{"data":"Neutralize","floor":6.0,"key":"SMITH"},{"data":"Bane","floor":8.0,"key":"SMITH"},{"data":"Noxious Fumes","floor":15.0,"key":"SMITH"},{"data":"Footwork","floor":27.0,"key":"SMITH"},{"data":"infinitespire:Fortify","floor":30.0,"key":"SMITH"},{"floor":32.0,"key":"REST"},{"data":"Noxious Fumes","floor":40.0,"key":"SMITH"},{"data":"infinitespire:Collect","floor":45.0,"key":"SMITH"},{"data":"Leg Sweep","floor":47.0,"key":"SMITH"},{"floor":49.0,"key":"REST"},{"data":"Crippling Poison","floor":59.0,"key":"SMITH"},{"floor":66.0,"key":"REST"},{"floor":74.0,"key":"REST"},{"data":"infinitespire:Execution","floor":79.0,"key":"SMITH"},{"floor":81.0,"key":"REST"},{"data":"Noxious Fumes","floor":83.0,"key":"SMITH"},{"floor":91.0,"key":"REST"},{"floor":93.0,"key":"REST"},{"data":"Deadly Poison","floor":98.0,"key":"SMITH"},{"data":"Dodge and Roll","floor":100.0,"key":"SMITH"}],"circlet_count":0,"master_deck":["Strike_G","Strike_G","Strike_G+1","Strike_G","Defend_G","Defend_G","Defend_G","Defend_G+1","Survivor","Neutralize+1","Backflip","Blur","Bane+1","Deadly Poison+1","Leg Sweep+1","Noxious Fumes+1","Crippling Poison+1","Footwork+1","Deflect+1","infinitespire:Fortify+1","infinitespire:Collect+1","Noxious Fumes+1","Die Die Die","Dodge and Roll+1","Noxious Fumes+1","infinitespire:Execution+1","infinitespire:SealOfDarkness+"],"relics":["Ring of the Snake","NeowsBlessing","The Specimen","Kunai","Bronze Scales","Tiny House","Enchiridion","MutagenicStrength","Bag of Marbles","infinitespire:CheckeredPen","Bag of Preparation","Sundial","Cursed Key","Busted Crown","Red Mask","Vajra","Tiny Chest","MawBank","Sozu","Blue Candle","infinitespire:Lucky Rock","infinitespire:Beetle Shell","PreservedInsect","Letter Opener","Philosopher\u0027s Stone","CaptainsWheel","infinitespire:ShieldingShard","Singing Bowl","InkBottle","Smiling Mask","infinitespire:Cupcake","Thread and Needle","Ninja Scroll","Empty Cage"],"acts_visited":["Exordium","TheCity","TheBeyond","Exordium","TheCity","TheBeyond","Exordium"],"potions_floor_usage":[],"damage_taken":[{"damage":0.0,"enemies":"Small Slimes","floor":1.0,"turns":1.0},{"damage":0.0,"enemies":"2 Louse","floor":3.0,"turns":1.0},{"damage":0.0,"enemies":"Jaw Worm","floor":5.0,"turns":1.0},{"damage":7.0,"enemies":"2 Fungi Beasts","floor":7.0,"turns":6.0},{"damage":14.0,"enemies":"Large Slime","floor":10.0,"turns":10.0},{"damage":30.0,"enemies":"3 Sentries","floor":12.0,"turns":9.0},{"damage":2.0,"enemies":"Hexaghost","floor":16.0,"turns":8.0},{"damage":0.0,"enemies":"3 Byrds","floor":18.0,"turns":5.0},{"damage":9.0,"enemies":"Book of Stabbing","floor":23.0,"turns":6.0},{"damage":8.0,"enemies":"2 Thieves","floor":25.0,"turns":4.0},{"damage":2.0,"enemies":"Shelled Parasite and Fungi","floor":29.0,"turns":4.0},{"damage":27.0,"enemies":"Champ","floor":33.0,"turns":11.0},{"damage":0.0,"enemies":"3 Darklings","floor":35.0,"turns":5.0},{"damage":0.0,"enemies":"3 Shapes","floor":36.0,"turns":3.0},{"damage":10.0,"enemies":"Jaw Worm Horde","floor":37.0,"turns":4.0},{"damage":0.0,"enemies":"Nightmare","floor":41.0,"turns":7.0},{"damage":0.0,"enemies":"Writhing Mass","floor":44.0,"turns":6.0},{"damage":3.0,"enemies":"3 Darklings","floor":46.0,"turns":5.0},{"damage":38.0,"enemies":"Reptomancer","floor":48.0,"turns":6.0},{"damage":2.0,"enemies":"Time Eater","floor":50.0,"turns":13.0},{"damage":0.0,"enemies":"Small Slimes","floor":52.0,"turns":1.0},{"damage":0.0,"enemies":"Jaw Worm","floor":53.0,"turns":3.0},{"damage":0.0,"enemies":"Cultist","floor":56.0,"turns":1.0},{"damage":10.0,"enemies":"3 Sentries","floor":57.0,"turns":4.0},{"damage":0.0,"enemies":"Gremlin Gang","floor":58.0,"turns":3.0},{"damage":0.0,"enemies":"Lagavulin","floor":61.0,"turns":3.0},{"damage":0.0,"enemies":"3 Louse","floor":62.0,"turns":1.0},{"damage":0.0,"enemies":"Large Slime","floor":63.0,"turns":2.0},{"damage":0.0,"enemies":"Gremlin Nob","floor":64.0,"turns":3.0},{"damage":5.0,"enemies":"The Guardian","floor":67.0,"turns":7.0},{"damage":0.0,"enemies":"Chosen","floor":69.0,"turns":3.0},{"damage":0.0,"enemies":"3 Byrds","floor":72.0,"turns":1.0},{"damage":36.0,"enemies":"Centurion and Healer","floor":73.0,"turns":2.0},{"damage":0.0,"enemies":"Book of Stabbing","floor":75.0,"turns":3.0},{"damage":0.0,"enemies":"Sentry and Sphere","floor":76.0,"turns":4.0},{"damage":13.0,"enemies":"Slavers","floor":80.0,"turns":3.0},{"damage":0.0,"enemies":"Gremlin Leader","floor":82.0,"turns":2.0},{"damage":16.0,"enemies":"Collector","floor":84.0,"turns":5.0},{"damage":23.0,"enemies":"Orb Walker","floor":86.0,"turns":3.0},{"damage":33.0,"enemies":"2 Orb Walkers","floor":88.0,"turns":4.0},{"damage":0.0,"enemies":"3 Shapes","floor":90.0,"turns":2.0},{"damage":0.0,"enemies":"Sphere and 2 Shapes","floor":92.0,"turns":4.0},{"damage":0.0,"enemies":"Writhing Mass","floor":96.0,"turns":6.0},{"damage":12.0,"enemies":"Spire Growth","floor":97.0,"turns":4.0},{"damage":0.0,"enemies":"Reptomancer","floor":99.0,"turns":4.0},{"damage":34.0,"enemies":"Awakened One","floor":101.0,"turns":15.0},{"damage":0,"enemies":"2 Louse","floor":103,"turns":1}],"seed_played":"-8226075204998420465","potions_obtained":[{"floor":1.0,"key":"SteroidPotion"},{"floor":5.0,"key":"EssenceOfSteel"},{"floor":12.0,"key":"DistilledChaos"},{"floor":23.0,"key":"DuplicationPotion"},{"floor":25.0,"key":"CunningPotion"},{"floor":48.0,"key":"EssenceOfSteel"}],"is_trial":false,"path_per_floor":["M","?","M","?","M","R","M","R","T","M","$","E","?","$","R","B",null,"M","?","?","$","?","E","?","M","T","R","AVR","M","R","$","R","B",null,"M","M","M","?","?","R","NM","?","T","M","R","M","R","E","R","B",null,"M","M","?","?","M","E","M","R","T","E","M","M","E","$","R","B",null,"M","$","T","M","M","R","E","M","T","?","R","E","R","E","R","B",null,"M","$","?","?","M","R","M","R","T","T","M","M","R","E","R","B",null,"M"],"character_chosen":"THE_SILENT","items_purchased":["Deadly Poison","Noxious Fumes","Crippling Poison","Footwork","Noxious Fumes","Letter Opener"],"campfire_rested":7,"item_purchase_floors":[11,14,21,21,31,65],"current_hp_per_floor":[70,70,70,70,70,70,63,63,63,49,49,19,19,19,19,17,62,62,46,46,46,46,37,37,29,29,29,29,27,27,27,49,22,62,62,62,52,52,52,52,52,52,52,52,52,49,49,11,33,31,64,64,64,53,38,38,28,28,28,28,28,28,28,28,28,50,45,68,68,68,68,68,32,54,54,54,54,35,35,24,47,49,49,35,70,49,49,18,18,20,45,47,72,72,72,74,64,64,66,66,34,75,75,75],"gold":140,"neow_bonus":"THREE_ENEMY_KILL","is_daily":false,"chose_seed":false,"campfire_upgraded":13,"win_rate":0.0,"timestamp":1609020657,"path_taken":["M","?","M","?","M","R","M","R","T","M","$","E","?","$","R","BOSS","M","?","?","?","?","E","?","M","T","R","AVR","M","R","$","R","BOSS","M","M","M","?","?","R","NM","?","T","M","R","?","R","E","R","BOSS","BOSS","M","M","?","?","M","E","M","R","T","E","M","M","E","$","R","BOSS","M","$","?","M","M","R","E","M","T","?","R","E","R","E","R","BOSS","M","$","?","?","M","R","M","R","T","?","M","?","R","E","R","BOSS","M"],"items_purchased_type":["Card","Card","Card","Card","Card","Relic"],"build_version":"2020-12-22","purchased_purges":6,"victory":false,"max_hp_per_floor":[70,70,70,70,70,70,70,70,70,70,70,70,70,70,70,70,75,75,75,75,75,75,75,75,75,75,75,75,75,75,75,75,75,75,75,75,75,75,75,75,75,75,75,75,75,75,75,75,75,75,75,75,75,75,75,75,75,75,75,75,75,75,75,75,75,75,75,75,75,75,75,75,75,75,75,75,75,75,75,77,77,79,79,81,81,83,80,82,82,84,84,86,86,86,86,88,90,90,92,92,94,88,88,88],"relic_stats":{"Singing Bowl":22,"counters":[47,208],"Blue Candle":[3],"PreservedInsect":278,"Bag of Preparation":[70],"Letter Opener":[320],"Cursed Key":4,"MawBank":204,"Smiling Mask":150,"Sozu":13,"Busted Crown":106,"Sundial":[18],"Bronze Scales":[546],"Tiny Chest":2,"Kunai":[65],"obtain_stats":[{"Tiny House":17,"Singing Bowl":77,"Enchiridion":19,"Vajra":41,"Bag of Preparation":26,"Cursed Key":28,"Smiling Mask":82,"Empty Cage":102,"Sozu":51,"infinitespire:ShieldingShard":75,"Sundial":28,"Ninja Scroll":99,"Tiny Chest":43,"Philosopher\u0027s Stone":68,"Red Mask":38,"Kunai":9,"InkBottle":80,"Ring of the Snake":0,"NeowsBlessing":0,"The Specimen":2,"Blue Candle":57,"Thread and Needle":88,"infinitespire:Beetle Shell":61,"PreservedInsect":64,"infinitespire:CheckeredPen":24,"infinitespire:Lucky Rock":60,"Letter Opener":65,"MawBank":48,"CaptainsWheel":71,"Busted Crown":34,"Bronze Scales":12,"MutagenicStrength":20,"Bag of Marbles":23,"infinitespire:Cupcake":85},{"Tiny House":7,"Singing Bowl":35,"Enchiridion":8,"Vajra":16,"Bag of Preparation":10,"Cursed Key":10,"Smiling Mask":37,"Empty Cage":46,"Sozu":20,"infinitespire:ShieldingShard":34,"Sundial":10,"Ninja Scroll":45,"Tiny Chest":16,"Philosopher\u0027s Stone":30,"Red Mask":15,"Kunai":4,"InkBottle":36,"Ring of the Snake":0,"NeowsBlessing":0,"The Specimen":1,"Blue Candle":24,"Thread and Needle":40,"infinitespire:Beetle Shell":26,"PreservedInsect":29,"infinitespire:CheckeredPen":9,"infinitespire:Lucky Rock":25,"Letter Opener":29,"MawBank":19,"CaptainsWheel":31,"Busted Crown":12,"Bronze Scales":6,"MutagenicStrength":8,"Bag of Marbles":9,"infinitespire:Cupcake":38},{"Tiny House":36,"Singing Bowl":156,"Enchiridion":41,"Vajra":85,"Bag of Preparation":51,"Cursed Key":51,"Smiling Mask":161,"Empty Cage":208,"Sozu":115,"infinitespire:ShieldingShard":152,"Sundial":51,"Ninja Scroll":193,"Tiny Chest":85,"Philosopher\u0027s Stone":143,"Red Mask":78,"Kunai":9,"InkBottle":159,"Ring of the Snake":0,"NeowsBlessing":0,"The Specimen":1,"Blue Candle":124,"Thread and Needle":173,"infinitespire:Beetle Shell":130,"PreservedInsect":136,"infinitespire:CheckeredPen":47,"infinitespire:Lucky Rock":127,"Letter Opener":136,"MawBank":102,"CaptainsWheel":146,"Busted Crown":66,"Bronze Scales":28,"MutagenicStrength":41,"Bag of Marbles":47,"infinitespire:Cupcake":166}],"InkBottle":[27],"Ring of the Snake":[91]},"card_choices":[{"not_picked":["Setup","Flying Knee"],"picked":"Backflip","floor":1.0},{"not_picked":["Dagger Throw","Deflect"],"picked":"Blur","floor":3.0},{"not_picked":["Deflect","Flying Knee"],"picked":"Bane","floor":5.0},{"not_picked":["Deflect","Slice","Grand Finale"],"picked":"SKIP","floor":7.0},{"not_picked":["Caltrops","Underhanded Strike"],"picked":"Flying Knee","floor":10.0},{"not_picked":["Glass Knife","Backflip"],"picked":"Leg Sweep","floor":12.0},{"not_picked":["Dagger Spray","Calculated Gamble+1","Prepared+1"],"picked":"SKIP","floor":18.0},{"not_picked":["Cloak And Dagger","Venomology","Backflip"],"picked":"SKIP","floor":23.0},{"not_picked":["Choke+1","Quick Slash+1"],"picked":"Deflect+1","floor":25.0},{"not_picked":["Poisoned Stab","Well Laid Plans","Predator"],"picked":"SKIP","floor":29.0},{"not_picked":["Finisher+1"],"picked":"SKIP","floor":35.0},{"not_picked":["Bane"],"picked":"SKIP","floor":36.0},{"not_picked":["Skewer"],"picked":"SKIP","floor":37.0},{"not_picked":["Eviscerate"],"picked":"SKIP","floor":41.0},{"not_picked":["Quick Slash+1"],"picked":"SKIP","floor":44.0},{"not_picked":["Prepared"],"picked":"SKIP","floor":46.0},{"not_picked":["Bane"],"picked":"SKIP","floor":48.0},{"not_picked":[],"picked":"Die Die Die","floor":50.0},{"not_picked":["Predator"],"picked":"SKIP","floor":52.0},{"not_picked":[],"picked":"Dodge and Roll","floor":53.0},{"not_picked":["Blade Dance"],"picked":"SKIP","floor":56.0},{"not_picked":["Outmaneuver"],"picked":"SKIP","floor":57.0},{"not_picked":["Poisoned Stab"],"picked":"SKIP","floor":58.0},{"not_picked":["Deflect"],"picked":"SKIP","floor":61.0},{"not_picked":["Prepared"],"picked":"SKIP","floor":62.0},{"not_picked":["Well Laid Plans"],"picked":"SKIP","floor":63.0},{"not_picked":["Escape Plan"],"picked":"SKIP","floor":64.0},{"not_picked":["Noxious Fumes"],"picked":"SKIP","floor":69.0},{"not_picked":[],"picked":"Noxious Fumes","floor":69.0},{"not_picked":["PiercingWail"],"picked":"SKIP","floor":72.0},{"not_picked":["Poisoned Stab+1"],"picked":"SKIP","floor":73.0},{"not_picked":["Bane+1"],"picked":"SKIP","floor":75.0},{"not_picked":["Bane"],"picked":"SKIP","floor":76.0},{"not_picked":["infinitespire:FutureSight","infinitespire:FinalStrike"],"picked":"infinitespire:Execution","floor":78.0},{"not_picked":["A Thousand Cuts"],"picked":"Singing Bowl","floor":80.0},{"not_picked":["Acrobatics"],"picked":"Singing Bowl","floor":82.0},{"not_picked":["Venomology"],"picked":"Singing Bowl","floor":84.0},{"not_picked":["infinitespire:Execution","infinitespire:TheBestDefense"],"picked":"infinitespire:SealOfDarkness+","floor":85.0},{"not_picked":["Deadly Poison"],"picked":"Singing Bowl","floor":86.0},{"not_picked":["Outmaneuver"],"picked":"Singing Bowl","floor":88.0},{"not_picked":["Leg Sweep"],"picked":"Singing Bowl","floor":90.0},{"not_picked":["Slice+1"],"picked":"Singing Bowl","floor":92.0},{"not_picked":["Dagger Throw"],"picked":"Singing Bowl","floor":96.0},{"not_picked":["Acrobatics"],"picked":"Singing Bowl","floor":97.0},{"not_picked":["Bane+1"],"picked":"Singing Bowl","floor":99.0},{"not_picked":["Storm of Steel"],"picked":"Singing Bowl","floor":101.0}],"player_experience":538059,"relics_obtained":[{"floor":9.0,"key":"Kunai"},{"floor":12.0,"key":"Bronze Scales"},{"floor":19.0,"key":"Enchiridion"},{"floor":23.0,"key":"Bag of Marbles"},{"floor":26.0,"key":"Bag of Preparation"},{"floor":41.0,"key":"Vajra"},{"floor":43.0,"key":"Tiny Chest"},{"floor":48.0,"key":"MawBank"},{"floor":57.0,"key":"Blue Candle"},{"floor":60.0,"key":"infinitespire:Lucky Rock"},{"floor":61.0,"key":"infinitespire:Beetle Shell"},{"floor":64.0,"key":"PreservedInsect"},{"floor":71.0,"key":"CaptainsWheel"},{"floor":75.0,"key":"infinitespire:ShieldingShard"},{"floor":77.0,"key":"Singing Bowl"},{"floor":80.0,"key":"InkBottle"},{"floor":82.0,"key":"Smiling Mask"},{"floor":88.0,"key":"Thread and Needle"},{"floor":99.0,"key":"Ninja Scroll"}],"event_choices":[{"damage_healed":0.0,"max_hp_gain":0.0,"max_hp_loss":0.0,"gold_gain":0.0,"event_name":"Big Fish","player_choice":"Box","floor":2.0,"gold_loss":0.0,"damage_taken":0.0,"relics_obtained":["The Specimen"],"cards_obtained":["Regret"]},{"damage_healed":0.0,"max_hp_gain":0.0,"max_hp_loss":0.0,"gold_gain":175.0,"event_name":"Liars Game","player_choice":"AGREE","floor":4.0,"gold_loss":0.0,"damage_taken":0.0,"cards_obtained":["Doubt"]},{"cards_removed":["Doubt"],"damage_healed":0.0,"max_hp_gain":0.0,"max_hp_loss":0.0,"gold_gain":0.0,"event_name":"Living Wall","player_choice":"Forget","floor":13.0,"gold_loss":0.0,"damage_taken":0.0},{"damage_healed":0.0,"max_hp_gain":0.0,"max_hp_loss":0.0,"gold_gain":0.0,"event_name":"Cursed Tome","player_choice":"Obtained Book","floor":19.0,"gold_loss":0.0,"damage_taken":16.0},{"damage_healed":0.0,"max_hp_gain":0.0,"max_hp_loss":0.0,"gold_gain":0.0,"event_name":"Drug Dealer","player_choice":"Inject Mutagens","floor":20.0,"gold_loss":0.0,"damage_taken":0.0,"relics_obtained":["MutagenicStrength"]},{"damage_healed":0.0,"max_hp_gain":0.0,"max_hp_loss":0.0,"gold_gain":99.0,"event_name":"Nest","player_choice":"Stole From Cult","floor":22.0,"gold_loss":0.0,"damage_taken":0.0},{"damage_healed":0.0,"max_hp_gain":0.0,"max_hp_loss":0.0,"gold_gain":0.0,"event_name":"Addict","player_choice":"Obtained Relic","floor":24.0,"gold_loss":85.0,"damage_taken":0.0,"relics_obtained":["infinitespire:CheckeredPen"]},{"damage_healed":0.0,"max_hp_gain":0.0,"max_hp_loss":0.0,"gold_gain":0.0,"event_name":"Tomb of Lord Red Mask","player_choice":"Paid","floor":38.0,"gold_loss":162.0,"damage_taken":0.0,"relics_obtained":["Red Mask"]},{"damage_healed":0.0,"max_hp_gain":0.0,"max_hp_loss":0.0,"gold_gain":0.0,"event_name":"SensoryStone","player_choice":"Memory 1","floor":39.0,"gold_loss":0.0,"damage_taken":0.0},{"damage_healed":0.0,"max_hp_gain":0.0,"max_hp_loss":0.0,"gold_gain":0.0,"event_name":"SecretPortal","player_choice":"Ignored","floor":42.0,"gold_loss":0.0,"damage_taken":0.0},{"damage_healed":0.0,"max_hp_gain":0.0,"max_hp_loss":0.0,"gold_gain":75.0,"event_name":"World of Goop","player_choice":"Gather Gold","floor":54.0,"gold_loss":0.0,"damage_taken":11.0},{"damage_healed":0.0,"max_hp_gain":0.0,"max_hp_loss":0.0,"gold_gain":0.0,"event_name":"Shining Light","player_choice":"Entered Light","floor":55.0,"gold_loss":0.0,"damage_taken":15.0,"cards_upgraded":["Defend_G","Strike_G"]},{"damage_healed":0.0,"max_hp_gain":0.0,"max_hp_loss":0.0,"gold_gain":0.0,"event_name":"Mysterious Sphere","player_choice":"Fight","floor":88.0,"gold_loss":0.0,"damage_taken":0.0},{"cards_removed":["Flying Knee"],"damage_healed":0.0,"max_hp_gain":0.0,"max_hp_loss":0.0,"gold_gain":0.0,"event_name":"Falling","player_choice":"Removed Attack","floor":89.0,"gold_loss":0.0,"damage_taken":0.0}],"is_beta":false,"boss_relics":[{"not_picked":["HoveringKite","Fusion Hammer"],"picked":"Tiny House"},{"not_picked":["Snecko Eye","SacredBark"],"picked":"Busted Crown"},{"not_picked":["WristBlade","infinitespire:Cupcake"],"picked":"Sozu"},{"not_picked":["Calling Bell","WristBlade"],"picked":"Philosopher\u0027s Stone"},{"not_picked":["Coffee Dripper","Velvet Choker"],"picked":"infinitespire:Cupcake"},{"not_picked":["Snecko Eye","Ring of the Serpent"],"picked":"Empty Cage"}],"items_purged_floors":[11,14,31,65,70,87],"is_endless":true,"potions_floor_spawned":[1,5,12,16,23,25,44,46,48,52,53,56,62,63,64,69,82,84,86,96,97,101],"killed_by":"2 Louse","ascension_level":5}}