{"host":"avjwtc49fhlk6kym","time":1609021126,"event":{"mods":["AchievementEnabler","BaseMod","Better Match","Better Note","Better Third Choice","Colored Map","Colored Powertips","Displayed Cursed Tome","Highlight Path","Minty Spire (QoL Compilation)","Permanent Neow","Quick Restart","StSLib"],"gold_per_floor":[115,127,127,144,163,192,192,219,219,252,272,71,71,36,36,131,431,443,61,61,61,81,110,40,58,58,58,58],"floor_reached":27,"playtime":831,"items_purged":[],"score":386,"play_id":"6b53f5eb-04bf-4b6c-a5b3-4cd1c1e563cf","local_time":"20201226171846","is_ascension_mode":true,"campfire_choices":[{"data":"Trip","floor":7,"key":"SMITH"},{"data":"Eruption","floor":13,"key":"SMITH"},{"data":"Defend_P","floor":15,"key":"SMITH"}],"circlet_count":0,"master_deck":["Strike_P+1","Strike_P+1","Strike_P+1","Strike_P+1","Defend_P+1","Defend_P+1","Defend_P+1","Defend_P+1","Eruption+1","Vigilance","Trip+1","CrushJoints+1","ReachHeaven","Conclude","Consecrate","FollowUp","FearNoEvil","PathToVictory","PathToVictory","MasterReality","CurseOfTheBell","FlurryOfBlows","Discovery","CutThroughFate","FlurryOfBlows","BattleHymn"],"relics":["PureWater","Oddly Smooth Stone","Pantograph","Blue Candle","White Beast Statue","Damaru","Calling Bell","Potion Belt","Mummified Hand","Old Coin","Sling","Bag of Preparation","Bag of Marbles","Ginger"],"acts_visited":["Exordium","TheCity"],"potions_floor_usage":[4,6,8,16,18,23,25,25],"damage_taken":[{"damage":7.0,"enemies":"Small Slimes","floor":1.0,"turns":3.0},{"damage":2.0,"enemies":"Jaw Worm","floor":2.0,"turns":4.0},{"damage":0,"enemies":"2 Louse","floor":4,"turns":1},{"damage":5,"enemies":"Large Slime","floor":5,"turns":2},{"damage":0,"enemies":"Lagavulin","floor":6,"turns":2},{"damage":3,"enemies":"3 Sentries","floor":8,"turns":4},{"damage":0,"enemies":"Gremlin Nob","floor":10,"turns":2},{"damage":0,"enemies":"2 Fungi Beasts","floor":11,"turns":2},{"damage":0,"enemies":"Slime Boss","floor":16,"turns":5},{"damage":23,"enemies":"Spheric Guardian","floor":18,"turns":4},{"damage":7,"enemies":"Chosen","floor":22,"turns":4},{"damage":13,"enemies":"Book of Stabbing","floor":23,"turns":3},{"damage":11,"enemies":"Centurion and Healer","floor":25,"turns":3},{"damage":9,"enemies":"Snake Plant","floor":27,"turns":2}],"seed_played":"9032907400313752889","potions_obtained":[{"floor":2.0,"key":"StancePotion"},{"floor":5,"key":"DuplicationPotion"},{"floor":6,"key":"LiquidMemories"},{"floor":10,"key":"Swift Potion"},{"floor":11,"key":"DuplicationPotion"},{"floor":16,"key":"GamblersBrew"},{"floor":18,"key":"SpeedPotion"},{"floor":22,"key":"Swift Potion"},{"floor":23,"key":"Weak Potion"},{"floor":25,"key":"Dexterity Potion"}],"is_trial":false,"path_per_floor":["M","M","?","M","M","E","R","E","T","E","M","$","R","?","R","B",null,"M","$","?","?","M","E","$","M","T","M"],"character_chosen":"WATCHER","items_purchased":["Damaru","PathToVictory","Sling","Discovery","Bag of Preparation","BattleHymn"],"campfire_rested":0,"item_purchase_floors":[12,12,19,19,19,24],"current_hp_per_floor":[65,63,63,63,58,58,58,55,55,55,55,55,55,72,72,72,72,49,49,36,36,29,16,16,5,5,0,0],"gold":58,"neow_bonus":"RANDOM_COLORLESS","is_daily":false,"chose_seed":false,"campfire_upgraded":3,"win_rate":0.0,"timestamp":1609021126,"path_taken":["M","M","?","M","M","E","R","E","T","E","M","$","R","?","R","BOSS","M","$","?","?","M","E","$","M","T","M"],"items_purchased_type":["Relic","Card","Relic","Card","Relic","Card"],"build_version":"2020-12-22","purchased_purges":0,"victory":false,"max_hp_per_floor":[72,72,72,72,72,72,72,72,72,72,72,72,72,72,72,72,72,72,72,77,77,77,77,77,77,77,77,77],"card_choices":[{"not_picked":["Flash of Steel","Mind Blast"],"picked":"Trip","floor":0.0},{"not_picked":["Halt","Tantrum"],"picked":"CrushJoints","floor":1.0},{"not_picked":["Wireheading","EmptyFist"],"picked":"ReachHeaven","floor":2.0},{"not_picked":["Study","BowlingBash"],"picked":"Conclude","floor":4},{"not_picked":["Prostrate","FollowUp"],"picked":"Consecrate","floor":5},{"not_picked":["DeceiveReality","Blasphemy"],"picked":"FollowUp","floor":6},{"not_picked":["Prostrate","PathToVictory"],"picked":"FearNoEvil","floor":8},{"not_picked":["Crescendo","Nirvana","SignatureMove"],"picked":"SKIP","floor":10},{"not_picked":["ClearTheMind","Halt"],"picked":"PathToVictory","floor":11},{"not_picked":["Scrawl","Alpha"],"picked":"MasterReality","floor":16},{"not_picked":["JustLucky+1","WaveOfTheHand"],"picked":"FlurryOfBlows","floor":18},{"not_picked":["Nirvana","ClearTheMind+1"],"picked":"CutThroughFate","floor":22},{"not_picked":["EmptyBody","Weave"],"picked":"FlurryOfBlows","floor":23},{"not_picked":["CutThroughFate+1","Adaptation","JustLucky+1"],"picked":"SKIP","floor":25}],"player_experience":370123,"relics_obtained":[{"floor":6,"key":"Oddly Smooth Stone"},{"floor":8,"key":"Pantograph"},{"floor":9,"key":"Blue Candle"},{"floor":10,"key":"White Beast Statue"},{"floor":17,"key":"Potion Belt"},{"floor":17,"key":"Mummified Hand"},{"floor":17,"key":"Old Coin"},{"floor":23,"key":"Bag of Marbles"},{"floor":26,"key":"Ginger"}],"event_choices":[{"damage_healed":0.0,"max_hp_gain":0.0,"max_hp_loss":0.0,"gold_gain":0.0,"event_name":"Living Wall","player_choice":"Grow","floor":3.0,"gold_loss":0.0,"damage_taken":0.0,"cards_upgraded":["CrushJoints"]},{"damage_healed":18,"gold_gain":0,"player_choice":"Healed","damage_taken":0,"max_hp_gain":0,"max_hp_loss":0,"event_name":"The Cleric","floor":14,"gold_loss":35},{"damage_healed":0,"gold_gain":0,"player_choice":"Shed Blood","damage_taken":18,"max_hp_gain":5,"max_hp_loss":0,"event_name":"Forgotten Altar","floor":20,"gold_loss":0},{"damage_healed":0,"gold_gain":0,"player_choice":"Simplicity","damage_taken":0,"max_hp_gain":0,"max_hp_loss":7,"event_name":"betterThird:BetterWriting","floor":21,"gold_loss":0}],"is_beta":false,"boss_relics":[{"not_picked":["SlaversCollar","Busted Crown"],"picked":"Calling Bell"}],"items_purged_floors":[],"is_endless":false,"potions_floor_spawned":[2,5,6,10,11,16,18,22,23,25],"killed_by":"Snake Plant","ascension_level":2}}