{"host":"pbf6u3tyx46snqc7","time":1609007945,"event":{"mods":["AchievementEnabler","BaseMod","Colored Map","Minty Spire (QoL Compilation)","Permanent Neow","Rare Cards Sparkle","Shop Mod","SuperFastMode"],"gold_per_floor":[367,380,10,26,42,42,71,81,159,27,27,27,45,59,59,157,157,172,172,3,18,18,18,58,73,123,9,49,82,123,137,137,230,230,250,266,488,506,126,126,165,183,183,216,216,277,277,610,610,610,610,610,266,298,298],"floor_reached":56,"playtime":3697,"items_purged":["Injury","Strike_B","Strike_B"],"score":2281,"play_id":"8e28d2b6-03c6-447a-a569-fc9d5fd35e57","local_time":"20201227033905","is_ascension_mode":true,"campfire_choices":[{"data":"Defragment","floor":6.0,"key":"SMITH"},{"floor":12.0,"key":"REST"},{"floor":15.0,"key":"REST"},{"floor":23.0,"key":"REST"},{"floor":32.0,"key":"RECALL"},{"floor":40.0,"key":"REST"},{"floor":45.0,"key":"REST"},{"floor":47.0,"key":"REST"},{"floor":49.0,"key":"REST"},{"floor":52.0,"key":"REST"}],"circlet_count":0,"master_deck":["AscendersBane","Strike_B","Strike_B","Defend_B","Defend_B+1","Defend_B","Defend_B","Zap","Dualcast","Consume","Seek","Defragment+1","Cold Snap","Chill","FTL","Skim","Capacitor","Apotheosis+1","Hologram","Seek","Chaos","Ball Lightning","Defragment+1","Core Surge","Cold Snap","Echo Form","Loop","FTL+1","Reboot","Defragment","Turbo","Coolheaded","Loop+1","Glacier","Blizzard"],"relics":["FrozenCore","Membership Card","Anchor","Bird Faced Urn","Shuriken","Fusion Hammer","Matryoshka","Torii","DataDisk","Strawberry","War Paint","Red Mask","Symbiotic Virus","InkBottle","Toolbox","Blood Vial","Ancient Tea Set","Boot","Toy Ornithopter","Pen Nib","TungstenRod","Bag of Preparation","Bronze Scales","HandDrill","Vajra"],"acts_visited":["Exordium","TheCity","TheBeyond","TheEnding"],"potions_floor_usage":[55,55],"damage_taken":[{"damage":0.0,"enemies":"Cultist","floor":1.0,"turns":3.0},{"damage":9.0,"enemies":"Jaw Worm","floor":2.0,"turns":4.0},{"damage":7.0,"enemies":"Small Slimes","floor":4.0,"turns":3.0},{"damage":5.0,"enemies":"Gremlin Gang","floor":5.0,"turns":4.0},{"damage":45.0,"enemies":"Gremlin Nob","floor":7.0,"turns":5.0},{"damage":0.0,"enemies":"Looter","floor":8.0,"turns":3.0},{"damage":0.0,"enemies":"Exordium Thugs","floor":13.0,"turns":5.0},{"damage":10.0,"enemies":"Large Slime","floor":14.0,"turns":7.0},{"damage":16.0,"enemies":"The Guardian","floor":16.0,"turns":11.0},{"damage":0.0,"enemies":"3 Byrds","floor":18.0,"turns":6.0},{"damage":0.0,"enemies":"2 Thieves","floor":21.0,"turns":4.0},{"damage":11.0,"enemies":"Gremlin Leader","floor":24.0,"turns":6.0},{"damage":9.0,"enemies":"Centurion and Healer","floor":25.0,"turns":5.0},{"damage":11.0,"enemies":"Slavers","floor":28.0,"turns":6.0},{"damage":16.0,"enemies":"Masked Bandits","floor":29.0,"turns":4.0},{"damage":1.0,"enemies":"Book of Stabbing","floor":30.0,"turns":5.0},{"damage":0.0,"enemies":"Cultist and Chosen","floor":31.0,"turns":6.0},{"damage":8.0,"enemies":"Collector","floor":33.0,"turns":8.0},{"damage":0.0,"enemies":"Orb Walker","floor":35.0,"turns":5.0},{"damage":0.0,"enemies":"3 Darklings","floor":36.0,"turns":7.0},{"damage":0.0,"enemies":"Sphere and 2 Shapes","floor":38.0,"turns":5.0},{"damage":0.0,"enemies":"Giant Head","floor":41.0,"turns":7.0},{"damage":0.0,"enemies":"Writhing Mass","floor":42.0,"turns":5.0},{"damage":34.0,"enemies":"Reptomancer","floor":44.0,"turns":6.0},{"damage":1.0,"enemies":"2 Orb Walkers","floor":46.0,"turns":6.0},{"damage":56.0,"enemies":"Awakened One","floor":50.0,"turns":11.0},{"damage":5,"enemies":"Shield and Spear","floor":54,"turns":8},{"damage":10,"enemies":"The Heart","floor":55,"turns":11}],"seed_played":"-9124635222978443195","potions_obtained":[{"floor":1.0,"key":"Fruit Juice"},{"floor":4.0,"key":"Explosive Potion"},{"floor":13.0,"key":"BlessingOfTheForge"},{"floor":16.0,"key":"Block Potion"},{"floor":18.0,"key":"Fire Potion"},{"floor":21.0,"key":"DistilledChaos"},{"floor":31.0,"key":"FocusPotion"},{"floor":36.0,"key":"SmokeBomb"},{"floor":54,"key":"Explosive Potion"}],"is_trial":false,"path_per_floor":["M","M","$","M","M","R","E","M","T","$","?","R","M","M","R","B",null,"M","?","$","M","?","R","E","M","T","$","E","?","E","M","R","B",null,"M","M","?","M","$","R","E","M","T","E","R","?","R","?","R","B",null,"R","$","E","B",null],"character_chosen":"DEFECT","items_purchased":["Membership Card","Seek","Defragment","Anchor","Capacitor","Apotheosis","Matryoshka","Strawberry","SkillPotion","InkBottle","Toolbox","Blood Vial","Turbo","Bag of Preparation","GamblersBrew","Bronze Scales","HandDrill"],"campfire_rested":8,"item_purchase_floors":[3,3,3,3,10,10,20,27,27,39,39,39,39,53,53,53,53],"current_hp_per_floor":[69,60,60,53,48,48,3,5,5,5,5,25,27,21,41,29,59,63,63,63,67,67,69,64,61,61,68,63,59,64,72,72,74,76,76,76,76,76,76,76,76,76,76,48,70,76,76,76,76,26,64,76,76,76,73],"gold":298,"neow_bonus":"TWO_FIFTY_GOLD","is_daily":false,"chose_seed":false,"campfire_upgraded":1,"win_rate":0.0,"timestamp":1609007945,"path_taken":["M","M","$","M","?","R","E","M","T","$","?","R","M","M","R","BOSS","M","?","$","M","?","R","E","?","T","$","E","?","E","M","R","BOSS","M","M","?","M","$","R","E","M","T","E","R","?","R","?","R","BOSS","R","$","E","BOSS"],"items_purchased_type":["Relic","Card","Card","Relic","Card","Card","Relic","Relic","Potion","Relic","Relic","Relic","Card","Relic","Potion","Relic","Relic"],"build_version":"2020-12-22","purchased_purges":3,"victory":true,"max_hp_per_floor":[69,69,69,69,69,69,69,69,69,69,69,69,69,69,69,69,69,69,69,69,69,69,69,69,69,69,76,76,76,76,76,76,76,76,76,76,76,76,76,76,76,76,76,76,76,76,76,76,76,76,76,76,76,76,76],"card_choices":[{"not_picked":["Rip and Tear","Streamline"],"picked":"Consume","floor":1.0},{"not_picked":["Leap","Reprogram","Force Field"],"picked":"SKIP","floor":2.0},{"not_picked":["Hologram","Skim"],"picked":"Cold Snap","floor":4.0},{"not_picked":["Conserve Battery","Rebound"],"picked":"Chill","floor":5.0},{"not_picked":["Static Discharge","Reprogram"],"picked":"FTL","floor":7.0},{"not_picked":["Turbo","Auto Shields"],"picked":"Skim","floor":8.0},{"not_picked":["Scrape","Rebound","Beam Cell"],"picked":"SKIP","floor":13.0},{"not_picked":["Redo","Rainbow"],"picked":"Hologram","floor":14.0},{"not_picked":["Echo Form","Amplify"],"picked":"Seek","floor":16.0},{"not_picked":["Leap","Streamline","Reprogram+1"],"picked":"SKIP","floor":18.0},{"not_picked":["Compile Driver+1","Skim"],"picked":"Ball Lightning","floor":21.0},{"not_picked":["Hologram+1","Cold Snap"],"picked":"Core Surge","floor":24.0},{"not_picked":["Compile Driver+1","Go for the Eyes"],"picked":"Cold Snap","floor":25.0},{"not_picked":["Turbo","Coolheaded"],"picked":"Echo Form","floor":28.0},{"not_picked":["Lockon+1","Sweeping Beam+1"],"picked":"Loop","floor":30.0},{"not_picked":["Blizzard","Static Discharge"],"picked":"FTL+1","floor":31.0},{"not_picked":["Rainbow","Creative AI"],"picked":"Reboot","floor":33.0},{"not_picked":["Static Discharge","Heatsinks","Barrage"],"picked":"SKIP","floor":35.0},{"not_picked":["Chaos","Ball Lightning+1","Streamline"],"picked":"SKIP","floor":36.0},{"not_picked":["Heatsinks+1","Streamline+1"],"picked":"Defragment","floor":38.0},{"not_picked":["Hyperbeam","Compile Driver"],"picked":"Coolheaded","floor":41.0},{"not_picked":["Ball Lightning+1","Beam Cell+1"],"picked":"Loop+1","floor":42.0},{"not_picked":["Darkness","Go for the Eyes","Ball Lightning+1"],"picked":"SKIP","floor":44.0},{"not_picked":["Reinforced Body","Coolheaded+1"],"picked":"Glacier","floor":46.0},{"not_picked":["Stack","Skim"],"picked":"Blizzard","floor":54}],"player_experience":347617,"relics_obtained":[{"floor":7.0,"key":"Bird Faced Urn"},{"floor":9.0,"key":"Shuriken"},{"floor":24.0,"key":"Torii"},{"floor":26.0,"key":"DataDisk"},{"floor":28.0,"key":"War Paint"},{"floor":29.0,"key":"Red Mask"},{"floor":30.0,"key":"Symbiotic Virus"},{"floor":41.0,"key":"Ancient Tea Set"},{"floor":43.0,"key":"Boot"},{"floor":43.0,"key":"Toy Ornithopter"},{"floor":44.0,"key":"Pen Nib"},{"floor":46.0,"key":"TungstenRod"},{"floor":54,"key":"Vajra"}],"event_choices":[{"damage_healed":0.0,"max_hp_gain":0.0,"max_hp_loss":0.0,"gold_gain":0.0,"event_name":"Golden Idol","player_choice":"Take Wound","floor":11.0,"gold_loss":0.0,"damage_taken":0.0,"relics_obtained":["Golden Idol"],"cards_obtained":["Injury"]},{"damage_healed":0.0,"max_hp_gain":0.0,"max_hp_loss":0.0,"gold_gain":0.0,"event_name":"The Library","player_choice":"Read","floor":19.0,"gold_loss":0.0,"damage_taken":0.0,"cards_obtained":["Chaos"]},{"damage_healed":0.0,"max_hp_gain":0.0,"max_hp_loss":0.0,"gold_gain":0.0,"event_name":"Duplicator","player_choice":"Copied","floor":22.0,"gold_loss":0.0,"damage_taken":0.0,"cards_obtained":["Defragment"]},{"damage_healed":0.0,"max_hp_gain":0.0,"max_hp_loss":0.0,"gold_gain":0.0,"event_name":"Masked Bandits","player_choice":"Fought Bandits","floor":29.0,"gold_loss":0.0,"damage_taken":0.0},{"damage_healed":0.0,"max_hp_gain":0.0,"max_hp_loss":0.0,"gold_gain":222.0,"event_name":"Tomb of Lord Red Mask","player_choice":"Wore Mask","floor":37.0,"gold_loss":0.0,"damage_taken":0.0},{"damage_healed":0.0,"max_hp_gain":0.0,"max_hp_loss":0.0,"gold_gain":0.0,"event_name":"Mysterious Sphere","player_choice":"Fight","floor":46.0,"gold_loss":0.0,"damage_taken":0.0},{"damage_healed":0.0,"max_hp_gain":0.0,"max_hp_loss":0.0,"gold_gain":333.0,"event_name":"The Moai Head","player_choice":"Gave Idol","floor":48.0,"relics_lost":["Golden Idol"],"gold_loss":0.0,"damage_taken":0.0}],"is_beta":false,"boss_relics":[{"not_picked":["Sozu","Black Star"],"picked":"Fusion Hammer"},{"not_picked":["Cursed Key","Runic Dome"],"picked":"FrozenCore"}],"items_purged_floors":[20,39,53],"is_endless":false,"potions_floor_spawned":[1,4,13,16,18,21,31,36,42,54],"ascension_level":19}}