{"host":"ssbj2e5691x5ub3h","time":1609021157,"event":{"mods":["BaseMod","Duelist Mod","Minty Spire (QoL Compilation)","StSLib"],"gold_per_floor":[136,136,150,165,177,177,194,194,218,218,229,181,194,155,155,155,155],"floor_reached":16,"playtime":1118,"items_purged":[],"score":136,"play_id":"0e033781-e5a3-4cf5-94a7-4d3dcc72e58e","local_time":"20201226201917","is_ascension_mode":true,"campfire_choices":[{"floor":6,"key":"REST"},{"floor":8,"key":"REST"},{"floor":15,"key":"REST"}],"circlet_count":0,"master_deck":["theDuelist:Biofalcon","theDuelist:CastleWalls","theDuelist:CastleWalls+1","theDuelist:Deskbot004","theDuelist:Deskbot004","theDuelist:Deskbot005","theDuelist:Deskbot005","theDuelist:GreenGadget","theDuelist:Sparks","theDuelist:Sparks+1","theDuelist:StimPack","theDuelist:JinzoLord","theDuelist:QuillboltHedgehog","theDuelist:PotDuality","theDuelist:CurseAging","theDuelist:AncientGearExplosive","theDuelist:YellowGadget","theDuelist:GravityLash","theDuelist:DarkFactory"],"relics":["theDuelist:MillenniumPuzzle","theDuelist:CardPoolRelic","theDuelist:CardPoolBasicRelic","theDuelist:BoosterPackPoolRelic","theDuelist:CardPoolAddRelic","theDuelist:CardPoolMinusRelic","theDuelist:CardPoolSaveRelic","theDuelist:CardPoolOptionsRelic","Smiling Mask","PreservedInsect","theDuelist:MillenniumRing"],"acts_visited":["Exordium"],"potions_floor_usage":[],"damage_taken":[{"damage":0,"enemies":"Small Slimes","floor":1,"turns":4},{"damage":6,"enemies":"Jaw Worm","floor":3,"turns":4},{"damage":4,"enemies":"Cultist","floor":4,"turns":3},{"damage":13,"enemies":"Blue Slaver","floor":5,"turns":2},{"damage":10,"enemies":"Exordium Wildlife","floor":7,"turns":4},{"damage":3,"enemies":"Red Slaver","floor":11,"turns":4},{"damage":21,"enemies":"Large Slime","floor":13,"turns":6},{"damage":55,"enemies":"Slime Boss","floor":16,"turns":8}],"seed_played":"4806732187973264682","potions_obtained":[{"floor":4,"key":"theDuelist:FireBottle"},{"floor":5,"key":"theDuelist:GreasePot"},{"floor":11,"key":"Ancient Potion"}],"is_trial":false,"path_per_floor":["M","?","M","M","M","R","M","R","T","?","M","$","M","$","R","B"],"character_chosen":"THE_DUELIST","items_purchased":["theDuelist:YellowGadget","theDuelist:DarkFactory"],"campfire_rested":3,"item_purchase_floors":[12,14],"current_hp_per_floor":[72,56,50,46,33,57,47,71,71,71,68,68,47,47,71,16,16],"gold":155,"neow_bonus":"RANDOM_COMMON_RELIC","is_daily":false,"chose_seed":false,"campfire_upgraded":0,"win_rate":0.0,"timestamp":1609021157,"path_taken":["M","?","M","M","M","R","M","R","T","?","M","$","M","?","R","BOSS"],"items_purchased_type":["Card","Card"],"build_version":"2020-12-22","purchased_purges":0,"victory":false,"max_hp_per_floor":[80,80,80,80,80,80,80,80,80,80,80,80,80,80,80,80,80],"card_choices":[{"not_picked":["theDuelist:DoubleTool","theDuelist:CoreBlaster","theDuelist:Factory100Machines","theDuelist:SparkBlaster"],"picked":"theDuelist:StimPack","floor":1},{"not_picked":["theDuelist:TurretWarrior","theDuelist:Overworked"],"picked":"theDuelist:JinzoLord","floor":3},{"not_picked":["theDuelist:Geargiauger","theDuelist:GearGigant","theDuelist:Deskbot004","theDuelist:CyberArchfiend"],"picked":"theDuelist:QuillboltHedgehog","floor":4},{"not_picked":["theDuelist:AncientGearFist","theDuelist:MachineFactory","theDuelist:GravityAxe","theDuelist:AncientGearWorkshop"],"picked":"theDuelist:PotDuality","floor":5},{"not_picked":["theDuelist:LimiterRemoval","theDuelist:GravityBlaster","theDuelist:Factory100Machines","theDuelist:AncientGearWorkshop","theDuelist:MachineDuplication"],"picked":"SKIP","floor":7},{"not_picked":["theDuelist:GravityBlaster","theDuelist:ZONE","theDuelist:Geartown","theDuelist:ArtifactIgnition"],"picked":"theDuelist:AncientGearExplosive","floor":11},{"not_picked":["theDuelist:AncientGearFist","theDuelist:CyberneticFusion","theDuelist:ArtifactIgnition","theDuelist:SevenCompleted"],"picked":"theDuelist:GravityLash","floor":13}],"player_experience":242376,"relics_obtained":[{"floor":9,"key":"PreservedInsect"}],"event_choices":[{"damage_healed":0,"gold_gain":0,"player_choice":"Entered Light","damage_taken":16,"max_hp_gain":0,"max_hp_loss":0,"event_name":"Shining Light","floor":2,"gold_loss":0,"cards_upgraded":["theDuelist:Sparks","theDuelist:CastleWalls"]},{"damage_healed":0,"gold_gain":0,"player_choice":"Took item - Received: Millennium Ring","duelist":true,"damage_taken":0,"max_hp_gain":0,"max_hp_loss":0,"event_name":"Millennium Items","floor":10,"gold_loss":0}],"is_beta":false,"boss_relics":[],"items_purged_floors":[],"is_endless":false,"potions_floor_spawned":[4,5,11,13],"killed_by":"Slime Boss","ascension_level":9}}