{"host":"q9718omregw4er46","time":1609015102,"event":{"mods":["BaseMod","Bestiary","Colored Powertips","Minty Spire (QoL Compilation)","Quick Restart","Relic Stats"],"gold_per_floor":[110,110,35,53,53,53,85,85,85,114,114,129,29,42,42,117,117,90,35,35,35,35],"floor_reached":21,"playtime":360,"items_purged":["Defend_B","Strike_B"],"score":420,"play_id":"4ecae9a4-5b39-4cea-818f-383587b5ef40","local_time":"20201227013822","is_ascension_mode":true,"campfire_choices":[{"data":"Zap","floor":6,"key":"SMITH"},{"data":"Creative AI","floor":8,"key":"SMITH"},{"data":"Cold Snap","floor":11,"key":"SMITH"},{"floor":15,"key":"REST"}],"circlet_count":0,"master_deck":["AscendersBane","Strike_B","Strike_B","Defend_B","Defend_B","Defend_B","Zap+1","Dualcast","Capacitor+1","Creative AI+1","Cold Snap+1","Capacitor","Fission","Defragment+1"],"relics":["Cracked Core","NeowsBlessing","Mercury Hourglass","Kunai","Boot","Coffee Dripper"],"acts_visited":["Exordium","TheCity"],"potions_floor_usage":[18],"damage_taken":[{"damage":0,"enemies":"Small Slimes","floor":1,"turns":1},{"damage":0,"enemies":"Cultist","floor":4,"turns":1},{"damage":0,"enemies":"Gremlin Nob","floor":7,"turns":1},{"damage":35,"enemies":"3 Sentries","floor":10,"turns":6},{"damage":0,"enemies":"2 Louse","floor":12,"turns":2},{"damage":4,"enemies":"Looter","floor":14,"turns":3},{"damage":23,"enemies":"Slime Boss","floor":16,"turns":6},{"damage":19,"enemies":"2 Thieves","floor":18,"turns":4}],"seed_played":"4103984238262118204","potions_obtained":[{"floor":14,"key":"SmokeBomb"},{"floor":16,"key":"Fire Potion"}],"is_trial":false,"path_per_floor":["M","?","$","M","?","R","E","R","T","E","R","M","$","M","R","B",null,"M","$","?","?"],"character_chosen":"DEFECT","items_purchased":["Energy Potion"],"campfire_rested":1,"item_purchase_floors":[19],"current_hp_per_floor":[64,64,64,64,64,64,64,64,64,29,29,29,29,25,46,23,59,40,40,20,0,0],"gold":35,"neow_bonus":"THREE_ENEMY_KILL","is_daily":false,"chose_seed":false,"campfire_upgraded":3,"win_rate":0.0,"timestamp":1609015102,"path_taken":["M","?","$","?","?","R","E","R","T","E","R","M","$","M","R","BOSS","M","$","?","?"],"items_purchased_type":["Potion"],"build_version":"2020-12-22","purchased_purges":2,"victory":false,"max_hp_per_floor":[71,71,71,71,71,71,71,71,71,71,71,71,71,71,71,71,71,71,71,76,76,76],"relic_stats":{"counters":[8,24],"Kunai":[0],"Boot":[0],"obtain_stats":[{"NeowsBlessing":0,"Coffee Dripper":17,"Kunai":9,"Cracked Core":0,"Boot":10,"Mercury Hourglass":7},{"NeowsBlessing":0,"Coffee Dripper":7,"Kunai":3,"Cracked Core":0,"Boot":4,"Mercury Hourglass":3},{"NeowsBlessing":0,"Coffee Dripper":20,"Kunai":3,"Cracked Core":0,"Boot":9,"Mercury Hourglass":3}],"Mercury Hourglass":[114]},"card_choices":[{"not_picked":["Redo","Streamline"],"picked":"Capacitor","floor":1},{"not_picked":["Barrage","Beam Cell","Rebound"],"picked":"SKIP","floor":4},{"not_picked":["Undo","Barrage"],"picked":"Creative AI","floor":7},{"not_picked":["Steam","Rebound"],"picked":"Cold Snap","floor":10},{"not_picked":["Streamline","Aggregate","Stack"],"picked":"SKIP","floor":12},{"not_picked":["Steam","Blizzard"],"picked":"Capacitor","floor":14},{"not_picked":["All For One","Creative AI"],"picked":"Fission","floor":16},{"not_picked":["Rip and Tear","Consume"],"picked":"Defragment+1","floor":18}],"player_experience":1125298,"relics_obtained":[{"floor":7,"key":"Mercury Hourglass"},{"floor":9,"key":"Kunai"},{"floor":10,"key":"Boot"}],"event_choices":[{"cards_removed":["Strike_B"],"damage_healed":0,"gold_gain":0,"player_choice":"Purged","damage_taken":0,"max_hp_gain":0,"max_hp_loss":0,"event_name":"Purifier","floor":2,"gold_loss":0},{"damage_healed":0,"gold_gain":0,"player_choice":"Grow","damage_taken":0,"max_hp_gain":0,"max_hp_loss":0,"event_name":"Living Wall","floor":5,"gold_loss":0,"cards_upgraded":["Capacitor"]},{"damage_healed":0,"gold_gain":0,"player_choice":"Shed Blood","damage_taken":25,"max_hp_gain":5,"max_hp_loss":0,"event_name":"Forgotten Altar","floor":20,"gold_loss":0}],"is_beta":false,"boss_relics":[{"not_picked":["Inserter","Tiny House"],"picked":"Coffee Dripper"}],"items_purged_floors":[3,13],"is_endless":false,"potions_floor_spawned":[14,16],"ascension_level":20}}