{"host":"kdt6w7ix8lwe69i9","time":1609004443,"event":{"mods":["Bartender","BaseMod","Downfall","Fiend Mod","Jorbs\u0027s Wanderer Trilogy","Minty Spire (QoL Compilation)","Reimu（博丽灵梦）","Robot Space Explorer","StSLib","The Cursed","The Disciple","The Dragon Tamer","The Druid","The Elementalist","The Forsaken","The Gatherer","The Judge","TheBandit"],"gold_per_floor":[113,133,41,41,89,115,125,125,149,160,173,204,30,30,30,131,131,144,144,144,144,170,170,185,91,139,139,172,189,208,48,48,48,48,48],"floor_reached":33,"playtime":3259,"items_purged":[],"score":323,"play_id":"58f6917d-cd36-4f32-93e7-3d3a3616fe80","local_time":"20201226124043","is_ascension_mode":false,"metric_token":1171,"campfire_choices":[{"floor":15,"key":"REST"},{"floor":23,"key":"REST"},{"data":"DTMod:Dissolve","floor":27,"key":"SMITH"},{"floor":32,"key":"REST"}],"dtmod_dragon_data":[0,50,3,-1,14,0],"circlet_count":0,"master_deck":["DTMod:DoubleHit","DTMod:TargetDefense","DTMod:TargetDefense","DTMod:TargetDefense","DTMod:TargetDefense","DTMod:SwitchingTactic","DTMod:Punisher","DTMod:HeatWave","DTMod:Training","DTMod:ComboAttack","DTMod:ForkedFire","DTMod:FlameSlash","DTMod:HeatWave","DTMod:BlueScale","DTMod:TagTeam","expansioncontent:StudyTheSpire","DTMod:OpeningTactic","DTMod:Feint","Slimebound:Tackle+1","Slimebound:Tackle+1","Slimebound:Tackle+1","DTMod:QuickFly+1","DTMod:Dissolve+1","DTMod:CleansingStrike","DTMod:ForkedFire+1","DTMod:ComboAttack+1","DTMod:Training","DTMod:Inferno+1"],"relics":["DTMod:MagicStone","NeowsBlessing","Regal Pillow","Boot","MealTicket","Pantograph","Gambling Chip","Nilry\u0027s Codex","Bag of Marbles","Omamori","Molten Egg 2"],"acts_visited":["Exordium","TheCity"],"potions_floor_usage":[11,12,24,28],"damage_taken":[{"damage":0,"enemies":"Cultist","floor":1,"turns":1},{"damage":0,"enemies":"Jaw Worm","floor":2,"turns":1},{"damage":0,"enemies":"Gremlin Nob","floor":6,"turns":1},{"damage":0,"enemies":"2 Louse","floor":7,"turns":1},{"damage":4,"enemies":"Blue Slaver","floor":10,"turns":3},{"damage":0,"enemies":"Looter","floor":11,"turns":2},{"damage":0,"enemies":"Lagavulin","floor":12,"turns":8},{"damage":26,"enemies":"Slime Boss","floor":16,"turns":14},{"damage":7,"enemies":"Spheric Guardian","floor":18,"turns":7},{"damage":17,"enemies":"Shell Parasite","floor":24,"turns":5},{"damage":4,"enemies":"Book of Stabbing","floor":28,"turns":7},{"damage":7,"enemies":"Chosen and Byrds","floor":29,"turns":7},{"damage":25,"enemies":"3 Cultists","floor":30,"turns":5},{"damage":48,"enemies":"Collector","floor":33,"turns":13}],"seed_played":"-6642760757409898638","potions_obtained":[{"floor":7,"key":"EssenceOfSteel"},{"floor":11,"key":"ZuzhouPotion:ReiMu"},{"floor":18,"key":"sneckomod:MuddlingPotion"},{"floor":24,"key":"Energy Potion"}],"is_trial":false,"path_per_floor":["M","M","$","?","T","E","M","T","T","M","M","E","$","?","R","B",null,"M","?","?","?","T","R","M","$","T","R","E","M","M","$","R","B"],"character_chosen":"THE_DT","items_purchased":["DTMod:Training","DTMod:ComboAttack","expansioncontent:StudyTheSpire","DTMod:Dissolve","DTMod:CleansingStrike","DTMod:Inferno+1"],"campfire_rested":3,"item_purchase_floors":[3,3,13,25,25,31],"current_hp_per_floor":[45,45,45,27,27,27,27,27,27,23,23,23,38,38,45,19,45,38,22,22,22,22,45,28,43,43,43,41,38,20,35,45,0,0,0],"gold":48,"neow_bonus":"THREE_ENEMY_KILL","is_daily":false,"chose_seed":false,"campfire_upgraded":1,"win_rate":0.0,"timestamp":1609004443,"path_taken":["M","?","$","?","?","E","?","?","T","M","M","E","$","?","R","BOSS","M","?","?","?","?","R","M","$","T","R","E","M","?","$","R","BOSS"],"items_purchased_type":["Card","Card","Card","Card","Card","Card"],"build_version":"2020-12-22","purchased_purges":0,"victory":false,"max_hp_per_floor":[45,45,45,45,45,45,45,45,45,45,45,45,45,45,45,45,45,45,45,45,45,45,45,45,45,45,45,45,45,45,45,45,45,45,45],"card_choices":[{"not_picked":["DTMod:BizarreTactic","DTMod:HeatWave"],"picked":"DTMod:Punisher","floor":1},{"not_picked":["DTMod:Astonish","DTMod:Weaken"],"picked":"DTMod:HeatWave","floor":2},{"not_picked":["DTMod:BlazingStrike","DTMod:MagicField"],"picked":"DTMod:ForkedFire","floor":6},{"not_picked":["DTMod:Punisher","DTMod:LastStand"],"picked":"DTMod:FlameSlash","floor":7},{"not_picked":["DTMod:WarmUp","DTMod:GhostSkin"],"picked":"DTMod:HeatWave","floor":10},{"not_picked":["DTMod:Weaken","DTMod:MasterPlan"],"picked":"DTMod:BlueScale","floor":11},{"not_picked":["DTMod:Hide","DTMod:BlazingStrike"],"picked":"DTMod:TagTeam","floor":12},{"not_picked":["DTMod:ExcessFootwork","DTMod:StunTrap"],"picked":"DTMod:OpeningTactic","floor":16},{"not_picked":["DTMod:Cover","DTMod:BlueScale"],"picked":"DTMod:Feint","floor":18},{"not_picked":["DTMod:CrossStep","DTMod:Punisher"],"picked":"DTMod:QuickFly+1","floor":24},{"not_picked":["DTMod:DragonDance","DTMod:Hide"],"picked":"DTMod:ForkedFire+1","floor":28},{"not_picked":["DTMod:Hide","DTMod:Punisher+1"],"picked":"DTMod:ComboAttack+1","floor":29},{"not_picked":["DTMod:BizarreTactic","DTMod:Hide"],"picked":"DTMod:Training","floor":30}],"player_experience":1611094,"relics_obtained":[{"floor":5,"key":"Boot"},{"floor":6,"key":"MealTicket"},{"floor":8,"key":"Pantograph"},{"floor":12,"key":"Gambling Chip"},{"floor":19,"key":"Nilry\u0027s Codex"},{"floor":22,"key":"Bag of Marbles"},{"floor":26,"key":"Omamori"},{"floor":28,"key":"Molten Egg 2"}],"event_choices":[{"damage_healed":0,"gold_gain":0,"player_choice":"Success","damage_taken":18,"relics_obtained":["Regal Pillow"],"max_hp_gain":0,"max_hp_loss":0,"event_name":"Scrap Ooze","floor":4,"gold_loss":0},{"damage_healed":0,"gold_gain":0,"player_choice":"Obtained Book","damage_taken":16,"max_hp_gain":0,"max_hp_loss":0,"event_name":"Cursed Tome","floor":19,"gold_loss":0},{"damage_healed":0,"gold_gain":0,"player_choice":"Ignored","damage_taken":0,"max_hp_gain":0,"max_hp_loss":0,"event_name":"Beggar","floor":20,"gold_loss":0}],"is_beta":false,"boss_relics":[{"not_picked":["Silver_Glasses","Philosopher\u0027s Stone"],"picked":"DTMod:MagicStone"}],"items_purged_floors":[],"is_endless":false,"potions_floor_spawned":[7,11,18,24],"killed_by":"Collector","ascension_level":0}}