{"host":"7elm0r5975gb9iir","time":1609008789,"event":{"mods":["AchievementEnabler","BaseMod","Colored Map","DeckTracker","Keyboard Shortcuts","Minty Spire (QoL Compilation)","Permanent Neow","Random Character Button","SuperFastMode"],"gold_per_floor":[118,118,43,59,84,109,122,153,201,201,236,236,39,54,54,150,150,162,162,162,175,190,221,235,250,250,262,262,287,287,307,307,307,307],"floor_reached":33,"playtime":2610,"items_purged":["Strike_R","Regret"],"score":347,"play_id":"c8eb38d8-06b1-4b6b-a088-b1014b7d3dcd","local_time":"20201227035309","is_ascension_mode":true,"campfire_choices":[{"data":"Infernal Blade","floor":10,"key":"SMITH"},{"data":"Rampage","floor":15,"key":"SMITH"},{"floor":28,"key":"REST"},{"floor":30,"key":"REST"},{"data":"Offering","floor":32,"key":"SMITH"}],"circlet_count":0,"master_deck":["Strike_R","Defend_R","Defend_R","Defend_R","Bash","Twin Strike","Infernal Blade+1","Hemokinesis+1","Armaments","Armaments","Warcry","Carnage","Armaments","Rampage+1","Thunderclap","Offering+1","Hemokinesis+1","Pommel Strike","Rampage+1","Thunderclap+1","Clash","Feed","Warcry+1","Pummel"],"relics":["Burning Blood","Omamori","Gambling Chip","Toy Ornithopter","Lantern","Matryoshka","Empty Cage","Frozen Egg 2","Potion Belt","Bottled Lightning","Bag of Marbles"],"acts_visited":["Exordium","TheCity"],"potions_floor_usage":[16,16,23,25,29,31,33],"damage_taken":[{"damage":12,"enemies":"Jaw Worm","floor":1,"turns":4},{"damage":2,"enemies":"Cultist","floor":4,"turns":2},{"damage":15,"enemies":"Gremlin Nob","floor":6,"turns":3},{"damage":0,"enemies":"Small Slimes","floor":7,"turns":2},{"damage":41,"enemies":"3 Sentries","floor":8,"turns":7},{"damage":12,"enemies":"Gremlin Nob","floor":11,"turns":3},{"damage":9,"enemies":"Blue Slaver","floor":14,"turns":2},{"damage":7,"enemies":"Hexaghost","floor":16,"turns":7},{"damage":6,"enemies":"2 Thieves","floor":18,"turns":2},{"damage":22,"enemies":"Shell Parasite","floor":21,"turns":3},{"damage":21,"enemies":"Snake Plant","floor":22,"turns":2},{"damage":42,"enemies":"Gremlin Leader","floor":23,"turns":4},{"damage":7,"enemies":"Snecko","floor":24,"turns":3},{"damage":13,"enemies":"Shelled Parasite and Fungi","floor":25,"turns":3},{"damage":20,"enemies":"Centurion and Healer","floor":27,"turns":5},{"damage":10,"enemies":"Slavers","floor":29,"turns":2},{"damage":6,"enemies":"Snake Plant","floor":31,"turns":2},{"damage":108,"enemies":"Champ","floor":33,"turns":12}],"seed_played":"2378177405897060420","potions_obtained":[{"floor":6,"key":"Energy Potion"},{"floor":8,"key":"SpeedPotion"},{"floor":11,"key":"CultistPotion"},{"floor":16,"key":"SkillPotion"},{"floor":18,"key":"DistilledChaos"},{"floor":27,"key":"Strength Potion"},{"floor":31,"key":"Block Potion"}],"is_trial":false,"path_per_floor":["M","?","$","M","T","E","M","E","T","R","E","?","$","M","R","B",null,"M","?","?","M","M","E","M","M","T","M","R","E","R","M","R","B"],"character_chosen":"IRONCLAD","items_purchased":["Armaments","Rampage"],"campfire_rested":2,"item_purchase_floors":[13,13],"current_hp_per_floor":[74,74,74,78,78,69,75,40,40,40,34,60,60,57,57,66,80,80,65,95,79,64,33,32,30,30,16,44,49,78,83,83,0,0],"gold":307,"neow_bonus":"TRANSFORM_TWO_CARDS","is_daily":false,"chose_seed":false,"campfire_upgraded":3,"win_rate":0.0,"timestamp":1609008789,"path_taken":["M","?","?","M","?","E","M","E","T","R","E","?","$","M","R","BOSS","M","?","?","M","M","E","M","M","T","M","R","E","R","M","R","BOSS"],"items_purchased_type":["Card","Card"],"build_version":"2020-12-22","purchased_purges":2,"victory":false,"max_hp_per_floor":[80,80,80,80,80,80,80,80,80,80,80,80,80,80,80,80,80,80,85,95,95,95,95,95,95,95,95,95,99,99,99,99,99,99],"card_choices":[{"not_picked":["Dropkick","Twin Strike"],"picked":"Hemokinesis","floor":1},{"not_picked":["True Grit","Entrench"],"picked":"Armaments","floor":4},{"not_picked":["Metallicize","Anger"],"picked":"Armaments","floor":6},{"not_picked":["Twin Strike","Reckless Charge"],"picked":"Warcry","floor":7},{"not_picked":["Inflame","Headbutt"],"picked":"Reaper","floor":8},{"not_picked":["Entrench","Pommel Strike"],"picked":"Carnage","floor":11},{"not_picked":["Iron Wave","Clothesline"],"picked":"Thunderclap","floor":14},{"not_picked":["Berserk","Double Tap"],"picked":"Offering","floor":16},{"not_picked":["Flex+1","Clash"],"picked":"Hemokinesis+1","floor":18},{"not_picked":["Flex+1","Body Slam"],"picked":"Pommel Strike","floor":21},{"not_picked":["Disarm+1","Twin Strike"],"picked":"Rampage+1","floor":22},{"not_picked":["Anger","Warcry"],"picked":"Thunderclap+1","floor":23},{"not_picked":["Flex","Metallicize+1"],"picked":"Clash","floor":24},{"not_picked":["Anger","Infernal Blade+1"],"picked":"Feed","floor":25},{"not_picked":["Armaments+1","Shrug It Off"],"picked":"Warcry+1","floor":27},{"not_picked":["Dropkick","Flame Barrier"],"picked":"Pummel","floor":29},{"not_picked":["Thunderclap","Feel No Pain+1","Fire Breathing+1"],"picked":"SKIP","floor":31}],"player_experience":53406,"relics_obtained":[{"floor":5,"key":"Omamori"},{"floor":6,"key":"Gambling Chip"},{"floor":8,"key":"Toy Ornithopter"},{"floor":9,"key":"Lantern"},{"floor":11,"key":"Matryoshka"},{"floor":23,"key":"Frozen Egg 2"},{"floor":26,"key":"Potion Belt"},{"floor":26,"key":"Bottled Lightning"},{"floor":29,"key":"Bag of Marbles"}],"event_choices":[{"damage_healed":0,"gold_gain":0,"player_choice":"Upgraded","damage_taken":0,"max_hp_gain":0,"max_hp_loss":0,"event_name":"Upgrade Shrine","floor":2,"gold_loss":0,"cards_upgraded":["Hemokinesis"]},{"damage_healed":26,"gold_gain":0,"player_choice":"Banana","damage_taken":0,"max_hp_gain":0,"max_hp_loss":0,"event_name":"Big Fish","floor":12,"gold_loss":0},{"damage_healed":0,"gold_gain":0,"player_choice":"Shed Blood","damage_taken":20,"max_hp_gain":5,"max_hp_loss":0,"event_name":"Forgotten Altar","floor":19,"gold_loss":0},{"cards_removed":["Reaper"],"damage_healed":20,"gold_gain":0,"player_choice":"Offered Rare","damage_taken":0,"max_hp_gain":10,"max_hp_loss":0,"event_name":"Bonfire Elementals","floor":20,"gold_loss":0}],"is_beta":false,"boss_relics":[{"not_picked":["Coffee Dripper","Philosopher\u0027s Stone"],"picked":"Empty Cage"}],"items_purged_floors":[3,13],"is_endless":false,"potions_floor_spawned":[6,8,11,16,18,27,31],"killed_by":"Champ","ascension_level":1}}