{"host":"951sez6ulsv0fw1i","time":1609021186,"event":{"mods":["2.2 Compatiblity","Act Like it!","Aspiration","BaseMod","Better Third Choice","BetterRewards","CCEM","CapriCore","Conspire","Downfall","Gensokyo","Googly Eyes","Hermit","Infinite Spire","JesterMod","Luminous","Marisa????????","Minty Spire (QoL Compilation)","Potionbrewer","Reimu??????","Spicy Shops","StSLib","The Cursed","The Immortal","The Marked","The Runesmith","The Servant 0.9.4","TheVacant"],"gold_per_floor":[13,7,26,26,41,76,76,108,108,133,146,146,157,157,157,261,261,272,272,289,1,1,31,31,31,84,118,118,151,151,151],"floor_reached":31,"playtime":1837,"items_purged":[],"score":320,"play_id":"d6ceea81-326c-43d4-b951-3fdc3fcdd2f5","local_time":"20201226231946","is_ascension_mode":true,"campfire_choices":[{"data":"theVacant:ShriekingBlast","floor":7.0,"key":"SMITH"},{"floor":12.0,"key":"REST"},{"floor":15.0,"key":"REST"},{"floor":24.0,"key":"REST"},{"floor":29.0,"key":"REST"}],"circlet_count":0,"master_deck":["theVacant:Release","theVacant:Crunch","theVacant:Exorcise","theVacant:EmbraceDarkness","theVacant:CursedBlast","theVacant:ShriekingBlast+1","theVacant:Voidstone","theVacant:Jab","theVacant:Barrage","theVacant:Dig","theVacant:SpiritOrb","theVacant:LichStrike","theVacant:BattleScars","theVacant:Voidstone","theVacant:TheAnvil","theVacant:ShutAway","theVacant:LashOut","theVacant:Throttle","theVacant:PitOfDespair","theVacant:WhenDarknessComes","theVacant:Jab","theVacant:ReaperStrike","theVacant:Spinshield","Gensokyo:BlemishedSteel","theVacant:BrassMagnet+1","theVacant:ShriekingBlast+1","theVacant:CleanseSoul","theVacant:SpiritOrb","theVacant:DarkStrike+1"],"relics":["theVacant:BrassGoblet","Gensokyo:PortableGap","Dream Catcher","infinitespire:CheckeredPen","infinitespire:WardingShard","infinitespire:Bottled Soul","Pandora\u0027s Box","Gensokyo:MosesMiracle","aspiration:Nostalgia","hexamod:SpiritBrand","Vajra","Juzu Bracelet","Molten Egg 2","Nunchaku","Happy Flower"],"acts_visited":["Exordium","Gensokyo:Gensokyo"],"potions_floor_usage":[31],"damage_taken":[{"damage":3.0,"enemies":"Gensokyo:2_Kodama","floor":1.0,"turns":6.0},{"damage":9.0,"enemies":"Gensokyo:Gryphon","floor":3.0,"turns":4.0},{"damage":1.0,"enemies":"Gensokyo:3_Fairies","floor":5.0,"turns":3.0},{"damage":11.0,"enemies":"Gensokyo:Cirno","floor":6.0,"turns":6.0},{"damage":40.0,"enemies":"Gensokyo:Aya","floor":8.0,"turns":10.0},{"damage":12.0,"enemies":"Gensokyo:Mamizou","floor":10.0,"turns":7.0},{"damage":5.0,"enemies":"Gensokyo:Python_and_Kodama","floor":11.0,"turns":3.0},{"damage":0.0,"enemies":"Gensokyo:Kitsune","floor":13.0,"turns":3.0},{"damage":37.0,"enemies":"Gensokyo:Yukari","floor":16.0,"turns":5.0},{"damage":12.0,"enemies":"Gensokyo:Chomper","floor":18.0,"turns":2.0},{"damage":5.0,"enemies":"Gensokyo:AngelMirror","floor":20.0,"turns":1.0},{"damage":48.0,"enemies":"Gensokyo:Koishi","floor":23.0,"turns":5.0},{"damage":31.0,"enemies":"Gensokyo:Tenshi","floor":27.0,"turns":3.0},{"damage":33,"enemies":"Gensokyo:Koishi","floor":30,"turns":3},{"damage":22,"enemies":"Gensokyo:Tenshi","floor":31,"turns":1}],"seed_played":"-7307562705427896619","potions_obtained":[{"floor":1.0,"key":"Guardian:BlockOnCardUsePotion"},{"floor":10.0,"key":"BlessingOfTheForge"},{"floor":13.0,"key":"potionbrewer:BoundlessPotion"},{"floor":20.0,"key":"GamblersBrew"},{"floor":23.0,"key":"EssenceOfSteel"}],"is_trial":false,"path_per_floor":["M","?","M","?","M","E","R","E","T","E","M","R","M","?","R","B",null,"M","?","M","COS","?","E","R","$","T","E","R","E","E"],"character_chosen":"THE_VACANT","items_purchased":[],"campfire_rested":4,"item_purchase_floors":[],"current_hp_per_floor":[77,80,71,71,70,59,59,19,19,7,2,23,23,30,53,16,79,79,79,74,74,74,26,49,49,49,18,39,18,0,0],"gold":151,"neow_bonus":"THREE_RARE_CARDS","is_daily":false,"chose_seed":false,"campfire_upgraded":1,"win_rate":0.0,"timestamp":1609021186,"path_taken":["M","?","?","?","M","E","R","E","T","E","M","R","?","?","R","BOSS","M","?","M","COS","?","E","R","?","T","E","R","E","E"],"items_purchased_type":[],"build_version":"2020-12-22","purchased_purges":0,"victory":false,"max_hp_per_floor":[80,80,80,72,72,72,72,72,72,72,72,72,72,79,79,79,79,79,79,79,79,79,79,76,76,76,73,73,70,70,70],"card_choices":[{"not_picked":["theVacant:WhenDarknessComes","theVacant:MindBreak"],"picked":"theVacant:Exorcise","floor":0.0},{"not_picked":["theVacant:CleanseSoul","theVacant:CursedBlast"],"picked":"theVacant:EmbraceDarkness","floor":1.0},{"not_picked":["theVacant:Enrage","theVacant:Jab"],"picked":"theVacant:CursedBlast","floor":3.0},{"not_picked":["theVacant:Spinshield","theVacant:DeathSpiral"],"picked":"theVacant:ShriekingBlast","floor":5.0},{"not_picked":["theVacant:GraveWave","theVacant:ShutAway"],"picked":"theVacant:Voidstone","floor":6.0},{"not_picked":["theVacant:Thoughtseize","theVacant:Soothe"],"picked":"theVacant:Jab","floor":8.0},{"not_picked":["theVacant:Immaterialize","theVacant:Soothe"],"picked":"theVacant:Barrage","floor":10.0},{"not_picked":["theVacant:EmptyShield","theVacant:Snowball"],"picked":"theVacant:Dig","floor":11.0},{"not_picked":["theVacant:BattleScars","theVacant:EyePoke"],"picked":"theVacant:SpiritOrb","floor":12.0},{"not_picked":["theVacant:PitOfDespair","theVacant:Thoughtseize"],"picked":"theVacant:LichStrike","floor":13.0},{"not_picked":["theVacant:BrassMagnet","theVacant:BurdenBreak"],"picked":"theVacant:BattleScars","floor":15.0},{"not_picked":["theVacant:DimensionTear","theVacant:FiendFrost"],"picked":"theVacant:Voidstone","floor":16.0},{"not_picked":["theVacant:Gloom","theVacant:Reconnect"],"picked":"theVacant:Spinshield","floor":18.0},{"not_picked":["theVacant:Jab","theVacant:ShriekingBlast","theVacant:Immaterialize"],"picked":"SKIP","floor":20.0},{"not_picked":["theVacant:Sneeze","theVacant:Necromancy"],"picked":"theVacant:BrassMagnet+1","floor":23.0},{"not_picked":["theVacant:EyePoke","theVacant:IntoTheAbyss"],"picked":"theVacant:ShriekingBlast+1","floor":24.0},{"not_picked":["theVacant:FranticBlow+1","theVacant:Enrage"],"picked":"theVacant:CleanseSoul","floor":27.0},{"not_picked":["theVacant:CleanseSoul+1","theVacant:TwistFate+1"],"picked":"theVacant:SpiritOrb","floor":29.0},{"not_picked":["theVacant:Husk","theVacant:OnSecondThought"],"picked":"theVacant:DarkStrike+1","floor":30}],"player_experience":533715,"relics_obtained":[{"floor":6.0,"key":"Dream Catcher"},{"floor":8.0,"key":"infinitespire:CheckeredPen"},{"floor":9.0,"key":"infinitespire:WardingShard"},{"floor":10.0,"key":"infinitespire:Bottled Soul"},{"floor":23.0,"key":"Vajra"},{"floor":26.0,"key":"Juzu Bracelet"},{"floor":27.0,"key":"Gensokyo:MosesMiracle"},{"floor":27.0,"key":"Molten Egg 2"},{"floor":30,"key":"Happy Flower"}],"event_choices":[],"is_beta":false,"boss_relics":[{"not_picked":["Runesmith:UraniumAnvil","Sozu"],"picked":"Pandora\u0027s Box"}],"items_purged_floors":[],"is_endless":false,"potions_floor_spawned":[1,10,13,20,23],"killed_by":"Gensokyo:Tenshi","ascension_level":1}}