{"host":"dhyczjm99amxd3qx","time":1609023201,"event":{"mods":["BaseMod","Colored Map","Googly Eyes","Highlight Path","Minty Spire (QoL Compilation)","Quick Restart","StSLib"],"gold_per_floor":[109,109,109,120,140,140,165,165,213,213,59,92,92,109,109,214,214,214,214,214,214,214,214,214,214,214,214,214,214,214,214,214,214,214,214,214,214,214,214,214,214,214,214,214,214,214,139,139,139,139],"floor_reached":51,"playtime":2481,"items_purged":["Defend_R"],"score":928,"play_id":"1557062a-1e5b-449d-98f8-8be9ab8ddbb4","local_time":"20201226175321","is_ascension_mode":false,"campfire_choices":[{"data":"Searing Blow","floor":6,"key":"SMITH"},{"data":"Searing Blow+1","floor":10,"key":"SMITH"},{"data":"Searing Blow+2","floor":13,"key":"SMITH"},{"data":"Searing Blow+3","floor":15,"key":"SMITH"},{"data":"Searing Blow+4","floor":24,"key":"SMITH"},{"data":"Searing Blow+5","floor":28,"key":"SMITH"},{"data":"Searing Blow+6","floor":32,"key":"SMITH"},{"data":"Searing Blow+7","floor":46,"key":"SMITH"},{"data":"Searing Blow+8","floor":49,"key":"SMITH"}],"circlet_count":0,"master_deck":["Strike_R","Strike_R","Strike_R","Strike_R","Strike_R","Defend_R","Defend_R","Bash+1","Clash","Sword Boomerang","Searing Blow+9","Seeing Red","Clash","Battle Trance","Bludgeon","Whirlwind","Iron Wave","Battle Trance","Bludgeon","Whirlwind","Ghostly Armor","Metallicize","Demon Form","Inflame","Immolate","Twin Strike+1","Mind Blast","Metallicize+1","Reaper"],"relics":["Burning Blood","Blood Vial","Bag of Preparation","Centennial Puzzle","Nunchaku","Boot","Ectoplasm","Pen Nib","Mercury Hourglass","Orichalcum","TungstenRod","PreservedInsect","SlaversCollar","Mango","Eternal Feather","MealTicket","Bottled Flame","Toy Ornithopter"],"acts_visited":["Exordium","TheCity","TheBeyond"],"potions_floor_usage":[7,12,14,21,30,38,40,50,50],"damage_taken":[{"damage":4,"enemies":"Small Slimes","floor":1,"turns":4},{"damage":16,"enemies":"2 Louse","floor":4,"turns":4},{"damage":0,"enemies":"Cultist","floor":5,"turns":2},{"damage":25,"enemies":"Lagavulin","floor":7,"turns":7},{"damage":12,"enemies":"3 Sentries","floor":12,"turns":7},{"damage":2,"enemies":"Blue Slaver","floor":14,"turns":2},{"damage":40,"enemies":"Hexaghost","floor":16,"turns":6},{"damage":0,"enemies":"Chosen","floor":18,"turns":2},{"damage":10,"enemies":"3 Byrds","floor":19,"turns":5},{"damage":6,"enemies":"Snake Plant","floor":20,"turns":2},{"damage":15,"enemies":"Sentry and Sphere","floor":21,"turns":4},{"damage":6,"enemies":"Cultist and Chosen","floor":22,"turns":3},{"damage":0,"enemies":"Gremlin Leader","floor":23,"turns":3},{"damage":19,"enemies":"Slavers","floor":27,"turns":5},{"damage":0,"enemies":"Book of Stabbing","floor":30,"turns":3},{"damage":13,"enemies":"Snecko","floor":31,"turns":5},{"damage":69,"enemies":"Automaton","floor":33,"turns":7},{"damage":1,"enemies":"Orb Walker","floor":35,"turns":2},{"damage":64,"enemies":"2 Orb Walkers","floor":38,"turns":4},{"damage":12,"enemies":"3 Darklings","floor":39,"turns":4},{"damage":10,"enemies":"Giant Head","floor":40,"turns":5},{"damage":0,"enemies":"4 Shapes","floor":42,"turns":1},{"damage":6,"enemies":"Transient","floor":44,"turns":5},{"damage":10,"enemies":"Reptomancer","floor":45,"turns":2},{"damage":0,"enemies":"Nemesis","floor":48,"turns":1},{"damage":48,"enemies":"Donu and Deca","floor":50,"turns":6}],"seed_played":"1622892712462296474","potions_obtained":[{"floor":4,"key":"HeartOfIron"},{"floor":5,"key":"Fire Potion"},{"floor":14,"key":"Fruit Juice"},{"floor":18,"key":"PowerPotion"},{"floor":20,"key":"Ancient Potion"},{"floor":23,"key":"EssenceOfSteel"},{"floor":35,"key":"SteroidPotion"},{"floor":40,"key":"Swift Potion"},{"floor":48,"key":"SkillPotion"}],"is_trial":false,"path_per_floor":["M","?","?","M","M","R","E","?","T","R","$","E","R","M","R","B",null,"M","M","M","M","M","E","R","?","T","E","R","T","E","M","R","B",null,"M","?","?","?","M","E","?","M","T","M","E","R","$","E","R","B",null],"character_chosen":"IRONCLAD","items_purchased":["Nunchaku"],"campfire_rested":0,"item_purchase_floors":[11],"current_hp_per_floor":[88,88,88,78,86,86,69,69,69,69,69,65,65,76,76,44,93,93,89,91,84,86,93,93,93,93,80,80,80,88,83,83,22,93,93,93,93,49,45,43,43,51,51,53,51,66,81,89,102,78],"gold":139,"neow_bonus":"TEN_PERCENT_HP_BONUS","is_daily":false,"chose_seed":false,"campfire_upgraded":9,"win_rate":0.0,"timestamp":1609023201,"path_taken":["M","?","?","M","?","R","E","?","T","R","?","E","R","M","R","BOSS","M","M","M","M","M","E","R","?","T","E","R","?","E","M","R","BOSS","M","?","?","?","M","E","?","M","T","M","E","R","$","E","R","BOSS"],"items_purchased_type":["Relic"],"build_version":"2020-12-22","purchased_purges":1,"victory":true,"max_hp_per_floor":[88,88,88,88,88,88,88,88,88,88,88,88,88,93,93,93,93,93,93,93,93,93,93,93,93,93,93,93,93,93,93,93,93,93,93,93,93,107,107,107,102,102,102,102,102,102,102,102,102,102],"card_choices":[{"not_picked":["Sword Boomerang","True Grit"],"picked":"Clash","floor":1},{"not_picked":["Anger","Bloodletting"],"picked":"Sword Boomerang","floor":4},{"not_picked":["Wild Strike","Pommel Strike"],"picked":"Searing Blow","floor":5},{"not_picked":["Combust","Clothesline"],"picked":"Seeing Red","floor":7},{"not_picked":["Heavy Blade","Twin Strike"],"picked":"Clash","floor":12},{"not_picked":["Burning Pact","Intimidate"],"picked":"Battle Trance","floor":14},{"not_picked":["Corruption","Berserk"],"picked":"Bludgeon","floor":16},{"not_picked":["Burning Pact","Pommel Strike+1","Sword Boomerang"],"picked":"SKIP","floor":18},{"not_picked":["Hemokinesis","Clash"],"picked":"Whirlwind","floor":19},{"not_picked":["Headbutt","Infernal Blade"],"picked":"Iron Wave","floor":20},{"not_picked":["Twin Strike","Anger+1"],"picked":"Battle Trance","floor":21},{"not_picked":["Clothesline","Thunderclap"],"picked":"Bludgeon","floor":22},{"not_picked":["Flame Barrier","Body Slam+1"],"picked":"Whirlwind","floor":23},{"not_picked":["Cleave","Body Slam"],"picked":"Metallicize","floor":27},{"not_picked":["Warcry+1","Whirlwind"],"picked":"Demon Form","floor":30},{"not_picked":["Pommel Strike","Iron Wave"],"picked":"Inflame","floor":31},{"not_picked":["Juggernaut","Fiend Fire"],"picked":"Immolate","floor":33},{"not_picked":["Armaments","Power Through+1"],"picked":"Twin Strike+1","floor":35},{"not_picked":["Deep Breath","Impatience"],"picked":"Mind Blast","floor":36},{"not_picked":["Cleave","Rampage+1","Clothesline+1"],"picked":"SKIP","floor":39},{"not_picked":["Bludgeon","Feel No Pain","Power Through+1"],"picked":"SKIP","floor":40},{"not_picked":["Cleave+1","Reckless Charge+1","Fire Breathing"],"picked":"SKIP","floor":42},{"not_picked":["Thunderclap","Body Slam"],"picked":"Metallicize+1","floor":44},{"not_picked":["Entrench","Infernal Blade+1","Body Slam+1"],"picked":"SKIP","floor":45},{"not_picked":["Sword Boomerang","Shrug It Off"],"picked":"Reaper","floor":48}],"player_experience":65241,"relics_obtained":[{"floor":7,"key":"Bag of Preparation"},{"floor":9,"key":"Centennial Puzzle"},{"floor":12,"key":"Boot"},{"floor":23,"key":"Pen Nib"},{"floor":26,"key":"Mercury Hourglass"},{"floor":27,"key":"Orichalcum"},{"floor":29,"key":"TungstenRod"},{"floor":30,"key":"PreservedInsect"},{"floor":38,"key":"Mango"},{"floor":40,"key":"Eternal Feather"},{"floor":43,"key":"MealTicket"},{"floor":45,"key":"Bottled Flame"},{"floor":48,"key":"Toy Ornithopter"}],"event_choices":[{"damage_healed":0,"gold_gain":0,"player_choice":"Box","damage_taken":0,"relics_obtained":["Blood Vial"],"max_hp_gain":0,"max_hp_loss":0,"event_name":"Big Fish","floor":2,"gold_loss":0,"cards_obtained":["Regret"]},{"damage_healed":0,"gold_gain":0,"player_choice":"Upgraded","damage_taken":0,"max_hp_gain":0,"max_hp_loss":0,"event_name":"Upgrade Shrine","floor":3,"gold_loss":0,"cards_upgraded":["Bash"]},{"cards_removed":["Regret"],"damage_healed":0,"gold_gain":0,"player_choice":"Removed Curses","damage_taken":0,"max_hp_gain":0,"max_hp_loss":0,"event_name":"Fountain of Cleansing","floor":8,"gold_loss":0},{"damage_healed":0,"gold_gain":0,"player_choice":"Read","damage_taken":0,"max_hp_gain":0,"max_hp_loss":0,"event_name":"The Library","floor":25,"gold_loss":0,"cards_obtained":["Ghostly Armor"]},{"damage_healed":0,"gold_gain":0,"player_choice":"Memory 1","damage_taken":0,"max_hp_gain":0,"max_hp_loss":0,"event_name":"SensoryStone","floor":36,"gold_loss":0},{"cards_removed":["Defend_R"],"damage_healed":0,"gold_gain":0,"player_choice":"Removed Skill","damage_taken":0,"max_hp_gain":0,"max_hp_loss":0,"event_name":"Falling","floor":37,"gold_loss":0},{"damage_healed":0,"gold_gain":0,"player_choice":"Fight","damage_taken":0,"max_hp_gain":0,"max_hp_loss":0,"event_name":"Mysterious Sphere","floor":38,"gold_loss":0},{"damage_healed":0,"gold_gain":0,"player_choice":"Max HP","damage_taken":0,"max_hp_gain":0,"max_hp_loss":5,"event_name":"Winding Halls","floor":41,"gold_loss":0}],"is_beta":false,"boss_relics":[{"not_picked":["Mark of Pain","Cursed Key"],"picked":"Ectoplasm"},{"not_picked":["Runic Dome","Runic Pyramid"],"picked":"SlaversCollar"}],"items_purged_floors":[47],"is_endless":false,"potions_floor_spawned":[4,5,14,18,20,23,35,40,48],"ascension_level":0}}