{"host":"1zjc08c6hob33401","time":1609000375,"event":{"mods":["AchievementEnabler","Act Like it!","Aspiration","Bard","BaseMod","Downfall","Energized Spire","GifTheSpireLib","Hermit","Hubris","Infinite Spire","Jedi Mod","Jorbs\u0027s Wanderer Trilogy","Marisa????????","Minty Spire (QoL Compilation)","Pale of the Ancients","Quick Restart","Replay The Spire","Retaliation","Shop Mod","StSLib","Stuff the Spire","Swap Starting Deck Mod","The Blue Laboratory","The Gatherer","The Poker Player","The Runesmith","The Sage","Wandering Minibosses","[IsaacMod]????"],"gold_per_floor":[116,129,129,149,6,6,813,844,923,938,954,954,970,1070,1070,1175,1175,1185,1201,1221,1240,1240,1240,1253,1264,1288,1318,1318,1330,1347,1363,1363,1463,1463,1474,1474,1474,1484,378,378,407,20,20,20,31,42,42,42,42,52,52,52,52,52,52,52],"floor_reached":54,"playtime":3191,"items_purged":["Normality","Gatherer:Defend_Gatherer"],"score":821,"play_id":"e36d74d2-8b4e-4f98-b4b2-3ce25325d24b","local_time":"20201226183255","is_ascension_mode":true,"metric_token":1952,"campfire_choices":[{"data":"Gatherer:EnergyBasket","floor":6,"key":"SMITH"},{"data":"Gatherer:GrowBook","floor":12,"key":"SMITH"},{"data":"Gatherer:RottenStipe","floor":15,"key":"SMITH"},{"data":"infinitespire:FutureSight","floor":23,"key":"SMITH"},{"data":"Gatherer:CollectorsShot","floor":28,"key":"SMITH"},{"floor":32,"key":"REST"},{"data":"expansioncontent:Corrupt","floor":40,"key":"SMITH"},{"data":"Gatherer:CursedBlade","floor":44,"key":"SMITH"},{"data":"Gatherer:StoneFence","floor":51,"key":"SMITH"}],"circlet_count":0,"master_deck":["Gatherer:Strike_Gatherer","Gatherer:Strike_Gatherer","Gatherer:Strike_Gatherer","Gatherer:Strike_Gatherer","Gatherer:Strike_Gatherer","Gatherer:Defend_Gatherer","Gatherer:Defend_Gatherer","Gatherer:Defend_Gatherer","Gatherer:Defend_Gatherer","Gatherer:Centralize","Gatherer:FlowerWhip","EpicFetus+1","Gatherer:FragileHammer","Gatherer:EnergyBasket+1","Gatherer:FlowerFalling","Gatherer:Uplift","Gatherer:VenomBarrier","Panache+1","Gatherer:RottenStipe+1","Gatherer:CursedBlade+1","Gatherer:TacticalStrike","Gatherer:StoneFence+1","Gatherer:ScherryThrow+1","Gatherer:CollectorsShot+1","infinitespire:FutureSight+1","Gatherer:SealedBomb+1","Gatherer:UpgradeBag","Gatherer:Duplicator+1","Gatherer:TreeGrowth","Gatherer:QuickSynthesis","Gatherer:CollectorsShot","Gatherer:FlamingBottle","Gatherer:Pollute+1","Gatherer:VenomBarrier+1","Gatherer:MindSearch","Gatherer:FlamingBottle","expansioncontent:Corrupt+1","Survey Options","Gatherer:LuckyClover","Gatherer:Liquidism","Gatherer:BalancedGrowth+1","Gatherer:BambuSword+1"],"relics":["Gatherer:AlchemyBag","HushsDoor","DeathBook","Chemical X","wanderingMiniBosses:MasterThiefsPresence","StuffTheSpire:GrapeVine","aspiration:StickyExplosives_weak","Philosopher\u0027s Stone","Happy Flower","Mercury Hourglass","Coffee Dripper","Juzu Bracelet","Orichalcum","Lee\u0027s Waffle","MawBank","NineVolt","Replay:Bottled Flurry","Quantum Egg","paleoftheancients:Timepiece","Gremlin Horn","Spirit Poop"],"acts_visited":["Exordium","TheCity","TheBeyond","paleoftheancients:PaleOfTheAncients"],"potions_floor_usage":[8,10,16,20,20,30,31,33,33,38,46,53],"damage_taken":[{"damage":0,"enemies":"Small Slimes","floor":1,"turns":1},{"damage":0,"enemies":"Cultist","floor":2,"turns":3},{"damage":13,"enemies":"infinitespire:Voidling","floor":4,"turns":2},{"damage":0,"enemies":"Large Slime","floor":7,"turns":9},{"damage":3,"enemies":"3 Sentries","floor":8,"turns":3},{"damage":0,"enemies":"Blue Slaver","floor":10,"turns":2},{"damage":0,"enemies":"Looter","floor":11,"turns":2},{"damage":1,"enemies":"2 Fungi Beasts","floor":13,"turns":3},{"damage":30,"enemies":"The Guardian","floor":16,"turns":6},{"damage":10,"enemies":"Shell Parasite","floor":18,"turns":2},{"damage":8,"enemies":"Chosen","floor":19,"turns":3},{"damage":1,"enemies":"Centurion and Healer","floor":20,"turns":2},{"damage":0,"enemies":"Snecko","floor":21,"turns":3},{"damage":8,"enemies":"Cultist and Chosen","floor":24,"turns":2},{"damage":5,"enemies":"3 Cultists","floor":25,"turns":3},{"damage":8,"enemies":"Gremlin Leader","floor":27,"turns":3},{"damage":8,"enemies":"Chosen and Byrds","floor":29,"turns":4},{"damage":4,"enemies":"Centurion and Healer","floor":30,"turns":3},{"damage":9,"enemies":"Shelled Parasite and Fungi","floor":31,"turns":3},{"damage":24,"enemies":"Champ","floor":33,"turns":6},{"damage":0,"enemies":"Orb Walker","floor":35,"turns":1},{"damage":0,"enemies":"3 Darklings","floor":38,"turns":2},{"damage":39,"enemies":"Nemesis","floor":41,"turns":4},{"damage":0,"enemies":"Jaw Worm Horde","floor":45,"turns":2},{"damage":0,"enemies":"Transient","floor":46,"turns":5},{"damage":14,"enemies":"Spire Growth","floor":50,"turns":3},{"damage":39,"enemies":"infinitespire:MassOfShapes","floor":52,"turns":4},{"damage":94,"enemies":"infinitespire:MassOfShapes","floor":53,"turns":4},{"damage":108,"enemies":"infinitespire:MassOfShapes","floor":54,"turns":7}],"seed_played":"-769796677790459508","potions_obtained":[{"floor":2,"key":"blueLaboratory:FrostheartPotion"},{"floor":7,"key":"FearPotion"},{"floor":8,"key":"blueLaboratory:FrostheartPotion"},{"floor":16,"key":"SteroidPotion"},{"floor":18,"key":"BlessingOfTheForge"},{"floor":24,"key":"Guardian:BlockOnCardUsePotion"},{"floor":29,"key":"infinitespire:BlackPotion"},{"floor":30,"key":"SteroidPotion"},{"floor":31,"key":"Energy Potion"},{"floor":33,"key":"champ:CounterPotion"},{"floor":45,"key":"Dexterity Potion"},{"floor":46,"key":"blueLaboratory:PhilterOfMotion"}],"is_trial":false,"path_per_floor":["M","M","?","M","$","R","M","E","T","M","M","R","M","?","R","B",null,"M","M","M","M","AVR","R","M","M","T","E","R","M","M","M","R","B",null,"M","?","?","M","$","R","E","$","T","R","M","M","PTL","PTL","?","M","R","B","M","M"],"character_chosen":"THE_GATHERER","items_purchased":["Chemical X","Juzu Bracelet","Orichalcum","Lee\u0027s Waffle","Gatherer:MindSearch","Gatherer:FlamingBottle","expansioncontent:Corrupt","Survey Options","NineVolt","Replay:Bottled Flurry"],"campfire_rested":1,"item_purchase_floors":[5,39,39,39,39,39,39,39,42,42],"current_hp_per_floor":[79,79,79,66,66,66,66,63,63,63,63,63,62,62,62,32,79,69,61,60,60,60,60,52,47,47,39,39,31,37,28,51,27,79,79,79,79,79,86,86,47,47,47,47,47,47,47,47,56,42,42,86,86,0,0,0],"gold":52,"neow_bonus":"TEN_PERCENT_HP_BONUS","is_daily":false,"chose_seed":false,"campfire_upgraded":8,"win_rate":0.0,"timestamp":1609000375,"path_taken":["M","M","?","?","$","R","M","E","T","M","M","R","M","?","R","BOSS","M","M","M","M","AVR","R","M","M","T","E","R","M","M","M","R","BOSS","M","?","?","M","$","R","E","?","T","R","M","M","PTL","PTL","?","M","R","BOSS","M","M"],"items_purchased_type":["Relic","Relic","Relic","Relic","Card","Card","Card","Card","Relic","Relic"],"build_version":"2020-12-22","purchased_purges":2,"victory":false,"max_hp_per_floor":[79,79,79,79,79,79,79,79,79,79,79,79,79,79,79,79,79,79,79,79,79,79,79,79,79,79,79,79,79,79,79,79,79,79,79,79,79,79,86,86,86,86,86,86,86,86,86,86,86,86,86,86,86,86,86,86],"card_choices":[{"not_picked":[],"picked":"EpicFetus","floor":0},{"not_picked":["Gatherer:ScentOfRosmari","Gatherer:Herbalism"],"picked":"Gatherer:FragileHammer","floor":1},{"not_picked":["Gatherer:AcidicSpray","Gatherer:Frenzy"],"picked":"Bomb","floor":2},{"not_picked":["Gatherer:DrugPower","Gatherer:GlowingPlant"],"picked":"Gatherer:EnergyBasket","floor":4},{"not_picked":["Gatherer:GlowingPlant","Gatherer:AromaProtection"],"picked":"Gatherer:FlowerFalling","floor":7},{"not_picked":["Gatherer:Convert","Gatherer:ScentOfRosmari"],"picked":"Gatherer:Uplift","floor":8},{"not_picked":["Gatherer:CarefulStrike","Gatherer:ScrollOfWall"],"picked":"Gatherer:VenomBarrier","floor":10},{"not_picked":["Gatherer:GatherMaterial","Gatherer:EnergyBasket"],"picked":"Gatherer:GrowBook","floor":11},{"not_picked":["Gatherer:Enchant","Gatherer:Frenzy","Gatherer:FlowerBeam"],"picked":"SKIP","floor":13},{"not_picked":["Gatherer:GatherMaterial","Gatherer:DrugPower"],"picked":"Gatherer:RottenStipe","floor":14},{"not_picked":["Gatherer:BlackTea","Gatherer:Examine"],"picked":"Gatherer:CursedBlade","floor":16},{"not_picked":["Gatherer:CollectorsShot","Gatherer:EnergyBasket"],"picked":"Gatherer:TacticalStrike","floor":18},{"not_picked":["Gatherer:FragileHammer+1","Gatherer:SaveValuables"],"picked":"Gatherer:StoneFence","floor":19},{"not_picked":["Gatherer:Snatch+1","Gatherer:EnergyBasket+1"],"picked":"Gatherer:ScherryThrow+1","floor":20},{"not_picked":["Gatherer:ScherryThrow","Gatherer:AromaProtection"],"picked":"Gatherer:CollectorsShot","floor":21},{"not_picked":["Gatherer:VenomBarrier","Gatherer:WoolGloves"],"picked":"Gatherer:SealedBomb+1","floor":24},{"not_picked":["Gatherer:Solidify","Gatherer:AcidicSpray"],"picked":"Gatherer:UpgradeBag","floor":25},{"not_picked":["Gatherer:QuickSynthesis","Gatherer:ScherryThrow+1"],"picked":"Gatherer:Duplicator+1","floor":27},{"not_picked":["Gatherer:GatherMaterial","Gatherer:Nutrients"],"picked":"Gatherer:TreeGrowth","floor":29},{"not_picked":["Gatherer:ScentOfRosmari","Gatherer:Polymorphism"],"picked":"Gatherer:QuickSynthesis","floor":30},{"not_picked":["Gatherer:Duplicator","Gatherer:BambuSword"],"picked":"Gatherer:CollectorsShot","floor":31},{"not_picked":["Gatherer:FinishingStrike","Gatherer:Photoscythe"],"picked":"Gatherer:FlamingBottle","floor":33},{"not_picked":["Gatherer:CarefulStrike","Gatherer:FlowerFalling+1"],"picked":"Gatherer:Pollute+1","floor":35},{"not_picked":["Gatherer:FragileHammer","Gatherer:BambuSword+1"],"picked":"Gatherer:VenomBarrier+1","floor":38},{"not_picked":["Gatherer:Frenzy","Gatherer:SaveValuables"],"picked":"Gatherer:LuckyClover","floor":41},{"not_picked":["Gatherer:ScentOfRosmari+1","Gatherer:AcidicSpray+1"],"picked":"Gatherer:Liquidism","floor":45},{"not_picked":["Gatherer:TreeGrowth","Gatherer:CarefulStrike"],"picked":"Gatherer:BalancedGrowth+1","floor":46},{"not_picked":["Gatherer:UpgradeBag","Gatherer:Convert+1"],"picked":"Gatherer:BambuSword+1","floor":50}],"player_experience":520971,"relics_obtained":[{"floor":7,"key":"wanderingMiniBosses:MasterThiefsPresence"},{"floor":8,"key":"StuffTheSpire:GrapeVine"},{"floor":9,"key":"aspiration:StickyExplosives_weak"},{"floor":26,"key":"Happy Flower"},{"floor":27,"key":"Mercury Hourglass"},{"floor":41,"key":"MawBank"},{"floor":43,"key":"Quantum Egg"}],"event_choices":[{"damage_healed":0,"gold_gain":0,"player_choice":"Ignored","damage_taken":0,"max_hp_gain":0,"max_hp_loss":0,"event_name":"Tomb of Lord Red Mask","floor":36,"gold_loss":0}],"is_beta":false,"boss_relics":[{"not_picked":["aspiration:RunicSpoon","Replay:Drink Me"],"picked":"Philosopher\u0027s Stone"},{"not_picked":[]},{"not_picked":["energizedSpire:EnergizedDie","energizedSpire:DeadBattery"],"picked":"Coffee Dripper"},{"not_picked":[]}],"items_purged_floors":[22,39],"is_endless":false,"potions_floor_spawned":[2,7,8,16,18,24,29,30,31,33,45,46],"killed_by":"infinitespire:MassOfShapes","ascension_level":1}}