{"host":"jwvz9sqego1wo43x","time":1609001442,"event":{"mods":["AchievementEnabler","BaseMod","Colored Map","Downfall","GifTheSpireLib","Minty Spire (QoL Compilation)","StSLib"],"gold_per_floor":[99,115,50,63,63,63,90,115,115,126,143,53,53,84,98,201,201,201,216,216,233,233,233,256,256,267,294,56,81,81,81,81],"floor_reached":30,"playtime":1053,"items_purged":["Guardian:Strike_Guardian"],"score":294,"play_id":"28e65603-4a92-4f37-9843-e6d1274a959a","local_time":"20201226165042","is_ascension_mode":true,"campfire_choices":[{"data":"Guardian:CurlUp","floor":1.0,"key":"SMITH"},{"data":"expansioncontent:DarkVoid","floor":6.0,"key":"SMITH"},{"floor":13.0,"key":"REST"},{"data":"Guardian:DonusPower","floor":18,"key":"SMITH"},{"data":"Guardian:EvasiveProtocol","floor":23,"key":"SMITH"},{"data":"Guardian:CrystalBeam","floor":25,"key":"SMITH"}],"circlet_count":0,"master_deck":["Guardian:Strike_Guardian","Guardian:Strike_Guardian","Guardian:Defend_Guardian","Guardian:Defend_Guardian","Guardian:Defend_Guardian","Guardian:Defend_Guardian","Guardian:CurlUp+1","Guardian:TwinSlam","expansioncontent:DarkVoid+1","Guardian:RevengeProtocol","Guardian:Repulse+1","Guardian:GuardianWhirl+1","Guardian:Gem_Crimson","Guardian:CrystalBeam+1","Guardian:Gem_White","Guardian:DonusPower+1","Guardian:BronzeArmor","Guardian:RevengeProtocol","Guardian:EvasiveProtocol+1","Guardian:VentSteam","Guardian:ArmoredProtocol","Guardian:CompilePackage","Guardian:Gem_Orange","Guardian:PrismaticBeam"],"relics":["Guardian:ModeShifter","Akabeko","InkBottle","StoneCalendar","Philosopher\u0027s Stone","Happy Flower","Anchor","Bag of Marbles"],"acts_visited":["Exordium","TheCity"],"potions_floor_usage":[16,16,16,27,27],"damage_taken":[{"damage":2.0,"enemies":"2 Louse","floor":2.0,"turns":2.0},{"damage":3.0,"enemies":"downfall:FleeingMerchant","floor":3.0,"turns":4.0},{"damage":0.0,"enemies":"Small Slimes","floor":4.0,"turns":3.0},{"damage":33.0,"enemies":"Lagavulin","floor":8.0,"turns":7.0},{"damage":0.0,"enemies":"Cultist","floor":10.0,"turns":2.0},{"damage":20.0,"enemies":"Exordium Thugs","floor":11.0,"turns":4.0},{"damage":5.0,"enemies":"downfall:FleeingMerchant","floor":12.0,"turns":4.0},{"damage":16,"enemies":"3 Sentries","floor":14,"turns":4},{"damage":0,"enemies":"2 Fungi Beasts","floor":15,"turns":2},{"damage":24,"enemies":"downfall:Watcher","floor":16,"turns":6},{"damage":10,"enemies":"3 Byrds","floor":19,"turns":3},{"damage":13,"enemies":"Centurion and Healer","floor":21,"turns":6},{"damage":12,"enemies":"Shelled Parasite and Fungi","floor":26,"turns":3},{"damage":28,"enemies":"Slavers","floor":27,"turns":6},{"damage":8,"enemies":"downfall:FleeingMerchant","floor":28,"turns":4},{"damage":3,"enemies":"Gremlin Leader","floor":30,"turns":3}],"seed_played":"500425077731545885","potions_obtained":[{"floor":4.0,"key":"SteroidPotion"},{"floor":10.0,"key":"Ancient Potion"},{"floor":11.0,"key":"LiquidBronze"},{"floor":14,"key":"BlessingOfTheForge"},{"floor":16,"key":"SteroidPotion"},{"floor":21,"key":"Weak Potion"},{"floor":26,"key":"hexamod:EctoCoolerPotion"}],"is_trial":false,"path_per_floor":["R","M","$","M","?","R","T","E","?","M","M","$","R","E","M","B",null,"R","M","?","M","?","R","T","R","M","E","$","T","E"],"character_chosen":"GUARDIAN","items_purchased":["Guardian:Gem_Red","Guardian:Gem_Orange","Guardian:PrismaticBeam"],"campfire_rested":1,"item_purchase_floors":[3,28,28],"current_hp_per_floor":[80,78,75,75,75,75,75,42,42,42,22,17,41,25,25,1,80,80,70,62,49,49,49,49,49,37,9,1,1,0,0,0],"gold":81,"neow_bonus":"RANDOM_COLORLESS","is_daily":false,"chose_seed":false,"campfire_upgraded":5,"win_rate":0.0,"timestamp":1609001442,"path_taken":["R","M","$","M","?","R","T","E","?","?","M","?","R","E","M","BOSS","R","M","?","?","?","R","T","R","M","E","$","?","E"],"items_purchased_type":["Card","Card","Card"],"build_version":"2020-12-22","purchased_purges":1,"victory":false,"max_hp_per_floor":[80,80,80,80,80,80,80,80,80,80,80,80,80,80,80,80,80,80,80,80,80,80,80,80,80,80,80,80,80,80,80,80],"card_choices":[{"not_picked":["expansioncontent:SlimeTackle","Finesse"],"picked":"expansioncontent:DarkVoid","floor":0.0},{"not_picked":["Guardian:ShieldCharger","Guardian:TimeCapacitor"],"picked":"Guardian:Gem_Fragmented","floor":2.0},{"not_picked":["Guardian:CrystalBeam","Guardian:TimeCapacitor"],"picked":"Guardian:RevengeProtocol","floor":3.0},{"not_picked":["Guardian:CrystalBeam","Guardian:ChargeCore"],"picked":"Guardian:Repulse","floor":4.0},{"not_picked":["Guardian:Recover","Guardian:ChargeCore"],"picked":"Guardian:GuardianWhirl","floor":8.0},{"not_picked":["Guardian:Reroute","Guardian:Gem_Fragmented"],"picked":"Guardian:CrystalBeam","floor":10.0},{"not_picked":["Guardian:TimeSifter","Guardian:Incinerate","Guardian:Recover"],"picked":"SKIP","floor":11.0},{"not_picked":["Guardian:ChargeCore","Guardian:PrimingBeam"],"picked":"Guardian:Gem_White","floor":12.0},{"not_picked":["Guardian:Gem_Cyan","Guardian:Preprogram"],"picked":"Guardian:DonusPower","floor":14},{"not_picked":["Guardian:FloatingOrbs","Guardian:Gem_Cyan"],"picked":"Guardian:BronzeArmor","floor":15},{"not_picked":["Guardian:FastForward","Guardian:ConstructionForm"],"picked":"Guardian:RevengeProtocol","floor":16},{"not_picked":["Guardian:Gem_Lightblue","Guardian:FuturePlans"],"picked":"Guardian:EvasiveProtocol","floor":19},{"not_picked":["Guardian:Recover","Guardian:Gem_Red","Guardian:HyperBeam_Guardian"],"picked":"SKIP","floor":21},{"not_picked":["Guardian:FuturePlans","Guardian:PiercingHide"],"picked":"Guardian:VentSteam","floor":26},{"not_picked":["Guardian:TemporalShield","Guardian:RollAttack"],"picked":"Guardian:ArmoredProtocol","floor":27},{"not_picked":["Guardian:Preprogram+1","Guardian:Planning"],"picked":"Guardian:CompilePackage","floor":28}],"player_experience":487558,"relics_obtained":[{"floor":7.0,"key":"Akabeko"},{"floor":8.0,"key":"InkBottle"},{"floor":14,"key":"StoneCalendar"},{"floor":24,"key":"Happy Flower"},{"floor":27,"key":"Anchor"},{"floor":29,"key":"Bag of Marbles"}],"event_choices":[],"is_beta":false,"boss_relics":[{"not_picked":["SlaversCollar","Busted Crown"],"picked":"Philosopher\u0027s Stone"}],"items_purged_floors":[12],"is_endless":false,"potions_floor_spawned":[4,10,11,14,16,21,26],"killed_by":"Gremlin Leader","ascension_level":3}}