{"host":"BK","time":1609015474,"event":{"mods":["BaseMod","Highlight Path","Minty Spire (QoL Compilation)","StSLib"],"gold_per_floor":[219,230,230,104,116,116,147,147,174,190,205,205,234,244,244,318,318,298,26,45,63,63,63,94,111,165,177,207,219,241,270,282,294,294],"floor_reached":33,"playtime":1558,"items_purged":["Pain","Strike_B"],"score":612,"play_id":"7f138543-a6c0-44de-bdaa-e377437fcc27","local_time":"20201226134434","is_ascension_mode":true,"campfire_choices":[{"data":"Sweeping Beam","floor":6.0,"key":"SMITH"},{"floor":8.0,"key":"REST"},{"floor":12.0,"key":"REST"},{"data":"Defragment","floor":15.0,"key":"SMITH"},{"data":"Recycle","floor":23.0,"key":"SMITH"},{"floor":27.0,"key":"REST"},{"floor":32.0,"key":"REST"}],"circlet_count":0,"master_deck":["AscendersBane","Strike_B","Strike_B","Strike_B","Defend_B","Defend_B+1","Defend_B","Defend_B","Zap","Dualcast","Defragment+1","White Noise","Cold Snap","Sweeping Beam+1","Glacier+1","Machine Learning","Go for the Eyes+1","Recycle+1","Reboot","Glacier","Reinforced Body+1"],"relics":["Cracked Core","WarpedTongs","Pen Nib","Boot","War Paint","Nuclear Battery","TheAbacus","Orichalcum","MawBank"],"acts_visited":["Exordium","TheCity"],"potions_floor_usage":[33],"damage_taken":[{"damage":4.0,"enemies":"2 Louse","floor":1.0,"turns":3.0},{"damage":6.0,"enemies":"Cultist","floor":2.0,"turns":3.0},{"damage":15.0,"enemies":"Small Slimes","floor":5.0,"turns":3.0},{"damage":33.0,"enemies":"3 Sentries","floor":7.0,"turns":6.0},{"damage":17.0,"enemies":"Exordium Wildlife","floor":10.0,"turns":4.0},{"damage":8.0,"enemies":"Lots of Slimes","floor":11.0,"turns":3.0},{"damage":0.0,"enemies":"Lagavulin","floor":13.0,"turns":9.0},{"damage":0.0,"enemies":"Large Slime","floor":14.0,"turns":5.0},{"damage":6.0,"enemies":"Hexaghost","floor":16.0,"turns":8.0},{"damage":17.0,"enemies":"2 Thieves","floor":18.0,"turns":4.0},{"damage":0.0,"enemies":"Spheric Guardian","floor":20.0,"turns":4.0},{"damage":18.0,"enemies":"Snake Plant","floor":21.0,"turns":5.0},{"damage":21.0,"enemies":"Slavers","floor":24.0,"turns":7.0},{"damage":0.0,"enemies":"Centurion and Healer","floor":25.0,"turns":7.0},{"damage":7.0,"enemies":"Shelled Parasite and Fungi","floor":28.0,"turns":6.0},{"damage":13.0,"enemies":"3 Cultists","floor":30.0,"turns":5.0},{"damage":0.0,"enemies":"Snake Plant","floor":31.0,"turns":6.0},{"damage":33,"enemies":"Collector","floor":33,"turns":5}],"seed_played":"2338852871726367240","potions_obtained":[{"floor":1.0,"key":"Swift Potion"},{"floor":2.0,"key":"SpeedPotion"},{"floor":11.0,"key":"SkillPotion"},{"floor":24.0,"key":"DistilledChaos"},{"floor":25.0,"key":"Ancient Potion"},{"floor":28.0,"key":"Dexterity Potion"}],"is_trial":false,"path_per_floor":["M","M","?","$","M","R","E","R","T","M","M","R","E","M","R","B",null,"M","$","M","M","?","R","E","M","T","R","M","?","M","M","R","B"],"character_chosen":"DEFECT","items_purchased":["Cold Snap","TheAbacus"],"campfire_rested":4,"item_purchase_floors":[4,19],"current_hp_per_floor":[60,54,54,54,39,39,6,27,27,10,2,23,23,23,23,17,58,41,41,41,23,23,23,2,2,2,23,16,16,3,3,24,0,0],"gold":294,"neow_bonus":"HUNDRED_GOLD","is_daily":false,"chose_seed":false,"campfire_upgraded":3,"win_rate":0.0,"timestamp":1609015474,"path_taken":["M","M","?","$","M","R","E","R","T","M","?","R","E","M","R","BOSS","M","$","M","M","?","R","E","M","T","R","M","?","?","M","R","BOSS"],"items_purchased_type":["Card","Relic"],"build_version":"2020-12-18","purchased_purges":2,"victory":false,"max_hp_per_floor":[71,71,71,71,71,71,71,71,71,71,71,71,71,71,71,71,71,71,71,71,71,71,71,71,71,71,71,71,71,71,71,71,71,71],"card_choices":[{"not_picked":["Melter","Barrage"],"picked":"Defragment","floor":1.0},{"not_picked":["Steam Power","Redo"],"picked":"White Noise","floor":2.0},{"not_picked":["Compile Driver","Leap"],"picked":"Sweeping Beam","floor":5.0},{"not_picked":["Double Energy","Conserve Battery","Hologram"],"picked":"SKIP","floor":7.0},{"not_picked":["Leap","Hologram"],"picked":"Glacier","floor":10.0},{"not_picked":["Sweeping Beam","Compile Driver","Lockon"],"picked":"SKIP","floor":11.0},{"not_picked":["Streamline","Leap","Buffer"],"picked":"SKIP","floor":13.0},{"not_picked":["Reprogram","Double Energy","Melter"],"picked":"SKIP","floor":14.0},{"not_picked":["Fission","Rainbow"],"picked":"Machine Learning","floor":16.0},{"not_picked":["Leap","Stack"],"picked":"Go for the Eyes+1","floor":18.0},{"not_picked":["Auto Shields","Go for the Eyes"],"picked":"Recycle","floor":20.0},{"not_picked":["Hello World+1","Storm+1","Cold Snap"],"picked":"SKIP","floor":21.0},{"not_picked":["Aggregate","Steam"],"picked":"Reboot","floor":24.0},{"not_picked":["Hologram","Barrage"],"picked":"Glacier","floor":25.0},{"not_picked":["Cold Snap","Streamline","Rebound"],"picked":"SKIP","floor":28.0},{"not_picked":["Turbo","Conserve Battery","Consume"],"picked":"SKIP","floor":30.0},{"not_picked":["Sweeping Beam","Redo"],"picked":"Reinforced Body+1","floor":31.0}],"player_experience":2437302,"relics_obtained":[{"floor":7.0,"key":"Pen Nib"},{"floor":9.0,"key":"Boot"},{"floor":13.0,"key":"War Paint"},{"floor":24.0,"key":"Orichalcum"},{"floor":26.0,"key":"MawBank"}],"event_choices":[{"damage_healed":0.0,"max_hp_gain":0.0,"max_hp_loss":0.0,"gold_gain":0.0,"event_name":"Accursed Blacksmith","player_choice":"Rummage","floor":3.0,"gold_loss":0.0,"damage_taken":0.0,"relics_obtained":["WarpedTongs"],"cards_obtained":["Pain"]},{"damage_healed":0.0,"max_hp_gain":0.0,"max_hp_loss":0.0,"gold_gain":0.0,"event_name":"The Mausoleum","player_choice":"Ignored","floor":22.0,"gold_loss":0.0,"damage_taken":0.0},{"damage_healed":0.0,"max_hp_gain":0.0,"max_hp_loss":0.0,"gold_gain":0.0,"event_name":"Lab","player_choice":"Got Potions","floor":29.0,"gold_loss":0.0,"damage_taken":0.0}],"is_beta":true,"boss_relics":[{"not_picked":["Fusion Hammer","Velvet Choker"],"picked":"Nuclear Battery"}],"items_purged_floors":[4,19],"is_endless":false,"potions_floor_spawned":[1,2,10,11,14,24,25,28,30,31],"killed_by":"Collector","ascension_level":20}}