{"host":"erxdo5czqejbiu49","time":1609021712,"event":{"mods":["Act Like it!","Aspiration","BaseMod","Better Third Choice","Conspire","Downfall-Rebalance","Elementarium","Hermit","Hubris","Minty Spire (QoL Compilation)","Replay The Spire","Shop Mod","StSLib","The Disciple","The Hierophant"],"gold_per_floor":[115,129,141,152,168,194,207,207,207,223,223,243,88,100,100,100,100],"floor_reached":16,"playtime":1302,"items_purged":[],"score":108,"play_id":"2d5b7801-6746-46f0-bece-967a0886a2d1","local_time":"20201226172832","is_ascension_mode":false,"campfire_choices":[{"floor":11,"key":"REST"},{"floor":15,"key":"REST"}],"circlet_count":0,"master_deck":["Strike_G","Strike_G","Strike_G","Strike_G","Strike_G","Defend_G","Defend_G","Defend_G","Defend_G","Defend_G","Survivor","Neutralize","Expertise","Acrobatics","Flying Knee","Acrobatics","hubris:SlightOfHand","Outmaneuver","hubris:SlightOfHand","Toxin Wave","Corpse Explosion","Escape Plan"],"relics":["Ring of the Snake","aspiration:Nostalgia","m_MercuryCore","Orichalcum","Mirror","conspire:DeflatedDodgeball","MerchantsRug"],"acts_visited":["Exordium"],"potions_floor_usage":[12,16,16],"damage_taken":[{"damage":1,"enemies":"2 Louse","floor":1,"turns":2},{"damage":0,"enemies":"Small Slimes","floor":2,"turns":3},{"damage":0,"enemies":"Jaw Worm","floor":3,"turns":5},{"damage":1,"enemies":"2 Fungi Beasts","floor":4,"turns":4},{"damage":9,"enemies":"Blue Slaver","floor":5,"turns":3},{"damage":26,"enemies":"3 Sentries","floor":6,"turns":8},{"damage":8,"enemies":"Lots of Slimes","floor":7,"turns":4},{"damage":0,"enemies":"2 Fungi Beasts","floor":10,"turns":4},{"damage":1,"enemies":"Exordium Wildlife","floor":12,"turns":6},{"damage":1,"enemies":"conspire:2 RoseBushes","floor":14,"turns":2},{"damage":68,"enemies":"Hexaghost","floor":16,"turns":14}],"seed_played":"-320826622649157869","potions_obtained":[{"floor":3,"key":"SpeedPotion"},{"floor":4,"key":"Poison Potion"},{"floor":6,"key":"Block Potion"},{"floor":12,"key":"SpeedPotion"}],"is_trial":false,"path_per_floor":["M","M","M","M","M","E","M","?","T","M","R","M","$","M","R","B"],"character_chosen":"THE_SILENT","items_purchased":["MerchantsRug"],"campfire_rested":2,"item_purchase_floors":[13],"current_hp_per_floor":[69,69,69,68,59,33,25,25,25,25,46,45,45,44,65,0,0],"gold":100,"neow_bonus":"NOSTALGIA","is_daily":false,"chose_seed":false,"campfire_upgraded":0,"win_rate":0.0,"timestamp":1609021712,"path_taken":["M","M","M","M","M","E","M","?","T","M","R","M","$","M","R","BOSS"],"items_purchased_type":["Relic"],"build_version":"2020-12-22","purchased_purges":0,"victory":false,"max_hp_per_floor":[70,70,70,70,70,70,70,70,70,70,70,70,70,70,70,70,70],"card_choices":[{"not_picked":["Underhanded Strike","LockedTornado"],"picked":"Expertise","floor":1},{"not_picked":["Flechettes","Quick Slash"],"picked":"Acrobatics","floor":2},{"not_picked":["ReplayTheSpireMod:Shiv Toss","Underhanded Strike"],"picked":"Flying Knee","floor":3},{"not_picked":["Toxin Wave","PiercingWail"],"picked":"Acrobatics","floor":4},{"not_picked":["FTL","Deadly Poison"],"picked":"hubris:SlightOfHand","floor":5},{"not_picked":["Atom Bomb","Predator"],"picked":"Outmaneuver","floor":6},{"not_picked":["Poisoned Stab","PiercingWail"],"picked":"hubris:SlightOfHand","floor":7},{"not_picked":["Heatsinks","Dodge and Roll"],"picked":"Toxin Wave","floor":10},{"not_picked":["Deflect","Quick Slash"],"picked":"Corpse Explosion","floor":12},{"not_picked":["Poisoned Stab","Infinite Blades"],"picked":"Escape Plan","floor":14}],"player_experience":405782,"relics_obtained":[{"floor":6,"key":"Orichalcum"},{"floor":9,"key":"conspire:DeflatedDodgeball"}],"event_choices":[{"damage_healed":0,"gold_gain":0,"player_choice":"Searched \u00271\u0027 times","damage_taken":0,"relics_obtained":["Mirror"],"max_hp_gain":0,"max_hp_loss":0,"event_name":"Dead Adventurer","floor":8,"gold_loss":0}],"is_beta":false,"boss_relics":[],"items_purged_floors":[],"is_endless":false,"potions_floor_spawned":[3,4,6,12],"killed_by":"Hexaghost","ascension_level":0}}