{"host":"4hhgf71pxvqwkagf","time":1609005663,"event":{"mods":["2.2 Compatiblity","AchievementEnabler","BaseMod","GungeonMod","Hermit","Lobotomy","Minty Spire (QoL Compilation)","Permanent Neow","Quick Restart","READ ME - Guardian Mod","StSLib","SuperFastMode","The Bug Knight","The Hierophant","everything is the same but u backflip on backflip"],"gold_per_floor":[216,216,230,8,40,40,40,113,113,150,161,177,212,333,333,333,333],"floor_reached":16,"playtime":986,"items_purged":["DemoMod:Strike_Huntress"],"score":100,"play_id":"e9c0fef5-90e5-4ae8-a0a8-273c5b99f09d","local_time":"20201227030103","is_ascension_mode":false,"campfire_choices":[{"data":"DemoMod:LifeOrb","floor":6,"key":"SMITH"},{"data":"DemoMod:ManualReload","floor":15,"key":"SMITH"}],"circlet_count":0,"master_deck":["DemoMod:Strike_Huntress","DemoMod:Strike_Huntress","DemoMod:Defend_Huntress","DemoMod:Defend_Huntress","DemoMod:Defend_Huntress","DemoMod:Defend_Huntress","DemoMod:Roll","DemoMod:ManualReload+1","DemoMod:RustySidearm","DemoMod:CrossBow","DemoMod:PotionOfGunFriendShip+1","DemoMod:LifeOrb+1","DemoMod:DoubleVision","DemoMod:SniperShot","DemoMod:FastSwitch","DemoMod:BoxingGlove","DemoMod:SAA","DemoMod:BSG","DemoMod:BattleInHaste"],"relics":["DemoMod:Dog","DemoMod:ClearGuonStone","Anchor","Oddly Smooth Stone","DemoMod:WhiteGuonStone","Torii"],"acts_visited":["Exordium"],"potions_floor_usage":[8,16,16],"damage_taken":[{"damage":10,"enemies":"2 Louse","floor":1,"turns":3},{"damage":0,"enemies":"Cultist","floor":3,"turns":3},{"damage":0,"enemies":"Jaw Worm","floor":5,"turns":8},{"damage":6,"enemies":"Gremlin Nob","floor":8,"turns":3},{"damage":0,"enemies":"Jaw Worm","floor":10,"turns":8},{"damage":0,"enemies":"Jaw Worm","floor":11,"turns":2},{"damage":0,"enemies":"Blue Slaver","floor":12,"turns":3},{"damage":0,"enemies":"Gremlin Gang","floor":13,"turns":2},{"damage":48,"enemies":"Hexaghost","floor":16,"turns":9}],"seed_played":"-5067235071255401933","potions_obtained":[{"floor":3,"key":"Weak Potion"},{"floor":8,"key":"Explosive Potion"},{"floor":12,"key":"ColorlessPotion"}],"is_trial":false,"path_per_floor":["M","?","M","$","?","R","?","E","T","?","M","M","M","?","R","B"],"character_chosen":"HUNTRESS","items_purchased":["DemoMod:DoubleVision","DemoMod:SniperShot"],"campfire_rested":0,"item_purchase_floors":[4,4],"current_hp_per_floor":[60,60,60,60,60,60,60,54,54,54,54,54,54,54,54,6,6],"gold":333,"neow_bonus":"HUNDRED_GOLD","is_daily":false,"chose_seed":false,"campfire_upgraded":2,"win_rate":0.0,"timestamp":1609005663,"path_taken":["M","?","M","$","?","R","?","E","T","?","M","M","M","?","R","BOSS"],"items_purchased_type":["Card","Card"],"build_version":"2020-12-22","purchased_purges":1,"victory":false,"max_hp_per_floor":[70,70,70,70,70,70,70,70,70,70,70,70,70,70,70,70,70],"card_choices":[{"not_picked":["DemoMod:SniperShot","DemoMod:JK47"],"picked":"DemoMod:PotionOfGunFriendShip","floor":1},{"not_picked":["DemoMod:PotionOfGunFriendShip","DemoMod:ZorGun"],"picked":"DemoMod:LifeOrb","floor":3},{"not_picked":["DemoMod:ShadowBullets","DemoMod:TeaPot"],"picked":"DemoMod:FastSwitch","floor":5},{"not_picked":["DemoMod:HuntsMan","DemoMod:CursedBullets","DemoMod:CombinedRifle"],"picked":"SKIP","floor":8},{"not_picked":["DemoMod:SniperShot","DemoMod:PotionOfGunFriendShip"],"picked":"DemoMod:BoxingGlove","floor":10},{"not_picked":["DemoMod:FastSwitch","DemoMod:StickyCrossBow"],"picked":"DemoMod:SAA","floor":11},{"not_picked":["DemoMod:FortunesFavor","DemoMod:JK47"],"picked":"DemoMod:BSG","floor":12},{"not_picked":["DemoMod:Ejector","DemoMod:PotionOfGunFriendShip"],"picked":"DemoMod:BattleInHaste","floor":13}],"player_experience":409768,"relics_obtained":[{"floor":5,"key":"DemoMod:ClearGuonStone"},{"floor":8,"key":"Anchor"},{"floor":9,"key":"Oddly Smooth Stone"},{"floor":10,"key":"DemoMod:WhiteGuonStone"},{"floor":10,"key":"Torii"}],"event_choices":[{"damage_healed":0,"gold_gain":0,"player_choice":"Forge","damage_taken":0,"max_hp_gain":0,"max_hp_loss":0,"event_name":"Accursed Blacksmith","floor":2,"gold_loss":0,"cards_upgraded":["DemoMod:PotionOfGunFriendShip"]},{"damage_healed":0,"gold_gain":0,"player_choice":"Leave","damage_taken":0,"max_hp_gain":0,"max_hp_loss":0,"event_name":"The Cleric","floor":7,"gold_loss":0}],"is_beta":false,"boss_relics":[],"items_purged_floors":[4],"is_endless":false,"potions_floor_spawned":[3,8,12,13],"killed_by":"Hexaghost","ascension_level":0}}