{"host":"vdf1n25tgqc7msgq","time":1609020316,"event":{"mods":["ATMod(阿瑾Mod)","AchievementEnabler","BaseMod","BetterRewards","Colored Powertips","KinomotoSakuraMod(木之本樱)","Marisa（F雨　魔理沙）","Minty Spire (QoL Compilation)","Quick Restart","Remilia（蕾米莉亚）","Replay The Spire","StSLib","The Servant 0.9.4","UnlockEverythingMod","Yakumo Yukari mod","Youmu（魂魄妖梦）","Yuyuko","[功能]商店购物价格优惠80%"],"gold_per_floor":[115,80,103,119,139,139,139,139,139,157,157,157,432,432,443,459,459,558,558,569,569,569,569,586,586,586,586],"floor_reached":26,"playtime":1703,"items_purged":["Burning Pact","Flex","Bash","Defend_R","Defend_R","Strike_R","Strike_R"],"score":196,"play_id":"bbb01cb1-35be-4215-a135-f4b98ffff955","local_time":"20201226170516","is_ascension_mode":false,"campfire_choices":[{"data":"AT_FamilyPortrait","floor":6,"key":"SMITH"},{"data":"AT_IchimonjiDouble","floor":9,"key":"SMITH"},{"data":"Heavy Blade","floor":12,"key":"SMITH"},{"data":"Strike_R+1","floor":14,"key":"SMITH"},{"data":"Rampage","floor":17,"key":"SMITH"},{"data":"Strike_R+2","floor":25,"key":"SMITH"}],"circlet_count":0,"master_deck":["Strike_R","Strike_R+3","Strike_R+1","Defend_R","Defend_R","AT_FamilyPortrait+1","AT_IchimonjiDouble+1","Heavy Blade+1","Regret","Rampage+1","Demon Form","Inflame","Pain","Shame"],"relics":["Burning Blood","AT_ATBox","Juzu Bracelet","Counterbalance","Simple Rune","Toy Ornithopter","Coffee Dripper","AT_GuinsooRageblade","Vajra"],"acts_visited":["Exordium","TheCity"],"potions_floor_usage":[5,5,18,18,18,18],"damage_taken":[{"damage":2,"enemies":"2 Louse","floor":1,"turns":2},{"damage":6,"enemies":"Jaw Worm","floor":4,"turns":3},{"damage":0,"enemies":"Cultist","floor":5,"turns":2},{"damage":4,"enemies":"Gremlin Gang","floor":10,"turns":5},{"damage":9,"enemies":"Looter","floor":15,"turns":2},{"damage":3,"enemies":"Large Slime","floor":16,"turns":4},{"damage":59,"enemies":"Fading Forest","floor":18,"turns":11},{"damage":7,"enemies":"Chosen","floor":20,"turns":3},{"damage":17,"enemies":"3 Byrds","floor":24,"turns":4},{"damage":78,"enemies":"Slavers","floor":26,"turns":3}],"seed_played":"-3560758611704711266","potions_obtained":[{"floor":1,"key":"LiquidMemories"},{"floor":4,"key":"BlessingOfTheForge"},{"floor":10,"key":"BloodPotion"},{"floor":15,"key":"Weak Potion"},{"floor":18,"key":"BloodPotion"}],"is_trial":false,"path_per_floor":["M","?","T","M","M","R","PTL","PTL","R","M","T","R","?","R","M","M","R","B",null,"M","?","?","?","M","R","E"],"character_chosen":"IRONCLAD","items_purchased":[],"campfire_rested":0,"item_purchase_floors":[],"current_hp_per_floor":[68,80,80,80,80,80,80,80,80,80,80,80,80,80,77,80,80,69,80,80,80,80,80,69,69,0,0],"gold":586,"neow_bonus":"","is_daily":false,"chose_seed":false,"campfire_upgraded":6,"win_rate":0.0,"timestamp":1609020316,"path_taken":["M","?","?","M","M","R","PTL","PTL","R","M","T","R","?","R","M","M","R","BOSS","M","?","?","?","M","R","E"],"items_purchased_type":[],"build_version":"2020-12-22","purchased_purges":7,"victory":false,"max_hp_per_floor":[80,80,80,80,80,80,80,80,80,80,80,80,80,80,80,80,80,80,80,80,80,80,80,80,80,80,80],"card_choices":[{"not_picked":["Twin Strike","Sword Boomerang","AT_BodySlamDance"],"picked":"SKIP","floor":1},{"not_picked":["Heavy Blade","ReplayTheSpireMod:Muscle Training"],"picked":"AT_IchimonjiDouble","floor":4},{"not_picked":["Perfected Strike","ReplayTheSpireMod:Strike From Hell","AT_CaressingTears"],"picked":"SKIP","floor":5},{"not_picked":["Shrug It Off","Reckless Charge"],"picked":"Heavy Blade","floor":10},{"not_picked":["Pommel Strike","Clothesline"],"picked":"Rampage","floor":15},{"not_picked":["Headbutt","Flex","Perfected Strike"],"picked":"SKIP","floor":16},{"not_picked":["Barricade","Immolate"],"picked":"Demon Form","floor":18},{"not_picked":["AT_BodySlamDance","Replay:Undeath\u0027s Touch"],"picked":"Inflame","floor":20},{"not_picked":["Heavy Blade+1","Searing Blow","Carnage"],"picked":"SKIP","floor":24}],"player_experience":6901,"relics_obtained":[{"floor":3,"key":"Simple Rune"},{"floor":11,"key":"Toy Ornithopter"}],"event_choices":[{"damage_healed":20,"gold_gain":0,"player_choice":"Healed","damage_taken":0,"max_hp_gain":0,"max_hp_loss":0,"event_name":"The Cleric","floor":2,"gold_loss":35},{"damage_healed":0,"gold_gain":275,"player_choice":"Desecrate","damage_taken":0,"max_hp_gain":0,"max_hp_loss":0,"event_name":"Golden Shrine","floor":13,"gold_loss":0,"cards_obtained":["Regret"]},{"damage_healed":0,"gold_gain":0,"player_choice":"Stole Relic","damage_taken":0,"relics_obtained":["Vajra"],"max_hp_gain":0,"max_hp_loss":0,"event_name":"Addict","floor":23,"gold_loss":0,"cards_obtained":["Shame"]}],"is_beta":false,"boss_relics":[{"not_picked":["Electric Blood","Replay:Wanted Poster"],"picked":"Coffee Dripper"}],"items_purged_floors":[0,0,0,0,0,0,0],"is_endless":false,"potions_floor_spawned":[1,4,10,15,16,18,24],"killed_by":"Slavers","ascension_level":0}}