{"host":"5fasz840ryq7obdf","time":1609017426,"event":{"mods":["AchievementEnabler","BaseMod","Bestiary","Better Altar","Better Skull","Better Third Choice","BetterRewards","Block Reminder","Colored Powertips","Curses Come First","Minty Spire (QoL Compilation)","Quick Restart","Relic Stats","Shop Mod","Spicy Shops","StSLib"],"gold_per_floor":[119,269,280,28,48,77,77,95,95,145,157,182,107,139,139,217,217,228,228,228,228,244,278,293,318,344,379,390,402,414,136,136,210,210,223,234,254,266,282,310,310,344,344,360,378,10,10,45,45,45,45,45,45,45,77,77],"floor_reached":57,"playtime":6840,"items_purged":["Doubt","Strike_P"],"score":3331,"play_id":"4409f299-52f1-4eb5-99dd-0d58a0f0708b","local_time":"20201226211706","is_ascension_mode":true,"campfire_choices":[{"data":"Tantrum","floor":7.0,"key":"SMITH"},{"floor":15.0,"key":"REST"},{"data":"Blasphemy","floor":32.0,"key":"SMITH"},{"floor":41.0,"key":"RECALL"},{"data":"CrushJoints","floor":47.0,"key":"SMITH"},{"data":"SashWhip","floor":49.0,"key":"SMITH"},{"data":"WreathOfFlame","floor":53.0,"key":"SMITH"}],"circlet_count":0,"master_deck":["AscendersBane","Strike_P+1","Strike_P+1","Defend_P","Defend_P","Defend_P","Defend_P","Eruption","Vigilance","CrushJoints+1","CutThroughFate","Consecrate","FlurryOfBlows","DevaForm+1","EmptyBody","Adaptation+1","Tantrum+1","SandsOfTime","Protect","Vault","LikeWater+1","SashWhip+1","Wallop","InnerPeace","ConjureBlade","Vault","Ragnarok","EmptyBody+1","ClearTheMind","FlurryOfBlows+1","Wallop+1","Weave","JustLucky+1","ThirdEye+1","Blasphemy+1","Scrawl","WreathOfFlame+1","LikeWater+1","Sanctity+1","Fasting2+1","SashWhip+1","FlyingSleeves","Protect+1","Fasting2+1","Fasting2+1","Wallop","EmptyBody","TalkToTheHand+1","Sanctity"],"relics":["HolyWater","Frozen Egg 2","Orrery","Oddly Smooth Stone","Toolbox","Whetstone","PreservedInsect","Bottled Tornado","StrikeDummy","Black Star","MutagenicStrength","Potion Belt","Pen Nib","Yang","Lantern","Calipers","Darkstone Periapt","MealTicket","White Beast Statue","Unceasing Top","Eternal Feather","Blue Candle","Dead Branch","Omamori","Bag of Marbles","Gambling Chip","Bag of Preparation","Happy Flower","Bird Faced Urn"],"acts_visited":["Exordium","TheCity","TheBeyond","TheEnding"],"potions_floor_usage":[56,56,56,56,56,56,56],"damage_taken":[{"damage":0.0,"enemies":"2 Louse","floor":1.0,"turns":1.0},{"damage":0.0,"enemies":"Jaw Worm","floor":3.0,"turns":1.0},{"damage":6.0,"enemies":"Cultist","floor":5.0,"turns":3.0},{"damage":1.0,"enemies":"Lagavulin","floor":6.0,"turns":6.0},{"damage":0.0,"enemies":"2 Fungi Beasts","floor":8.0,"turns":2.0},{"damage":0.0,"enemies":"Gremlin Nob","floor":10.0,"turns":1.0},{"damage":2.0,"enemies":"3 Louse","floor":11.0,"turns":3.0},{"damage":3.0,"enemies":"3 Sentries","floor":12.0,"turns":3.0},{"damage":0.0,"enemies":"Exordium Wildlife","floor":14.0,"turns":1.0},{"damage":6.0,"enemies":"Hexaghost","floor":16.0,"turns":7.0},{"damage":8.0,"enemies":"2 Thieves","floor":18.0,"turns":3.0},{"damage":0.0,"enemies":"Shell Parasite","floor":22.0,"turns":1.0},{"damage":0.0,"enemies":"Gremlin Leader","floor":23.0,"turns":4.0},{"damage":0.0,"enemies":"Centurion and Healer","floor":24.0,"turns":2.0},{"damage":0.0,"enemies":"Slavers","floor":25.0,"turns":3.0},{"damage":0.0,"enemies":"Book of Stabbing","floor":27.0,"turns":2.0},{"damage":0.0,"enemies":"Shelled Parasite and Fungi","floor":28.0,"turns":2.0},{"damage":0.0,"enemies":"Snake Plant","floor":29.0,"turns":1.0},{"damage":0.0,"enemies":"Cultist and Chosen","floor":30.0,"turns":4.0},{"damage":9.0,"enemies":"Automaton","floor":33.0,"turns":8.0},{"damage":0.0,"enemies":"Orb Walker","floor":35.0,"turns":1.0},{"damage":0.0,"enemies":"3 Shapes","floor":36.0,"turns":3.0},{"damage":3.0,"enemies":"Maw","floor":37.0,"turns":5.0},{"damage":8.0,"enemies":"Spire Growth","floor":38.0,"turns":4.0},{"damage":0.0,"enemies":"Jaw Worm Horde","floor":39.0,"turns":1.0},{"damage":0.0,"enemies":"Nemesis","floor":40.0,"turns":2.0},{"damage":0.0,"enemies":"Reptomancer","floor":42.0,"turns":1.0},{"damage":0.0,"enemies":"Transient","floor":44.0,"turns":7.0},{"damage":10.0,"enemies":"Maw","floor":45.0,"turns":4.0},{"damage":0.0,"enemies":"Nemesis","floor":48.0,"turns":3.0},{"damage":26.0,"enemies":"Time Eater","floor":50.0,"turns":10.0},{"damage":0.0,"enemies":"Awakened One","floor":51.0,"turns":9.0},{"damage":28.0,"enemies":"Shield and Spear","floor":55.0,"turns":5.0},{"damage":42,"enemies":"The Heart","floor":56,"turns":11}],"seed_played":"-6167106252933621062","potions_obtained":[{"floor":5.0,"key":"EntropicBrew"},{"floor":6.0,"key":"DistilledChaos"},{"floor":11.0,"key":"BlessingOfTheForge"},{"floor":23.0,"key":"StancePotion"},{"floor":24.0,"key":"AttackPotion"},{"floor":25.0,"key":"SkillPotion"},{"floor":27.0,"key":"SteroidPotion"},{"floor":28.0,"key":"Dexterity Potion"},{"floor":29.0,"key":"Energy Potion"},{"floor":30.0,"key":"Strength Potion"},{"floor":33.0,"key":"PowerPotion"},{"floor":38.0,"key":"CultistPotion"},{"floor":39.0,"key":"DuplicationPotion"},{"floor":42.0,"key":"EntropicBrew"},{"floor":44.0,"key":"BottledMiracle"},{"floor":45.0,"key":"Dexterity Potion"},{"floor":55.0,"key":"Fire Potion"}],"is_trial":false,"path_per_floor":["M","?","M","$","M","E","R","M","T","E","M","E","?","M","R","B",null,"M","?","$","?","M","E","M","E","T","E","M","M","M","$","R","B",null,"M","M","M","M","M","E","R","E","T","M","M","$","R","E","R","B","B",null,"R","$","E","B",null],"character_chosen":"WATCHER","items_purchased":["Frozen Egg 2","Orrery","Oddly Smooth Stone","EmptyBody","Adaptation+1","Toolbox","Tantrum","Vault","Eternal Feather","Fasting2+1","Wallop","EmptyBody"],"campfire_rested":1,"item_purchase_floors":[0,0,0,0,0,0,0,4,31,46,46,46],"current_hp_per_floor":[30,30,30,30,24,23,23,23,23,23,21,18,18,18,38,32,59,51,51,51,20,20,20,20,20,20,20,20,20,20,35,56,47,63,63,63,60,52,52,52,68,68,68,68,58,68,68,68,68,42,42,62,68,68,40,14],"gold":77,"neow_bonus":"","is_daily":false,"chose_seed":false,"campfire_upgraded":5,"win_rate":0.0,"timestamp":1609017426,"path_taken":["M","?","M","$","M","E","R","M","T","E","M","E","?","M","R","BOSS","M","?","$","?","M","E","M","E","T","E","M","?","M","$","R","BOSS","M","M","M","M","M","E","R","E","T","M","M","$","R","E","R","BOSS","BOSS","R","$","E","BOSS"],"items_purchased_type":["Relic","Relic","Relic","Card","Card","Relic","Card","Card","Relic","Card","Card","Card"],"build_version":"2020-12-22","purchased_purges":2,"victory":true,"max_hp_per_floor":[68,68,68,68,68,68,68,68,68,68,68,68,68,68,68,68,68,68,68,68,68,68,68,68,68,68,68,68,68,68,68,68,68,68,68,68,68,68,68,68,68,68,68,68,68,68,68,68,68,68,68,68,68,68,68,68],"relic_stats":{"Darkstone Periapt":0,"Happy Flower":[3],"counters":[50,171],"Blue Candle":[2],"Dead Branch":[57],"Yang":[262],"Eternal Feather":43,"PreservedInsect":430,"Pen Nib":[27],"Bag of Preparation":[4],"Whetstone":["Strike_P","Strike_P"],"Gambling Chip":[12],"Bird Faced Urn":[16],"MealTicket":25,"Black Star":7,"obtain_stats":[{"Darkstone Periapt":25,"Lantern":27,"Calipers":25,"Vajra":26,"Yang":23,"Bag of Preparation":48,"Whetstone":0,"Bottled Tornado":28,"Sling":27,"SsserpentHead":20,"Dream Catcher":6,"Nunchaku":12,"Sundial":8,"DollysMirror":27,"Gambling Chip":48,"Toolbox":0,"MealTicket":26,"Fusion Hammer":17,"Potion Belt":21,"Happy Flower":55,"Blue Candle":40,"Dead Branch":40,"Oddly Smooth Stone":0,"Eternal Feather":31,"PreservedInsect":9,"Pen Nib":21,"Omamori":9,"Frozen Egg 2":11,"Orichalcum":23,"White Beast Statue":27,"Shuriken":0,"MutagenicStrength":19,"Bird Faced Urn":55,"Orrery":0,"HolyWater":34,"Bag of Marbles":0,"Black Star":17,"PureWater":0,"StrikeDummy":12,"Unceasing Top":25},{"Darkstone Periapt":31,"Lantern":14,"Calipers":31,"Vajra":14,"Yang":29,"Bag of Preparation":46,"Whetstone":0,"Bottled Tornado":15,"Sling":14,"SsserpentHead":10,"Dream Catcher":4,"Nunchaku":6,"Sundial":4,"DollysMirror":14,"Gambling Chip":46,"Toolbox":16,"MealTicket":31,"Fusion Hammer":9,"Potion Belt":27,"Happy Flower":49,"Blue Candle":42,"Dead Branch":42,"Oddly Smooth Stone":16,"Eternal Feather":35,"PreservedInsect":21,"Pen Nib":27,"Omamori":4,"Frozen Egg 2":5,"Orichalcum":13,"White Beast Statue":32,"Shuriken":0,"MutagenicStrength":27,"Bird Faced Urn":49,"Orrery":16,"HolyWater":36,"Bag of Marbles":0,"Black Star":26,"PureWater":0,"StrikeDummy":24,"Unceasing Top":14},{"Darkstone Periapt":88,"Lantern":41,"Calipers":88,"Vajra":41,"Yang":83,"Bag of Preparation":136,"Whetstone":0,"Bottled Tornado":44,"Sling":41,"SsserpentHead":24,"Dream Catcher":7,"Nunchaku":13,"Sundial":7,"DollysMirror":41,"Gambling Chip":136,"Toolbox":47,"MealTicket":88,"Fusion Hammer":21,"Potion Belt":78,"Happy Flower":160,"Blue Candle":121,"Dead Branch":121,"Oddly Smooth Stone":47,"Eternal Feather":97,"PreservedInsect":60,"Pen Nib":78,"Omamori":7,"Frozen Egg 2":9,"Orichalcum":37,"White Beast Statue":90,"Shuriken":0,"MutagenicStrength":78,"Bird Faced Urn":160,"Orrery":47,"HolyWater":105,"Bag of Marbles":0,"Black Star":75,"PureWater":0,"StrikeDummy":67,"Unceasing Top":41}],"Unceasing Top":[0]},"card_choices":[{"not_picked":["Halt","SashWhip"],"picked":"CrushJoints","floor":0.0},{"not_picked":["WaveOfTheHand","FollowUp"],"picked":"CutThroughFate","floor":0.0},{"not_picked":["FearNoEvil","DeceiveReality"],"picked":"Consecrate","floor":0.0},{"not_picked":["JustLucky","ClearTheMind"],"picked":"FlurryOfBlows","floor":0.0},{"not_picked":["WindmillStrike","FearNoEvil"],"picked":"DevaForm+1","floor":0.0},{"not_picked":["FlyingSleeves","Halt"],"picked":"SandsOfTime","floor":1.0},{"not_picked":["Evaluate","Prostrate"],"picked":"Protect","floor":3.0},{"not_picked":["FollowUp","PathToVictory"],"picked":"LikeWater+1","floor":5.0},{"not_picked":["Tantrum","SignatureMove"],"picked":"SashWhip","floor":6.0},{"not_picked":["Meditate","Crescendo"],"picked":"Wallop","floor":8.0},{"not_picked":["Nirvana+1","EmptyMind"],"picked":"InnerPeace","floor":10.0},{"not_picked":["Swivel","ThirdEye"],"picked":"ConjureBlade","floor":11.0},{"not_picked":["TalkToTheHand","Sanctity"],"picked":"Vault","floor":12.0},{"not_picked":["EmptyFist","FollowUp","Halt"],"picked":"SKIP","floor":14.0},{"not_picked":["Devotion+1","Omniscience"],"picked":"Ragnarok","floor":16.0},{"not_picked":["JustLucky","WaveOfTheHand+1"],"picked":"EmptyBody+1","floor":18.0},{"not_picked":["SignatureMove+1","EmptyFist"],"picked":"ClearTheMind","floor":22.0},{"not_picked":["CutThroughFate+1","Halt"],"picked":"FlurryOfBlows+1","floor":23.0},{"not_picked":["ThirdEye","Consecrate","WaveOfTheHand"],"picked":"SKIP","floor":24.0},{"not_picked":["FlyingSleeves","SashWhip"],"picked":"Wallop+1","floor":25.0},{"not_picked":["Perseverance","Pray+1"],"picked":"Weave","floor":27.0},{"not_picked":["EmptyFist","FlurryOfBlows"],"picked":"JustLucky+1","floor":28.0},{"not_picked":["Prostrate","FlurryOfBlows"],"picked":"ThirdEye+1","floor":29.0},{"not_picked":["Perseverance","ThirdEye"],"picked":"Blasphemy","floor":30.0},{"not_picked":["Vault","Brilliance"],"picked":"Scrawl","floor":33.0},{"not_picked":["Protect","Halt+1"],"picked":"WreathOfFlame","floor":35.0},{"not_picked":["JustLucky","CrushJoints"],"picked":"LikeWater+1","floor":36.0},{"not_picked":["CrushJoints+1","CutThroughFate+1"],"picked":"Sanctity+1","floor":37.0},{"not_picked":["Perseverance","Consecrate","Prostrate+1"],"picked":"SKIP","floor":38.0},{"not_picked":["FearNoEvil","Consecrate"],"picked":"Fasting2+1","floor":39.0},{"not_picked":["FlyingSleeves","FlurryOfBlows"],"picked":"SashWhip+1","floor":40.0},{"not_picked":["Worship","ThirdEye+1"],"picked":"FlyingSleeves","floor":42.0},{"not_picked":["SashWhip","ClearTheMind"],"picked":"Protect+1","floor":44.0},{"not_picked":["Consecrate","CrushJoints+1"],"picked":"Fasting2+1","floor":45.0},{"not_picked":["WindmillStrike+1","Brilliance"],"picked":"TalkToTheHand+1","floor":48.0},{"not_picked":["Weave+1","ClearTheMind"],"picked":"Sanctity","floor":55.0}],"player_experience":1136026,"relics_obtained":[{"floor":6.0,"key":"Whetstone"},{"floor":9.0,"key":"PreservedInsect"},{"floor":10.0,"key":"Bottled Tornado"},{"floor":12.0,"key":"StrikeDummy"},{"floor":23.0,"key":"Yang"},{"floor":23.0,"key":"Lantern"},{"floor":25.0,"key":"Calipers"},{"floor":25.0,"key":"Darkstone Periapt"},{"floor":26.0,"key":"MealTicket"},{"floor":27.0,"key":"White Beast Statue"},{"floor":27.0,"key":"Unceasing Top"},{"floor":40.0,"key":"Blue Candle"},{"floor":40.0,"key":"Dead Branch"},{"floor":42.0,"key":"Omamori"},{"floor":42.0,"key":"Bag of Marbles"},{"floor":48.0,"key":"Gambling Chip"},{"floor":48.0,"key":"Bag of Preparation"},{"floor":55.0,"key":"Happy Flower"},{"floor":55.0,"key":"Bird Faced Urn"}],"event_choices":[{"damage_healed":0.0,"max_hp_gain":0.0,"max_hp_loss":0.0,"gold_gain":150.0,"event_name":"betterThird:BetterSerpent","player_choice":"AGREE","floor":2.0,"gold_loss":0.0,"damage_taken":119.0},{"cards_removed":["Strike_P"],"damage_healed":0.0,"max_hp_gain":0.0,"max_hp_loss":0.0,"gold_gain":0.0,"event_name":"The Cleric","player_choice":"Card Removal","floor":13.0,"gold_loss":75.0,"damage_taken":0.0},{"damage_healed":0.0,"max_hp_gain":0.0,"max_hp_loss":0.0,"gold_gain":0.0,"event_name":"Drug Dealer","player_choice":"Inject Mutagens","floor":19.0,"gold_loss":0.0,"damage_taken":0.0,"relics_obtained":["MutagenicStrength"]},{"damage_healed":0.0,"max_hp_gain":0.0,"max_hp_loss":0.0,"gold_gain":0.0,"event_name":"betterSkull:BetterSkull","player_choice":"RE RE ","floor":21.0,"gold_loss":0.0,"damage_taken":35.0,"cards_upgraded":[],"relics_obtained":["Potion Belt","Pen Nib"]}],"is_beta":false,"boss_relics":[{"not_picked":["Busted Crown","Calling Bell"],"picked":"Black Star"},{"not_picked":["Runic Dome","Philosopher\u0027s Stone"],"picked":"HolyWater"}],"items_purged_floors":[4,46],"is_endless":false,"potions_floor_spawned":[5,6,11,23,24,25,27,28,29,30,33,35,36,37,38,39,40,42,44,45,48,55],"ascension_level":20}}