{"host":"3jpwrwmmgyabjceh","time":1609014911,"event":{"mods":["AchievementEnabler","BaseMod","Colored Map","Colored Powertips","Highlight Path","Minty Spire (QoL Compilation)","Quick Restart","StSLib"],"gold_per_floor":[119,137,155,230,247,247,279,182,182,192,192,192,192,212,212,308,308,321,335,335,350,360,360,370,380,380,390,143,156,167,177,177,177,177],"floor_reached":33,"playtime":1191,"items_purged":["Strike_R","Strike_R"],"score":321,"play_id":"f1a44a26-3529-4a03-9143-f70c6301146e","local_time":"20201226233511","is_ascension_mode":true,"campfire_choices":[{"data":"Bash","floor":6.0,"key":"SMITH"},{"data":"True Grit","floor":11.0,"key":"SMITH"},{"floor":13.0,"key":"REST"},{"data":"Iron Wave","floor":15.0,"key":"SMITH"},{"data":"Dark Embrace","floor":23.0,"key":"SMITH"},{"data":"Spot Weakness","floor":32,"key":"SMITH"}],"circlet_count":0,"master_deck":["Strike_R","Strike_R","Strike_R","Defend_R","Defend_R","Defend_R","Defend_R","Bash+1","Iron Wave+1","Shrug It Off","Cleave","True Grit+1","Thunderclap","Spot Weakness+1","Impervious","Inflame+1","Havoc+1","Pummel+1","Dark Embrace+1","Feel No Pain","Anger+1","Power Through","Impervious"],"relics":["Burning Blood","NeowsBlessing","Charon\u0027s Ashes","StoneCalendar","White Beast Statue","Coffee Dripper","Gambling Chip","Ancient Tea Set","Strange Spoon"],"acts_visited":["Exordium","TheCity"],"potions_floor_usage":[31,33,33,33],"damage_taken":[{"damage":0.0,"enemies":"Cultist","floor":1.0,"turns":1.0},{"damage":0.0,"enemies":"Jaw Worm","floor":2.0,"turns":1.0},{"damage":0.0,"enemies":"Small Slimes","floor":3.0,"turns":1.0},{"damage":7.0,"enemies":"Gremlin Gang","floor":5.0,"turns":4.0},{"damage":32.0,"enemies":"Gremlin Nob","floor":7.0,"turns":5.0},{"damage":15.0,"enemies":"Lots of Slimes","floor":10.0,"turns":3.0},{"damage":6.0,"enemies":"3 Louse","floor":14.0,"turns":3.0},{"damage":30.0,"enemies":"Slime Boss","floor":16.0,"turns":7.0},{"damage":2.0,"enemies":"Chosen","floor":18.0,"turns":4.0},{"damage":0.0,"enemies":"Shell Parasite","floor":19.0,"turns":4.0},{"damage":16.0,"enemies":"Centurion and Healer","floor":21.0,"turns":6.0},{"damage":12.0,"enemies":"Snake Plant","floor":22.0,"turns":3.0},{"damage":9.0,"enemies":"Snecko","floor":24.0,"turns":4.0},{"damage":0.0,"enemies":"3 Cultists","floor":25.0,"turns":4.0},{"damage":25.0,"enemies":"Snake Plant","floor":27.0,"turns":4.0},{"damage":6,"enemies":"Shelled Parasite and Fungi","floor":29,"turns":5},{"damage":12,"enemies":"Centurion and Healer","floor":30,"turns":5},{"damage":8,"enemies":"Cultist and Chosen","floor":31,"turns":6},{"damage":63,"enemies":"Champ","floor":33,"turns":12}],"seed_played":"-6811920173372052372","potions_obtained":[{"floor":2.0,"key":"Fire Potion"},{"floor":14.0,"key":"ElixirPotion"},{"floor":16.0,"key":"Weak Potion"},{"floor":18.0,"key":"SkillPotion"},{"floor":19.0,"key":"ElixirPotion"},{"floor":21.0,"key":"SpeedPotion"},{"floor":22.0,"key":"Fire Potion"},{"floor":24.0,"key":"Regen Potion"},{"floor":25.0,"key":"ElixirPotion"},{"floor":27.0,"key":"GamblersBrew"},{"floor":29,"key":"Weak Potion"},{"floor":31,"key":"DistilledChaos"}],"is_trial":false,"path_per_floor":["M","M","M","?","M","R","E","$","T","M","R","T","R","M","R","B",null,"M","M","?","M","M","R","M","M","T","M","$","M","M","M","R","B"],"character_chosen":"IRONCLAD","items_purchased":["True Grit","Strange Spoon"],"campfire_rested":1,"item_purchase_floors":[8,28],"current_hp_per_floor":[80,80,80,69,68,68,42,42,42,33,33,33,57,57,57,33,68,72,78,78,68,62,62,59,77,77,58,58,58,52,50,50,0,0],"gold":177,"neow_bonus":"THREE_ENEMY_KILL","is_daily":false,"chose_seed":false,"campfire_upgraded":5,"win_rate":0.0,"timestamp":1609014911,"path_taken":["M","M","?","?","M","R","E","$","T","M","R","?","R","M","R","BOSS","M","?","?","M","M","R","?","M","T","?","$","M","?","M","R","BOSS"],"items_purchased_type":["Card","Relic"],"build_version":"2020-12-22","purchased_purges":2,"victory":false,"max_hp_per_floor":[80,80,80,80,80,80,80,80,80,80,80,80,80,80,80,80,80,80,80,80,80,80,80,80,80,80,80,80,80,80,80,80,80,80],"card_choices":[{"not_picked":["Warcry","Infernal Blade","Havoc"],"picked":"SKIP","floor":1.0},{"not_picked":["Perfected Strike","Sentinel"],"picked":"Iron Wave","floor":2.0},{"not_picked":["Wild Strike","True Grit"],"picked":"Shrug It Off","floor":3.0},{"not_picked":["Reckless Charge","Body Slam"],"picked":"Cleave","floor":5.0},{"not_picked":["Intimidate","Headbutt","Hemokinesis"],"picked":"SKIP","floor":7.0},{"not_picked":["Headbutt","Bloodletting"],"picked":"Thunderclap","floor":10.0},{"not_picked":["Reckless Charge","Pommel Strike"],"picked":"Spot Weakness","floor":14.0},{"not_picked":["Bludgeon","Feed"],"picked":"Impervious","floor":16.0},{"not_picked":["Flex+1","Havoc+1"],"picked":"Inflame+1","floor":18.0},{"not_picked":["Sword Boomerang","Shrug It Off+1"],"picked":"Havoc+1","floor":19.0},{"not_picked":["Sever Soul+1","Thunderclap+1"],"picked":"Pummel+1","floor":21.0},{"not_picked":["Combust","Clothesline"],"picked":"Dark Embrace","floor":22.0},{"not_picked":["Sword Boomerang","Thunderclap"],"picked":"Feel No Pain","floor":24.0},{"not_picked":["Entrench","Rampage"],"picked":"Anger+1","floor":25.0},{"not_picked":["Cleave","Clash"],"picked":"Power Through","floor":27.0},{"not_picked":["Flame Barrier","Searing Blow","Thunderclap"],"picked":"SKIP","floor":29},{"not_picked":["Havoc","Armaments"],"picked":"Impervious","floor":30},{"not_picked":["Shrug It Off","Entrench","Warcry"],"picked":"SKIP","floor":31}],"player_experience":290339,"relics_obtained":[{"floor":7.0,"key":"Charon\u0027s Ashes"},{"floor":9.0,"key":"StoneCalendar"},{"floor":12.0,"key":"White Beast Statue"},{"floor":20.0,"key":"Gambling Chip"},{"floor":26.0,"key":"Ancient Tea Set"}],"event_choices":[{"damage_healed":0.0,"max_hp_gain":0.0,"max_hp_loss":0.0,"gold_gain":75.0,"event_name":"World of Goop","player_choice":"Gather Gold","floor":4.0,"gold_loss":0.0,"damage_taken":11.0},{"damage_healed":0.0,"max_hp_gain":0.0,"max_hp_loss":0.0,"gold_gain":0.0,"event_name":"Wheel of Change","player_choice":"Relic","floor":20.0,"gold_loss":0.0,"damage_taken":0.0}],"is_beta":false,"boss_relics":[{"not_picked":["Empty Cage","Pandora\u0027s Box"],"picked":"Coffee Dripper"}],"items_purged_floors":[8,28],"is_endless":false,"potions_floor_spawned":[2,14,16,18,19,21,22,24,25,27,29,30,31],"killed_by":"Champ","ascension_level":5}}