{"host":"gp6kafy53r5vaktt","time":1609013237,"event":{"mods":["BaseMod","Colored Map","Highlight Path","Minty Spire (QoL Compilation)"],"gold_per_floor":[111,129,146,161,175,204,204,236,314,347,297,297,297,297,297,297,297],"floor_reached":16,"playtime":814,"items_purged":[],"score":152,"play_id":"053788b6-c205-491f-bee0-adf6029b59a1","local_time":"20201226220717","is_ascension_mode":true,"campfire_choices":[{"data":"Bash","floor":12,"key":"SMITH"},{"data":"Double Tap","floor":15,"key":"SMITH"}],"circlet_count":0,"master_deck":["Strike_R","Strike_R","Defend_R+1","Defend_R","Defend_R","Bash+1","Uppercut+1","Clash+1","Fiend Fire+1","Armaments+1","Double Tap+1","Cleave","Shrug It Off+1"],"relics":["Astrolabe","Happy Flower","FossilizedHelix","Sundial","Unceasing Top","War Paint","Golden Idol"],"acts_visited":["Exordium"],"potions_floor_usage":[6,16,16],"damage_taken":[{"damage":1,"enemies":"2 Louse","floor":1,"turns":3},{"damage":0,"enemies":"Small Slimes","floor":2,"turns":2},{"damage":1,"enemies":"Jaw Worm","floor":3,"turns":2},{"damage":6,"enemies":"Lots of Slimes","floor":4,"turns":4},{"damage":7,"enemies":"Gremlin Gang","floor":5,"turns":4},{"damage":13,"enemies":"Lagavulin","floor":6,"turns":3},{"damage":15,"enemies":"3 Sentries","floor":8,"turns":8},{"damage":0,"enemies":"Lagavulin","floor":10,"turns":4},{"damage":18,"enemies":"Slime Boss","floor":16,"turns":8}],"seed_played":"-2559082961000836757","potions_obtained":[{"floor":1,"key":"EssenceOfSteel"},{"floor":2,"key":"Strength Potion"},{"floor":5,"key":"Fire Potion"}],"is_trial":false,"path_per_floor":["M","M","M","M","M","E","?","E","T","E","?","R","?","?","R","B"],"character_chosen":"IRONCLAD","items_purchased":[],"campfire_rested":0,"item_purchase_floors":[],"current_hp_per_floor":[79,79,78,72,65,52,52,37,37,37,37,37,37,17,17,0,0],"gold":297,"neow_bonus":"BOSS_RELIC","is_daily":false,"chose_seed":false,"campfire_upgraded":2,"win_rate":0.0,"timestamp":1609013237,"path_taken":["M","M","M","M","M","E","?","E","T","E","?","R","?","?","R","BOSS"],"items_purchased_type":[],"build_version":"2020-12-13","purchased_purges":0,"victory":false,"max_hp_per_floor":[80,80,80,80,80,80,80,80,80,80,80,80,80,80,80,80,80],"card_choices":[{"not_picked":["Feel No Pain","Twin Strike","Heavy Blade"],"picked":"SKIP","floor":1},{"not_picked":["Clash","Sword Boomerang","Infernal Blade"],"picked":"SKIP","floor":2},{"not_picked":["Wild Strike","Clash","Twin Strike"],"picked":"SKIP","floor":3},{"not_picked":["Flex","Dropkick","Searing Blow"],"picked":"SKIP","floor":4},{"not_picked":["Body Slam","Sword Boomerang"],"picked":"Armaments","floor":5},{"not_picked":["Perfected Strike","Havoc"],"picked":"Double Tap","floor":6},{"not_picked":["Flex","Feed"],"picked":"Cleave","floor":8},{"not_picked":["Flex","Feel No Pain"],"picked":"Shrug It Off","floor":10}],"player_experience":88283,"relics_obtained":[{"floor":6,"key":"Happy Flower"},{"floor":8,"key":"FossilizedHelix"},{"floor":9,"key":"Sundial"},{"floor":10,"key":"Unceasing Top"}],"event_choices":[{"damage_healed":0,"gold_gain":0,"player_choice":"Grow","damage_taken":0,"max_hp_gain":0,"max_hp_loss":0,"event_name":"Living Wall","floor":7,"gold_loss":0,"cards_upgraded":["Armaments"]},{"cards_removed":["Strike_R"],"damage_healed":0,"gold_gain":0,"player_choice":"Card Removal","damage_taken":0,"max_hp_gain":0,"max_hp_loss":0,"event_name":"The Cleric","floor":11,"gold_loss":50},{"damage_healed":0,"gold_gain":0,"player_choice":"Searched \u00271\u0027 times","damage_taken":0,"relics_obtained":["War Paint"],"max_hp_gain":0,"max_hp_loss":0,"event_name":"Dead Adventurer","floor":13,"gold_loss":0},{"damage_healed":0,"gold_gain":0,"player_choice":"Take Damage","damage_taken":20,"relics_obtained":["Golden Idol"],"max_hp_gain":0,"max_hp_loss":0,"event_name":"Golden Idol","floor":14,"gold_loss":0}],"is_beta":false,"boss_relics":[],"items_purged_floors":[],"is_endless":false,"potions_floor_spawned":[1,2,5],"killed_by":"Slime Boss","ascension_level":1}}