{"host":"vjhid0i9rv2rumop","time":1609009060,"event":{"mods":["BaseMod","Better Third Choice","BetterRewards","Colored Map","Colored Powertips","Downfall","Minty Spire (QoL Compilation)","Quick Restart","Rare Cards Sparkle","Replay The Spire","StSLib"],"gold_per_floor":[99,99,99,99,48,76,99,115,139,162,162,200,38,58,86,86,86,86],"floor_reached":16,"playtime":1092,"items_purged":[],"score":102,"play_id":"f6ee7027-cc23-4d40-a82b-34829c6e2661","local_time":"20201226135740","is_ascension_mode":false,"campfire_choices":[{"floor":1,"key":"DIG"}],"circlet_count":0,"master_deck":["hexamod:Strike","hexamod:Strike","hexamod:Defend","hexamod:Defend","hexamod:Defend","hexamod:Defend","hexamod:Sear","hexamod:Float","hexamod:HeatShield","hexamod:VolcanoVisage","hexamod:RadiantFlame","hexamod:SecondSeal","hexamod:GhostShield","hexamod:Hexaguard","hexamod:EtherealExpedition","hexamod:EtherealExpedition","hexamod:FifthSeal","hexamod:ThirdSeal","hexamod:GhostflameBarrier","hexamod:FirstSeal","hexamod:ThermalTransfer","hexamod:Hexaguard","hexamod:SixthSeal","hexamod:Hexaguard","hexamod:GhostOfSpireFuture","hexamod:SecondSeal","hexamod:FourthSeal","hexamod:RecurringNightmare"],"relics":["hexamod:SpiritBrand","downfall:HeartsMalice","hexamod:SoulConsumer","hexamod:MatchstickCase","Divine Protection","Pet Ghost"],"acts_visited":["Exordium"],"potions_floor_usage":[16,16,16,16],"damage_taken":[{"damage":0,"enemies":"Jaw Worm","floor":2,"turns":1},{"damage":0,"enemies":"Cultist","floor":4,"turns":1},{"damage":0,"enemies":"downfall:FleeingMerchant","floor":5,"turns":1},{"damage":0,"enemies":"Small Slimes","floor":6,"turns":5},{"damage":1,"enemies":"Red Slaver","floor":8,"turns":6},{"damage":2,"enemies":"Exordium Wildlife","floor":9,"turns":7},{"damage":0,"enemies":"Blue Slaver","floor":10,"turns":4},{"damage":16,"enemies":"Replay:BlueRogue","floor":12,"turns":7},{"damage":2,"enemies":"downfall:FleeingMerchant","floor":13,"turns":4},{"damage":6,"enemies":"Red Slaver","floor":14,"turns":7},{"damage":0,"enemies":"Exordium Wildlife","floor":15,"turns":3},{"damage":50,"enemies":"downfall:Defect","floor":16,"turns":6}],"seed_played":"-96296195333453786","potions_obtained":[{"floor":6,"key":"ColorlessPotion"},{"floor":10,"key":"Strength Potion"},{"floor":12,"key":"SpeedPotion"}],"is_trial":false,"path_per_floor":["R_BF","M","?","M","$","M","T","M","M","M","?","E","$","M","M","B"],"character_chosen":"THE_SPIRIT","items_purchased":["hexamod:GhostShield","Pet Ghost"],"campfire_rested":0,"item_purchase_floors":[5,13],"current_hp_per_floor":[70,70,70,70,70,70,70,69,67,67,67,51,49,50,50,0,0,0],"gold":86,"neow_bonus":"THREE_ENEMY_KILL","is_daily":false,"chose_seed":false,"campfire_upgraded":0,"win_rate":0.0,"timestamp":1609009060,"path_taken":["R_BF","M","?","M","?","M","T","M","M","M","?","E","$","M","M","BOSS"],"items_purchased_type":["Card","Relic"],"build_version":"2020-12-22","purchased_purges":0,"victory":false,"max_hp_per_floor":[70,70,70,70,70,70,70,70,70,70,70,70,70,70,70,70,70,70],"card_choices":[{"not_picked":["hexamod:ThermalTransfer","hexamod:Firestarter"],"picked":"hexamod:HeatShield","floor":2},{"not_picked":["hexamod:BacktrackSmack","hexamod:BurningTouch"],"picked":"hexamod:RadiantFlame","floor":4},{"not_picked":["hexamod:RetreatToShadows","hexamod:GhostShield"],"picked":"hexamod:SecondSeal","floor":5},{"not_picked":["hexamod:ShieldOfDarkness","hexamod:BacktrackSmack"],"picked":"hexamod:Hexaguard","floor":6},{"not_picked":["hexamod:Firestarter","hexamod:Incineration"],"picked":"hexamod:EtherealExpedition","floor":8},{"not_picked":["hexamod:SpectersWail","hexamod:NightmareStrike"],"picked":"hexamod:EtherealExpedition","floor":9},{"not_picked":["hexamod:ChargedBarrage","hexamod:Again"],"picked":"hexamod:FifthSeal","floor":10},{"not_picked":["hexamod:FourthSeal","hexamod:SecondSeal"],"picked":"hexamod:ThirdSeal","floor":12},{"not_picked":["hexamod:ShieldOfDarkness","hexamod:GhostOfSpireFuture"],"picked":"hexamod:GhostflameBarrier","floor":12},{"not_picked":["hexamod:ThirdSeal","hexamod:SecondSeal"],"picked":"hexamod:FirstSeal","floor":13},{"not_picked":["hexamod:Incineration","hexamod:Haunt"],"picked":"hexamod:ThermalTransfer","floor":13},{"not_picked":["hexamod:FifthSeal","hexamod:RainOfEmbers"],"picked":"hexamod:Hexaguard","floor":13},{"not_picked":["hexamod:ThirdSeal","hexamod:SecondSeal"],"picked":"hexamod:SixthSeal","floor":14},{"not_picked":["hexamod:Haunt","hexamod:RadiantFlame"],"picked":"hexamod:Hexaguard","floor":14},{"not_picked":["hexamod:GhostOfSpirePresent","hexamod:HauntingEcho"],"picked":"hexamod:GhostOfSpireFuture","floor":14},{"not_picked":["hexamod:BurningTouch","hexamod:RainOfEmbers"],"picked":"hexamod:SecondSeal","floor":15},{"not_picked":["hexamod:SecondSeal","hexamod:SixthSeal"],"picked":"hexamod:FourthSeal","floor":15},{"not_picked":["hexamod:NightmareStrike","hexamod:FastForward"],"picked":"hexamod:RecurringNightmare","floor":15}],"player_experience":105265,"relics_obtained":[{"floor":1,"key":"hexamod:SoulConsumer"},{"floor":7,"key":"hexamod:MatchstickCase"},{"floor":12,"key":"Divine Protection"}],"event_choices":[{"damage_healed":0,"gold_gain":0,"cards_transformed":["hexamod:Strike"],"player_choice":"Transformed","damage_taken":0,"max_hp_gain":0,"max_hp_loss":0,"event_name":"Transmorgrifier","floor":3,"gold_loss":0,"cards_obtained":["hexamod:VolcanoVisage"]},{"cards_removed":["hexamod:Strike"],"damage_healed":0,"gold_gain":0,"player_choice":"Offered Basic","damage_taken":0,"max_hp_gain":0,"max_hp_loss":0,"event_name":"Bonfire Elementals","floor":11,"gold_loss":0}],"is_beta":false,"boss_relics":[],"items_purged_floors":[],"is_endless":false,"potions_floor_spawned":[6,10,12],"killed_by":"downfall:Defect","ascension_level":0}}