{"host":"od099uxc49ip1k8b","time":1609012486,"event":{"mods":["AchievementEnabler","Act Like it!","BaseMod","Downfall","Friendly Minions","Gensokyo","Hermit","Highlight Path","Infinite Spire","Koishi","KomeijiMod","Marisa????????","Minty Spire (QoL Compilation)","Quick Restart","Rare Cards Sparkle","Reimu??????","Remilia??????","Replay The Spire","StSLib","Td1madao Mod","The Administrix","The Alterego","The Animator","The Cursed","The Gatherer","The Servant 0.9.4","The Wild Card","Waifu the Spire","WarShipGirlsR/????R mod","Yohane!","Yuyuko"],"gold_per_floor":[113,125,79,79,96,96,114,114,114,114,132,143,143,154,154,254,254,268,288,302,322,322,322,170,170,196,229,229,239,239,239,239,341,341,355,355,369,389,405,405,555,555,555,555,432,448,466,479,479,479,479],"floor_reached":50,"playtime":3965,"items_purged":["rmod:maingunfire","Lonely"],"score":458,"play_id":"0fc1f5c0-7a14-4b3a-925d-0be5bc60fc15","local_time":"20201226145446","is_ascension_mode":false,"campfire_choices":[{"data":"rmod:diamondstrike","floor":6,"key":"SMITH"},{"data":"rmod:diamondstrike","floor":8,"key":"SMITH"},{"data":"rmod:gendarmerie","floor":10,"key":"SMITH"},{"data":"rmod:tearstotiara","floor":13,"key":"SMITH"},{"data":"rmod:guardianhero","floor":15,"key":"SMITH"},{"floor":23,"key":"REST"},{"data":"rmod:acesubmarine","floor":25,"key":"SMITH"},{"floor":30,"key":"REST"},{"floor":32,"key":"REST"},{"data":"rmod:royalracing","floor":40,"key":"SMITH"},{"data":"rmod:diaomin","floor":44,"key":"SMITH"},{"floor":49,"key":"REST"}],"circlet_count":0,"master_deck":["rmod:strick","rmod:strick","rmod:strick","rmod:strick","rmod:defend","rmod:defend","rmod:defend","rmod:defend","rmod:basicallowance","rmod:gendarmerie+1","rmod:tearstotiara+1","rmod:diamondstrike+1","rmod:diamondstrike+1","rmod:guardianhero+1","rmod:acesubmarine+1","rmod:unsinkable+1","rmod:royalracing+1","rmod:overbreakdown+1","rmod:gendarmerie+1","rmod:selfconfidence","rmod:diaomin+1","rmod:auspiciousomen","rmod:tearstotiara+1","rmod:fuelsupply+1","infinitespire:FutureSight","rmod:supportaircraftcarrier"],"relics":["rmod:firstchargereward","ReplayTheSpireMod:TigerMarble","Mastiff:ReiMu","infinitespire:BottledMercury","infinitespire:Cupcake","ReplayTheSpireMod:CursedCoin","Replay:Bottled Steam","GoodDreamPillow"],"acts_visited":["Exordium","TheCity","TheBeyond"],"potions_floor_usage":[16,16,18,20,33,33,37,39,50],"damage_taken":[{"damage":0,"enemies":"Cultist","floor":1,"turns":3},{"damage":0,"enemies":"2 Louse","floor":2,"turns":2},{"damage":0,"enemies":"Small Slimes","floor":5,"turns":2},{"damage":0,"enemies":"Looter","floor":7,"turns":3},{"damage":0,"enemies":"2 Fungi Beasts","floor":11,"turns":3},{"damage":0,"enemies":"Large Slime","floor":12,"turns":4},{"damage":0,"enemies":"Exordium Wildlife","floor":14,"turns":2},{"damage":12,"enemies":"Slime Boss","floor":16,"turns":11},{"damage":12,"enemies":"Spheric Guardian","floor":18,"turns":4},{"damage":13,"enemies":"3 Byrds","floor":19,"turns":7},{"damage":8,"enemies":"Centurion and Healer","floor":20,"turns":4},{"damage":10,"enemies":"Shelled Parasite and Fungi","floor":21,"turns":6},{"damage":9,"enemies":"Slavers","floor":27,"turns":5},{"damage":14,"enemies":"Snake Plant","floor":29,"turns":4},{"damage":11,"enemies":"Automaton","floor":33,"turns":9},{"damage":3,"enemies":"3 Shapes","floor":35,"turns":2},{"damage":3,"enemies":"3 Darklings","floor":37,"turns":4},{"damage":3,"enemies":"Spire Growth","floor":38,"turns":6},{"damage":0,"enemies":"Sphere and 2 Shapes","floor":39,"turns":5},{"damage":21,"enemies":"Maw","floor":46,"turns":9},{"damage":11,"enemies":"Transient","floor":47,"turns":5},{"damage":13,"enemies":"Jaw Worm Horde","floor":48,"turns":3},{"damage":43,"enemies":"Awakened One","floor":50,"turns":6}],"seed_played":"-2046922249542353872","potions_obtained":[{"floor":2,"key":"Death Potion"},{"floor":4,"key":"ExcitationPotion"},{"floor":4,"key":"SpeedPotion"},{"floor":4,"key":"Toxic Potion"},{"floor":11,"key":"DuplicationPotion"},{"floor":16,"key":"Strength Potion"},{"floor":19,"key":"LiquidMemories"},{"floor":27,"key":"GamblersBrew"},{"floor":33,"key":"Adrenaline Potion"},{"floor":35,"key":"PowerPotion"},{"floor":48,"key":"hexamod:EctoCoolerPotion"}],"is_trial":true,"path_per_floor":["M","M","$","?","M","R","M","R","T","R","M","M","R","M","R","B",null,"M","M","M","M","?","R","$","R","T","E","?","M","R","?","R","B",null,"M","?","M","M","M","R","AVR","?","T","R","?","M","M","M","R","B"],"character_chosen":"PRAEFECT","items_purchased":["rmod:diamondstrike","rmod:selfconfidence"],"campfire_rested":4,"item_purchase_floors":[3,24],"current_hp_per_floor":[75,75,75,75,75,75,75,75,75,75,75,75,75,75,75,63,75,63,50,42,32,32,54,54,54,54,45,45,31,53,53,75,64,75,72,72,69,66,66,66,66,66,66,66,66,45,34,21,43,0,0],"gold":479,"neow_bonus":"","is_daily":false,"chose_seed":false,"campfire_upgraded":8,"win_rate":0.0,"timestamp":1609012486,"path_taken":["M","M","?","?","M","R","M","R","T","R","?","M","R","M","R","BOSS","M","M","M","M","?","R","$","R","T","E","?","M","R","?","R","BOSS","M","?","M","M","M","R","AVR","?","T","R","?","M","M","M","R","BOSS"],"items_purchased_type":["Card","Card"],"build_version":"2020-12-22","purchased_purges":2,"victory":false,"max_hp_per_floor":[75,75,75,75,75,75,75,75,75,75,75,75,75,75,75,75,75,75,75,75,75,75,75,75,75,75,75,75,75,75,75,75,75,75,75,75,75,75,75,75,75,75,75,75,75,75,75,75,75,75,75],"card_choices":[{"not_picked":["rmod:firesupport","rmod:shuttlebombing"],"picked":"rmod:gendarmerie","floor":1},{"not_picked":["rmod:supportescort","rmod:aluminumsupply"],"picked":"rmod:tearstotiara","floor":2},{"not_picked":["rmod:fletcherpendant","rmod:ammunitionsupply","rmod:maintain"],"picked":"SKIP","floor":5},{"not_picked":["rmod:firesupport","rmod:expeditionaryescort"],"picked":"rmod:diamondstrike","floor":7},{"not_picked":["rmod:victimresponsibility","rmod:intelligenceanalysis","rmod:steelsupply"],"picked":"SKIP","floor":11},{"not_picked":["rmod:capitalist","rmod:supriseattacks","rmod:circuitoustactics"],"picked":"SKIP","floor":12},{"not_picked":["rmod:aviationdawn","rmod:firesupport"],"picked":"rmod:guardianhero","floor":14},{"not_picked":["rmod:lastglory","rmod:windflower"],"picked":"rmod:acesubmarine","floor":16},{"not_picked":["rmod:firesupport","rmod:lonelyqueen+1"],"picked":"rmod:unsinkable+1","floor":18},{"not_picked":["rmod:diamondstrike","rmod:unsinkable"],"picked":"rmod:royalracing","floor":19},{"not_picked":["rmod:mineteam","rmod:capitalist"],"picked":"rmod:overbreakdown+1","floor":20},{"not_picked":["rmod:overbreakdown","rmod:ammunitionsupply+1"],"picked":"rmod:gendarmerie+1","floor":21},{"not_picked":["rmod:spoils","rmod:victimresponsibility","rmod:supriseattacks"],"picked":"SKIP","floor":27},{"not_picked":["rmod:firesupport+1","rmod:gendarmerie+1"],"picked":"rmod:diaomin","floor":29},{"not_picked":["rmod:abidefaith","rmod:desperatesituation"],"picked":"rmod:auspiciousomen","floor":33},{"not_picked":["rmod:aluminumsupply","rmod:rockthrower"],"picked":"rmod:tearstotiara+1","floor":35},{"not_picked":["rmod:generalist+1","rmod:heivgo+1","rmod:smokecover+1"],"picked":"SKIP","floor":37},{"not_picked":["rmod:overbreakdown","rmod:chargemoney","rmod:capitalist+1"],"picked":"SKIP","floor":38},{"not_picked":["rmod:intelligenceanalysis+1","rmod:ammunitionsupply+1"],"picked":"rmod:fuelsupply+1","floor":39},{"not_picked":["rmod:steelsupply","rmod:launchingtorpedo+1","rmod:intelligenceanalysis+1"],"picked":"SKIP","floor":46},{"not_picked":["rmod:overbreakdown+1","rmod:aggressivemary"],"picked":"rmod:supportaircraftcarrier","floor":47},{"not_picked":["rmod:auspiciousomen","rmod:victimresponsibility","rmod:aviationdawn"],"picked":"SKIP","floor":48}],"player_experience":136492,"relics_obtained":[{"floor":9,"key":"ReplayTheSpireMod:TigerMarble"},{"floor":26,"key":"Mastiff:ReiMu"},{"floor":27,"key":"infinitespire:BottledMercury"},{"floor":43,"key":"Replay:Bottled Steam"}],"event_choices":[{"damage_healed":0,"gold_gain":0,"player_choice":"Got Potions","damage_taken":0,"max_hp_gain":0,"max_hp_loss":0,"event_name":"Lab","floor":4,"gold_loss":0},{"damage_healed":0,"gold_gain":0,"player_choice":"Ignored","damage_taken":0,"max_hp_gain":0,"max_hp_loss":0,"event_name":"The Mausoleum","floor":22,"gold_loss":0},{"damage_healed":0,"gold_gain":0,"player_choice":"Memory 1","damage_taken":0,"max_hp_gain":0,"max_hp_loss":0,"event_name":"SensoryStone","floor":36,"gold_loss":0},{"damage_healed":0,"gold_gain":0,"player_choice":"Ignored","damage_taken":0,"max_hp_gain":0,"max_hp_loss":0,"event_name":"Tomb of Lord Red Mask","floor":42,"gold_loss":0}],"is_beta":false,"boss_relics":[{"not_picked":["Replay:Ancient Bell","Calling Bell","Busted Crown"]},{"not_picked":["ReplayTheSpireMod:DimensionalGlitch","Kintsugi"],"picked":"infinitespire:Cupcake"}],"items_purged_floors":[24,41],"is_endless":false,"potions_floor_spawned":[2,11,14,16,19,27,33,35,38,48],"killed_by":"Awakened One","ascension_level":0}}