{"host":"pecumnp00ic55u1k","time":1609023908,"event":{"mods":["Act Like it!","BaseMod","Colored Map","Colored Powertips","Downfall","Hallownest","Hermit","Highlight Path","Hubris","Minty Spire (QoL Compilation)","Quick Restart","Rare Cards Sparkle","Replay The Spire","StSLib","The Blue Laboratory","The Bug Knight","The Cursed","The IronCluck"],"gold_per_floor":[214,226,240,254,269,304,304,317,317,317,328,342,119,145,145,243,243,262,275,295,295,311,311,336,336,336,336,43,63,63,89,89,191,191,207,218,218,218,40,65,83,83,83,83,93,128,128,161,161,161],"floor_reached":51,"playtime":4722,"items_purged":["HollowMod:NailStrikeStart","HollowMod:NewJinnsSoul"],"score":719,"play_id":"440762ee-52d1-444c-8a12-4251b0da0325","local_time":"20201226180508","is_ascension_mode":false,"campfire_choices":[{"floor":10,"key":"REST"},{"data":"1","floor":15,"key":"LIFT"},{"floor":23,"key":"REST"},{"floor":25,"key":"REST"},{"floor":32,"key":"REST"},{"floor":44,"key":"REST"},{"floor":49,"key":"REST"}],"circlet_count":0,"master_deck":["HollowMod:NailStrikeStart","HollowMod:NailStrikeStart","HollowMod:NailStrikeStart+1","HollowMod:QuickDashStart","HollowMod:QuickDashStart","HollowMod:QuickDashStart","HollowMod:QuickDashStart","HollowMod:FocusHealStart","HollowMod:PogoStrike","HollowMod:GoodIntentions","HollowMod:QuirrelsAssistance","HollowMod:SoulSplash","HollowMod:HornetsHelp+1","HollowMod:VengefulSpirit+1","HollowMod:SlysStrikes","Hallownest:pwrSporeShroom+1","HollowMod:HowlingWraiths","HollowMod:SoulSplash+1","HollowMod:MantisMark","HollowMod:DungDefenderAura+1","HollowMod:MantisMark"],"relics":["HollowMod:KingsSoulRelic","Girya","Hallownest:DreamNailRelic","Replay:Bottled Eggs","Lee\u0027s Waffle","Ornamental Fan","hubris:Towel","Oddly Smooth Stone","Ginger","Counterbalance","Gremlin Food","Fusion Hammer","Hallownest:KingsIdolRelic","Mummified Hand","HornCleat","InkBottle","ReplayTheSpireMod:Lightbulb"],"acts_visited":["Hallownest:Greenpath","Hallownest:CityofTears","Hallownest:KingdomsEdge"],"potions_floor_usage":[6,16,16,24,24,33,33,46,46,50],"damage_taken":[{"damage":1,"enemies":"Hallownest:2_MossCreeps","floor":1,"turns":6},{"damage":1,"enemies":"Hallownest:2_Baldur","floor":2,"turns":5},{"damage":3,"enemies":"Hallownest:monsterHuskGuard","floor":3,"turns":7},{"damage":30,"enemies":"Hallownest:Guard_and_Warrior","floor":4,"turns":9},{"damage":36,"enemies":"Hallownest:2_Tiktiks_1_Baldur_1_Crawlid","floor":5,"turns":9},{"damage":9,"enemies":"Hallownest:eliteCrystalGuardian","floor":6,"turns":8},{"damage":0,"enemies":"Hallownest:monsterMossCharger","floor":8,"turns":7},{"damage":4,"enemies":"Hallownest:Wandering_and_Horned","floor":11,"turns":6},{"damage":14,"enemies":"Hallownest:monsterFoolEater","floor":12,"turns":6},{"damage":20,"enemies":"Hallownest:eliteVengeflyKing","floor":14,"turns":10},{"damage":23,"enemies":"Hallownest:BossBrokenVessel","floor":16,"turns":11},{"damage":22,"enemies":"Hallownest:2_Mistakes","floor":18,"turns":7},{"damage":6,"enemies":"Hallownest:3_Youths","floor":19,"turns":9},{"damage":19,"enemies":"Hallownest:monsterMisterMushroom","floor":20,"turns":8},{"damage":32,"enemies":"Hallownest:2_Husk_Sentries","floor":22,"turns":6},{"damage":27,"enemies":"Hallownest:eliteSoulWarrior","floor":24,"turns":6},{"damage":45,"enemies":"Hallownest:Glutton_and_Coward","floor":29,"turns":5},{"damage":18,"enemies":"Hallownest:BossSoulMaster","floor":33,"turns":14},{"damage":22,"enemies":"Hallownest:Shield_Heavy","floor":35,"turns":6},{"damage":33,"enemies":"Hallownest:2_Littles","floor":36,"turns":7},{"damage":11,"enemies":"Hallownest:eliteHiveKnight","floor":40,"turns":7},{"damage":31,"enemies":"Hallownest:monsterPrimalAspid","floor":41,"turns":6},{"damage":8,"enemies":"Hallownest:2_Great","floor":45,"turns":5},{"damage":11,"enemies":"Hallownest:StalkingDevout","floor":46,"turns":5},{"damage":23,"enemies":"Hallownest:eliteHiveKnight","floor":48,"turns":8},{"damage":36,"enemies":"Hallownest:Radiance","floor":50,"turns":10}],"seed_played":"6067627698100397452","potions_obtained":[{"floor":1,"key":"SteroidPotion"},{"floor":5,"key":"blueLaboratory:Moonshine"},{"floor":6,"key":"Venom Potion"},{"floor":11,"key":"EssenceOfSteel"},{"floor":12,"key":"BlessingOfTheForge"},{"floor":16,"key":"SteroidPotion"},{"floor":19,"key":"GamblersBrew"},{"floor":22,"key":"blueLaboratory:FrostheartPotion"},{"floor":24,"key":"BlessingOfTheForge"},{"floor":33,"key":"blueLaboratory:CorrosionFlask"},{"floor":40,"key":"Fire Potion"},{"floor":45,"key":"Explosive Potion"},{"floor":46,"key":"FearPotion"},{"floor":48,"key":"blueLaboratory:FruitPunch"}],"is_trial":false,"path_per_floor":["M","M","M","M","M","E","?","M","T","R","M","M","$","E","R","B",null,"M","M","M","?","M","R","E","R","T","?","$","M","$","T","R","B",null,"M","M","?","$","$","E","M","?","T","R","M","E","?","E","R","B",null],"character_chosen":"THE_BUGKNIGHT","items_purchased":["Lee\u0027s Waffle","Counterbalance","HollowMod:MantisMark"],"campfire_rested":6,"item_purchase_floors":[13,28,39],"current_hp_per_floor":[75,75,75,51,15,6,6,6,6,28,30,16,82,62,62,39,82,60,54,41,41,15,39,18,42,42,42,42,5,5,5,29,19,82,66,33,33,33,33,30,3,3,3,27,29,28,28,21,45,23],"gold":161,"neow_bonus":"HUNDRED_GOLD","is_daily":false,"chose_seed":false,"campfire_upgraded":0,"win_rate":0.0,"timestamp":1609023908,"path_taken":["M","M","M","M","M","E","?","M","T","R","?","M","$","E","R","BOSS","M","M","M","?","M","R","E","R","T","?","$","M","?","?","R","BOSS","M","M","?","?","$","E","M","?","T","R","M","E","?","E","R","BOSS"],"items_purchased_type":["Relic","Relic","Card"],"build_version":"2020-12-22","purchased_purges":2,"victory":true,"max_hp_per_floor":[75,75,75,75,75,75,75,75,75,75,75,75,82,82,82,82,82,82,82,82,82,82,82,82,82,82,82,82,82,82,82,82,82,82,82,82,82,82,82,82,82,82,82,82,82,82,82,82,82,84],"card_choices":[{"not_picked":["HollowMod:RecoilStrike","HollowMod:WraithStrike"],"picked":"HollowMod:GoodIntentions","floor":1},{"not_picked":["HollowMod:CoiledNail","HollowMod:NewJinnsSoul","HollowMod:GrimmsGift"],"picked":"SKIP","floor":2},{"not_picked":["HollowMod:NewLittleFool","HollowMod:FallenFury"],"picked":"HollowMod:QuirrelsAssistance","floor":3},{"not_picked":["HollowMod:ShapeofUnn","HollowMod:TaintedHusks"],"picked":"HollowMod:SoulSplash","floor":4},{"not_picked":["HollowMod:SiblingsShadow","HollowMod:NewLittleFool","HollowMod:WraithStrike"],"picked":"SKIP","floor":5},{"not_picked":["HollowMod:DreamGate","HollowMod:SoulShaman"],"picked":"HollowMod:HornetsHelp","floor":6},{"not_picked":["HollowMod:BrokenVessel","HollowMod:InfectedCysts"],"picked":"HollowMod:VengefulSpirit","floor":8},{"not_picked":["HollowMod:InfectionAssault","HollowMod:HeavyBlow","HollowMod:SoulShaman"],"picked":"SKIP","floor":11},{"not_picked":["HollowMod:CloakDash","HollowMod:DashSlash"],"picked":"HollowMod:NewJinnsSoul","floor":12},{"not_picked":["HollowMod:NewLittleFool","HollowMod:CornifersMapStart"],"picked":"HollowMod:SlysStrikes","floor":14},{"not_picked":["HollowMod:TaintedHusks","HollowMod:SoulVessel","HollowMod:CrystalDash+1"],"picked":"SKIP","floor":18},{"not_picked":["HollowMod:DescendingDark","HollowMod:FallenFury","HollowMod:SoulEater+1"],"picked":"SKIP","floor":19},{"not_picked":["HollowMod:CornifersMapStart","HollowMod:FastStrike","HollowMod:HeavyBlow"],"picked":"SKIP","floor":20},{"not_picked":["HollowMod:GreatSlash","HollowMod:GoodIntentions","HollowMod:WraithStrike"],"picked":"SKIP","floor":22},{"not_picked":["HollowMod:InfectedCysts","HollowMod:NewInfectedGuardian","HollowMod:HeavyBlow"],"picked":"SKIP","floor":24},{"not_picked":["HollowMod:SiblingsSouls","HollowMod:PerfectDash"],"picked":"HollowMod:HowlingWraiths","floor":29},{"not_picked":["HollowMod:GreatSlash+1","HollowMod:VengefulVoid"],"picked":"HollowMod:SoulSplash+1","floor":35},{"not_picked":["HollowMod:SoulSplash+1","HollowMod:DashSlash","HollowMod:MawleksShell+1"],"picked":"SKIP","floor":36},{"not_picked":["HollowMod:BaldurShell+1","HollowMod:SiblingsSouls+1"],"picked":"HollowMod:DungDefenderAura+1","floor":40},{"not_picked":["HollowMod:CrystalDash","HollowMod:NewGlowingWomb"],"picked":"HollowMod:MantisMark","floor":41},{"not_picked":["HollowMod:BrokenVessel","HollowMod:CrystalDash+1","HollowMod:MothsMistake"],"picked":"SKIP","floor":45},{"not_picked":["HollowMod:TaintedHusks","HollowMod:PerfectDash","HollowMod:SharpenedNail"],"picked":"SKIP","floor":46},{"not_picked":["HollowMod:GreatSlash","HollowMod:Weaversong","HollowMod:ChannelNail+1"],"picked":"SKIP","floor":48}],"player_experience":82620,"relics_obtained":[{"floor":6,"key":"Girya"},{"floor":9,"key":"Replay:Bottled Eggs"},{"floor":14,"key":"Ornamental Fan"},{"floor":24,"key":"Oddly Smooth Stone"},{"floor":26,"key":"Ginger"},{"floor":31,"key":"Gremlin Food"},{"floor":40,"key":"Mummified Hand"},{"floor":43,"key":"HornCleat"},{"floor":46,"key":"InkBottle"},{"floor":48,"key":"ReplayTheSpireMod:Lightbulb"}],"event_choices":[],"is_beta":false,"boss_relics":[{"not_picked":["ReplayTheSpireMod:DimensionalGlitch","Philosopher\u0027s Stone"],"picked":"HollowMod:KingsSoulRelic"},{"not_picked":["Honey Jar","Replay:Grab Bag"],"picked":"Fusion Hammer"}],"items_purged_floors":[13,39],"is_endless":false,"potions_floor_spawned":[1,5,6,11,12,16,19,22,24,33,40,45,46,48],"ascension_level":0}}