{"host":"1ltt377nc7aury4n","time":1609018678,"event":{"mods":["AchievementEnabler","BaseMod","Best Route Mod","Colored Powertips","Minty Spire (QoL Compilation)","StSLib"],"gold_per_floor":[109,121,46,58,133,166,184,209,209,209,224,24,59,59,59,163,163,182,182,197,197,72,72,72,72],"floor_reached":24,"playtime":2588,"items_purged":["Strike_B","Defend_B","Strike_B"],"score":263,"play_id":"24714701-7c56-4c7a-b8f1-8e146f8d1fac","local_time":"20201226163758","is_ascension_mode":true,"campfire_choices":[{"floor":10,"key":"REST"},{"floor":15,"key":"REST"},{"floor":23,"key":"REST"}],"circlet_count":0,"master_deck":["Strike_B","Strike_B+1","Defend_B+1","Defend_B","Defend_B+1","Zap+1","Dualcast","Cold Snap","Sweeping Beam","Electrodynamics","White Noise","Coolheaded+1","Machine Learning+1","CurseOfTheBell","Tempest+1"],"relics":["Cracked Core","Matryoshka","Shuriken","Art of War","Torii","Gremlin Horn","Calling Bell","War Paint","Frozen Egg 2","Ice Cream"],"acts_visited":["Exordium","TheCity"],"potions_floor_usage":[8,8,20,24],"damage_taken":[{"damage":2,"enemies":"Jaw Worm","floor":1,"turns":2},{"damage":0,"enemies":"2 Louse","floor":2,"turns":3},{"damage":0,"enemies":"Cultist","floor":4,"turns":3},{"damage":24,"enemies":"Gremlin Nob","floor":6,"turns":4},{"damage":10,"enemies":"Looter","floor":7,"turns":4},{"damage":0,"enemies":"3 Sentries","floor":8,"turns":2},{"damage":1,"enemies":"Exordium Wildlife","floor":11,"turns":2},{"damage":27,"enemies":"Gremlin Nob","floor":13,"turns":4},{"damage":42,"enemies":"Slime Boss","floor":16,"turns":7},{"damage":30,"enemies":"Chosen","floor":18,"turns":6},{"damage":24,"enemies":"2 Thieves","floor":20,"turns":3},{"damage":55,"enemies":"Book of Stabbing","floor":24,"turns":6}],"seed_played":"301433247052408783","potions_obtained":[{"floor":6,"key":"Fire Potion"},{"floor":7,"key":"Explosive Potion"},{"floor":16,"key":"Regen Potion"},{"floor":18,"key":"SteroidPotion"}],"is_trial":false,"path_per_floor":["M","M","$","M","?","E","M","E","T","R","M","$","E","?","R","B",null,"M","?","M","?","$","R","E"],"character_chosen":"DEFECT","items_purchased":["FairyPotion"],"campfire_rested":3,"item_purchase_floors":[12],"current_hp_per_floor":[73,73,73,73,62,38,28,28,28,50,49,49,22,7,29,22,75,45,45,30,30,30,52,0,0],"gold":72,"neow_bonus":"UPGRADE_CARD","is_daily":false,"chose_seed":false,"campfire_upgraded":0,"win_rate":0.0,"timestamp":1609018678,"path_taken":["M","M","$","M","?","E","M","E","T","R","M","$","E","?","R","BOSS","M","?","?","?","$","R","E"],"items_purchased_type":["Potion"],"build_version":"2020-12-22","purchased_purges":3,"victory":false,"max_hp_per_floor":[75,75,75,75,75,75,75,75,75,75,75,75,75,75,75,75,75,75,75,75,75,75,75,75,75],"card_choices":[{"not_picked":["Steam","Redo"],"picked":"Cold Snap","floor":1},{"not_picked":["Beam Cell","Ball Lightning"],"picked":"Sweeping Beam","floor":2},{"not_picked":["Consume","Scrape","Stack"],"picked":"SKIP","floor":4},{"not_picked":["Static Discharge","Fusion"],"picked":"Electrodynamics","floor":6},{"not_picked":["Storm","Hologram"],"picked":"White Noise","floor":7},{"not_picked":["Hyperbeam","Conserve Battery","Sweeping Beam"],"picked":"SKIP","floor":8},{"not_picked":["Rip and Tear","Sweeping Beam","Fusion"],"picked":"SKIP","floor":11},{"not_picked":["Cold Snap","Redo"],"picked":"Coolheaded","floor":13},{"not_picked":["All For One","Meteor Strike"],"picked":"Machine Learning","floor":16},{"not_picked":["Ball Lightning","Aggregate+1","Cold Snap"],"picked":"SKIP","floor":18},{"not_picked":["Self Repair+1","Cold Snap"],"picked":"Tempest+1","floor":20}],"player_experience":230913,"relics_obtained":[{"floor":6,"key":"Matryoshka"},{"floor":8,"key":"Shuriken"},{"floor":9,"key":"Art of War"},{"floor":9,"key":"Torii"},{"floor":13,"key":"Gremlin Horn"},{"floor":17,"key":"War Paint"},{"floor":17,"key":"Frozen Egg 2"},{"floor":17,"key":"Ice Cream"}],"event_choices":[{"damage_healed":0,"gold_gain":75,"player_choice":"Gather Gold","damage_taken":11,"max_hp_gain":0,"max_hp_loss":0,"event_name":"World of Goop","floor":5,"gold_loss":0},{"damage_healed":0,"gold_gain":0,"player_choice":"Entered Light","damage_taken":15,"max_hp_gain":0,"max_hp_loss":0,"event_name":"Shining Light","floor":14,"gold_loss":0,"cards_upgraded":["Strike_B","Defend_B"]},{"damage_healed":0,"gold_gain":0,"player_choice":"Forge","damage_taken":0,"max_hp_gain":0,"max_hp_loss":0,"event_name":"Accursed Blacksmith","floor":19,"gold_loss":0,"cards_upgraded":["Machine Learning"]},{"damage_healed":0,"gold_gain":0,"player_choice":"Ignored","damage_taken":0,"max_hp_gain":0,"max_hp_loss":0,"event_name":"Ghosts","floor":21,"gold_loss":0}],"is_beta":false,"boss_relics":[{"not_picked":["SacredBark","Ectoplasm"],"picked":"Calling Bell"}],"items_purged_floors":[3,12,22],"is_endless":false,"potions_floor_spawned":[6,7,16,18],"killed_by":"Book of Stabbing","ascension_level":2}}