{"host":"uyrebrj0204enqpc","time":1609005557,"event":{"mods":["Act Like it!","Bard","BaseMod","Block Reminder","Challenge The Spire","Colored Map","Colored Powertips","DeckTracker","Downfall","GifTheSpireLib","HexUI Lib","Highlight Path","Hubris","Minty Spire (QoL Compilation)","Pale of the Ancients","Quick Restart","Random Character Button","Relic Sorter","Relic Stats","Replay The Spire","Shop Mod","StSLib","The Blue Laboratory","The Bug Knight","The Cursed","The Marked","Wandering Minibosses"],"gold_per_floor":[116,41,41,65,65,94,94,106,106,106,106],"floor_reached":10,"playtime":706,"items_purged":["TheCursedMod:Strike_TheCursed"],"score":74,"play_id":"d9085c21-7dc4-4c9f-9fc2-101063494b1d","local_time":"20201226125917","is_ascension_mode":true,"campfire_choices":[{"data":"TheCursedMod:CleanUpWorkshop","floor":7,"key":"SMITH"}],"circlet_count":0,"master_deck":["TheCursedMod:Strike_TheCursed","TheCursedMod:Strike_TheCursed","TheCursedMod:Defend_TheCursed","TheCursedMod:Defend_TheCursed","TheCursedMod:Defend_TheCursed","TheCursedMod:CursedWand","TheCursedMod:CleanUpWorkshop+1","TheCursedMod:Dregs","TheCursedMod:SaltUponWound","TheCursedMod:ManaCirculation","TheCursedMod:CursedBlade","TheCursedMod:Dregs","Languid","TheCursedMod:Obscuration","TheCursedMod:AshesToAshes"],"relics":["TheCursedMod:BlackMagic101","Strawberry","Ring of Panic","Ring of Searing","hubris:DeckOfHolding","ReplayTheSpireMod:Shallot"],"acts_visited":["Exordium"],"potions_floor_usage":[],"damage_taken":[{"damage":5,"enemies":"Small Slimes","floor":1,"turns":5},{"damage":47,"enemies":"Gremlin Nob","floor":6,"turns":5},{"damage":0,"enemies":"Jaw Worm","floor":8,"turns":3},{"damage":25,"enemies":"3 Sentries","floor":10,"turns":8}],"seed_played":"2549807280935425660","potions_obtained":[],"is_trial":false,"path_per_floor":["M","$","?","T","?","E","R","M","T","E"],"character_chosen":"THE_CURSED","items_purchased":[],"campfire_rested":0,"item_purchase_floors":[],"current_hp_per_floor":[63,63,63,70,70,23,23,23,23,0,0],"gold":106,"neow_bonus":"TRANSFORM_TWO_CARDS","is_daily":false,"chose_seed":false,"campfire_upgraded":1,"win_rate":0.0,"timestamp":1609005557,"path_taken":["M","$","?","?","?","E","R","M","T","E"],"items_purchased_type":[],"build_version":"2020-12-22","purchased_purges":1,"victory":false,"max_hp_per_floor":[68,68,68,75,75,75,75,75,75,75,75],"relic_stats":{"counters":[4,21],"obtain_stats":[{"TheCursedMod:BlackMagic101":0,"ReplayTheSpireMod:Shallot":9,"Strawberry":4,"hubris:DeckOfHolding":6,"Ring of Panic":5,"Ring of Searing":5},{"TheCursedMod:BlackMagic101":0,"ReplayTheSpireMod:Shallot":3,"Strawberry":1,"hubris:DeckOfHolding":2,"Ring of Panic":1,"Ring of Searing":1},{"TheCursedMod:BlackMagic101":0,"ReplayTheSpireMod:Shallot":13,"Strawberry":5,"hubris:DeckOfHolding":10,"Ring of Panic":5,"Ring of Searing":5}]},"card_choices":[{"not_picked":["TheCursedMod:CursedMace","TheCursedMod:CircleOfBlood"],"picked":"TheCursedMod:CursedBlade","floor":1},{"not_picked":["TheCursedMod:CursedBlade","TheCursedMod:TacticalStrike"],"picked":"TheCursedMod:Obscuration","floor":6},{"not_picked":["TheCursedMod:CursedAmulet","TheCursedMod:ReleasedStrength"],"picked":"TheCursedMod:AshesToAshes","floor":8}],"player_experience":934654,"relics_obtained":[{"floor":4,"key":"Strawberry"},{"floor":5,"key":"Ring of Panic"},{"floor":5,"key":"Ring of Searing"},{"floor":6,"key":"hubris:DeckOfHolding"},{"floor":9,"key":"ReplayTheSpireMod:Shallot"}],"event_choices":[],"is_beta":false,"boss_relics":[],"items_purged_floors":[2],"is_endless":false,"potions_floor_spawned":[],"killed_by":"3 Sentries","ascension_level":3}}