{"host":"6r3ioyv75hs1gp74","time":1609020096,"event":{"mods":["AchievementEnabler","BaseMod","Colored Map","Colored Powertips","Minty Spire (QoL Compilation)"],"gold_per_floor":[110,185,29,29,41,68,68,131,155,230,6,38,56,75,75,171,171,183,43,59,72,72,72,91,91,91,16,36,36,56,71,71,71,71],"floor_reached":33,"playtime":2571,"items_purged":["Strike_G"],"score":307,"play_id":"ee92b9b9-718f-4598-8dfe-76f4e1834226","local_time":"20201226220136","is_ascension_mode":false,"campfire_choices":[{"floor":7,"key":"REST"},{"floor":15,"key":"REST"},{"data":"After Image","floor":23,"key":"SMITH"},{"data":"Terror","floor":25,"key":"SMITH"},{"floor":32,"key":"REST"}],"circlet_count":0,"master_deck":["Strike_G","Strike_G","Strike_G","Strike_G","Defend_G","Defend_G","Defend_G","Defend_G","Survivor","Neutralize","Noxious Fumes","Predator","All Out Attack","PiercingWail","Flying Knee","Dagger Spray","Dodge and Roll","Poisoned Stab","Sadistic Nature","A Thousand Cuts","Flechettes","Prepared","After Image+1","Backflip","Terror+1","Acrobatics","Flying Knee","Blur","Deadly Poison","RitualDagger","Slice","Poisoned Stab","Acrobatics","Distraction+1"],"relics":["Ring of the Snake","Mercury Hourglass","Tough Bandages","Snake Skull","Bronze Scales","Orichalcum","WristBlade","Anchor"],"acts_visited":["Exordium","TheCity"],"potions_floor_usage":[16,16,16,30,33,33],"damage_taken":[{"damage":0,"enemies":"Cultist","floor":1,"turns":3},{"damage":5,"enemies":"2 Louse","floor":5,"turns":2},{"damage":30,"enemies":"Gremlin Nob","floor":6,"turns":5},{"damage":11,"enemies":"Gremlin Nob","floor":8,"turns":4},{"damage":12,"enemies":"Lagavulin","floor":12,"turns":5},{"damage":2,"enemies":"Jaw Worm","floor":13,"turns":3},{"damage":11,"enemies":"Large Slime","floor":14,"turns":4},{"damage":0,"enemies":"Hexaghost","floor":16,"turns":6},{"damage":3,"enemies":"Chosen","floor":18,"turns":5},{"damage":4,"enemies":"3 Byrds","floor":20,"turns":2},{"damage":5,"enemies":"Shelled Parasite and Fungi","floor":21,"turns":6},{"damage":10,"enemies":"Centurion and Healer","floor":24,"turns":9},{"damage":0,"enemies":"Chosen and Byrds","floor":28,"turns":4},{"damage":18,"enemies":"Snecko","floor":30,"turns":4},{"damage":0,"enemies":"Snake Plant","floor":31,"turns":3},{"damage":62,"enemies":"Champ","floor":33,"turns":8}],"seed_played":"5709795887847189475","potions_obtained":[{"floor":1,"key":"GhostInAJar"},{"floor":4,"key":"Weak Potion"},{"floor":13,"key":"Strength Potion"},{"floor":16,"key":"Poison Potion"},{"floor":18,"key":"LiquidBronze"},{"floor":21,"key":"Strength Potion"}],"is_trial":false,"path_per_floor":["M","T","$","?","M","E","R","?","T","?","$","E","M","M","R","B",null,"M","$","M","M","?","R","M","R","T","$","M","?","M","M","R","B"],"character_chosen":"THE_SILENT","items_purchased":["Predator","All Out Attack","PiercingWail","Poisoned Stab","Sadistic Nature","Terror","Acrobatics","Flying Knee"],"campfire_rested":3,"item_purchase_floors":[3,3,3,11,11,19,19,19],"current_hp_per_floor":[77,77,77,77,72,42,65,54,54,43,43,31,29,18,41,41,77,74,74,70,65,59,59,49,49,49,49,49,49,31,31,54,0,0],"gold":71,"neow_bonus":"TEN_PERCENT_HP_BONUS","is_daily":false,"chose_seed":false,"campfire_upgraded":2,"win_rate":0.0,"timestamp":1609020096,"path_taken":["M","?","$","?","?","E","R","?","T","?","$","E","M","M","R","BOSS","M","$","M","M","?","R","M","R","T","$","M","?","M","?","R","BOSS"],"items_purchased_type":["Card","Card","Card","Card","Card","Card","Card","Card"],"build_version":"2020-12-22","purchased_purges":1,"victory":false,"max_hp_per_floor":[77,77,77,77,77,77,77,77,77,77,77,77,77,77,77,77,77,77,77,77,77,77,77,77,77,77,77,77,77,77,77,77,77,77],"card_choices":[{"not_picked":["PiercingWail","Infinite Blades"],"picked":"Noxious Fumes","floor":1},{"not_picked":["Noxious Fumes","Underhanded Strike"],"picked":"Flying Knee","floor":5},{"not_picked":["Flying Knee","Footwork"],"picked":"Dagger Spray","floor":6},{"not_picked":["Calculated Gamble","Quick Slash"],"picked":"Dodge and Roll","floor":8},{"not_picked":["Underhanded Strike","Riddle With Holes"],"picked":"A Thousand Cuts","floor":12},{"not_picked":["Riddle With Holes","Calculated Gamble"],"picked":"Flechettes","floor":13},{"not_picked":["Underhanded Strike","Flying Knee"],"picked":"Prepared","floor":14},{"not_picked":["Adrenaline","Malaise"],"picked":"After Image","floor":16},{"not_picked":["Dodge and Roll","Deadly Poison"],"picked":"Backflip","floor":18},{"not_picked":["Bouncing Flask","PiercingWail"],"picked":"Blur","floor":20},{"not_picked":["Dagger Throw","Predator"],"picked":"Deadly Poison","floor":21},{"not_picked":["Caltrops","Backflip"],"picked":"Slice","floor":24},{"not_picked":["Deflect","Deadly Poison"],"picked":"Poisoned Stab","floor":28},{"not_picked":["Deadly Poison","Dodge and Roll"],"picked":"Acrobatics","floor":30},{"not_picked":["Poisoned Stab","Tactician"],"picked":"Distraction+1","floor":31}],"player_experience":3048,"relics_obtained":[{"floor":2,"key":"Mercury Hourglass"},{"floor":6,"key":"Tough Bandages"},{"floor":8,"key":"Snake Skull"},{"floor":9,"key":"Bronze Scales"},{"floor":12,"key":"Orichalcum"},{"floor":26,"key":"Anchor"}],"event_choices":[{"damage_healed":0,"gold_gain":0,"player_choice":"Got Potions","damage_taken":0,"max_hp_gain":0,"max_hp_loss":0,"event_name":"Lab","floor":4,"gold_loss":0},{"damage_healed":0,"gold_gain":30,"player_choice":"Searched \u00272\u0027 times","damage_taken":0,"max_hp_gain":0,"max_hp_loss":0,"event_name":"Dead Adventurer","floor":8,"gold_loss":0},{"damage_healed":0,"gold_gain":75,"player_choice":"Gather Gold","damage_taken":11,"max_hp_gain":0,"max_hp_loss":0,"event_name":"World of Goop","floor":10,"gold_loss":0},{"damage_healed":0,"gold_gain":0,"player_choice":"Joined the Cult","damage_taken":6,"max_hp_gain":0,"max_hp_loss":0,"event_name":"Nest","floor":22,"gold_loss":0,"cards_obtained":["RitualDagger"]},{"cards_removed":["Defend_G"],"damage_healed":0,"gold_gain":0,"player_choice":"Card Removal","damage_taken":0,"max_hp_gain":0,"max_hp_loss":0,"event_name":"Wheel of Change","floor":29,"gold_loss":0}],"is_beta":false,"boss_relics":[{"not_picked":["Tiny House","Coffee Dripper"],"picked":"WristBlade"}],"items_purged_floors":[27],"is_endless":false,"potions_floor_spawned":[1,13,16,18,21],"killed_by":"Champ","ascension_level":0}}