{"host":"ixtszv54kd1m8623","time":1609017117,"event":{"mods":["Act Like it!","Aspiration","BaseMod","Beaked The Cultist","ChefMod","Colored Map","Colored Powertips","Conspire","Downfall","Gensokyo","Halation","Hermit","Hubris","Infinite Spire","Jorbs\u0027s Wanderer Trilogy","Minty Spire (QoL Compilation)","Replay The Spire","Robot Space Explorer","Shade Mod","Shop Mod","StSLib","The Blackbeard","The Bug Knight","The Cursed","The Dragon Tamer","The Marked","The Runesmith"],"gold_per_floor":[99,117,130,130,142,254,340,352,383,407,430,461,487,516,544,556,556],"floor_reached":16,"playtime":772,"items_purged":[],"score":98,"play_id":"163752c2-9bea-4612-98f0-d77c85e75686","local_time":"20201226131157","is_ascension_mode":false,"campfire_choices":[{"data":"Runesmith:Duplicate","floor":1,"key":"SMITH"}],"circlet_count":0,"master_deck":["Runesmith:Strike_RS+1","Runesmith:Strike_RS","Runesmith:Strike_RS","Runesmith:Strike_RS","Runesmith:Defend_RS","Runesmith:Defend_RS","Runesmith:Defend_RS","Runesmith:CraftFirestone+1","Runesmith:Fortify+1","Runesmith:Duplicate+1","Runesmith:EarthShield+1","Runesmith:CraftMagma+1","Runesmith:HeatedChisel","Runesmith:ShiftingStrike","Runesmith:HeatExchange","Runesmith:FieryHammer","Runesmith:CraftProtectio","Runesmith:MakeshiftArmor","Runesmith:Permafrost","Runesmith:Reinforce","Runesmith:Attraction"],"relics":["Runesmith:BrokenRuby","MawBank","infinitespire:EmpoweringShard"],"acts_visited":["Exordium"],"potions_floor_usage":[6,16,16,16],"damage_taken":[{"damage":0,"enemies":"Cultist","floor":2,"turns":3},{"damage":0,"enemies":"2 Louse","floor":3,"turns":2},{"damage":36,"enemies":"downfall:Heads","floor":6,"turns":9},{"damage":0,"enemies":"conspire:RoseBush","floor":9,"turns":2},{"damage":4,"enemies":"3 Louse","floor":10,"turns":2},{"damage":6,"enemies":"conspire:2 RoseBushes","floor":11,"turns":3},{"damage":2,"enemies":"Exordium Wildlife","floor":12,"turns":3},{"damage":0,"enemies":"3 Louse","floor":13,"turns":1},{"damage":4,"enemies":"Gremlin Gang","floor":14,"turns":3},{"damage":10,"enemies":"Lots of Slimes","floor":15,"turns":2},{"damage":4,"enemies":"downfall:Ironclad","floor":16,"turns":3}],"seed_played":"-5024043601651688880","potions_obtained":[{"floor":2,"key":"ColorlessPotion"},{"floor":9,"key":"PowerPotion"},{"floor":10,"key":"BlessingOfTheForge"},{"floor":14,"key":"Slimebound:ThreeZeroPotion"}],"is_trial":false,"path_per_floor":["R","M","M","?","?","?","T","?","M","M","M","M","M","M","M","B"],"character_chosen":"RUNESMITH_CLASS","items_purchased":[],"campfire_rested":0,"item_purchase_floors":[],"current_hp_per_floor":[63,63,63,63,63,27,27,27,27,23,17,15,15,11,1,0,0],"gold":556,"neow_bonus":"THREE_RARE_CARDS","is_daily":false,"chose_seed":false,"campfire_upgraded":1,"win_rate":0.0,"timestamp":1609017117,"path_taken":["R","M","M","?","?","?","T","?","M","?","M","M","M","M","M","BOSS"],"items_purchased_type":[],"build_version":"2020-12-22","purchased_purges":0,"victory":false,"max_hp_per_floor":[63,63,63,63,63,63,63,63,63,63,63,63,63,63,63,63,63],"card_choices":[{"not_picked":["Runesmith:CraftIndustria","Runesmith:GenerateForcefield"],"picked":"Runesmith:Duplicate","floor":0},{"not_picked":["Runesmith:Retool","Runesmith:EnergizedChisel"],"picked":"Runesmith:EarthShield","floor":2},{"not_picked":["Runesmith:Repurpose","Runesmith:CraftVitae"],"picked":"Runesmith:CraftMagma","floor":3},{"not_picked":["Runesmith:HammerThrow","Runesmith:OneForEveryone"],"picked":"Runesmith:ShiftingStrike","floor":6},{"not_picked":["Runesmith:Augment","Runesmith:StaticCage"],"picked":"Runesmith:HeatExchange","floor":9},{"not_picked":["Runesmith:ElementalConversion","Runesmith:HammerTime"],"picked":"Runesmith:FieryHammer","floor":10},{"not_picked":["Runesmith:Refine","Runesmith:Repurpose"],"picked":"Runesmith:CraftProtectio","floor":11},{"not_picked":["Runesmith:HammerThrow","Runesmith:FieryHammer"],"picked":"Runesmith:MakeshiftArmor","floor":12},{"not_picked":["Runesmith:ChiselStab","Runesmith:MakeshiftArmor"],"picked":"Runesmith:Permafrost","floor":13},{"not_picked":["Runesmith:CraftProtectio","Runesmith:EnergizedChisel"],"picked":"Runesmith:Reinforce","floor":14},{"not_picked":["Runesmith:OneForEveryone","Runesmith:ChiselStab"],"picked":"Runesmith:Attraction","floor":15}],"player_experience":142011,"relics_obtained":[{"floor":4,"key":"MawBank"},{"floor":7,"key":"infinitespire:EmpoweringShard"}],"event_choices":[],"is_beta":false,"boss_relics":[],"items_purged_floors":[],"is_endless":false,"potions_floor_spawned":[2,9,10,14],"killed_by":"downfall:Ironclad","ascension_level":0}}