{"host":"4lebci84u2l5u89t","time":1609001128,"event":{"mods":["AchievementEnabler","Aspiration","Bard","BaseMod","Beaked The Cultist","Better Altar","Better Match","Better Note","Better Sensory Stone","Better Skull","Better Third Choice","BetterRewards","CCEM","Colored Map","Conspire","GifTheSpireLib","Googly Eyes","Halation","Hermit","Highlight Path","Hubris","Jedi Mod","Jorbs\u0027s Wanderer Trilogy","Lobotomy","LobotomyExtend","Mad Scientist","Marisa????????","Mimic Mod","Minty Spire (QoL Compilation)","Permanent Neow","Replay The Spire","Shade Mod","Spicy Shops","StSLib","Stuff the Spire","The Administrix","The Mystic","Unceasing Turn Reminder"],"gold_per_floor":[120,120,132,142,157,157,168,168,200,225,239,239,272,272,272,371,371,387,387,403,416,416,416],"floor_reached":22,"playtime":1594,"items_purged":[],"score":248,"play_id":"1348d410-1529-4bbb-bb68-c1396fe65e4e","local_time":"20201226174528","is_ascension_mode":false,"campfire_choices":[],"circlet_count":0,"master_deck":["SpecialBullet","SpecialBullet","SpecialBullet","SpecialBullet","SpecialBullet","SpecialBullet","SecurityCode","RedShoes","Tough","Wellcheers","CherryBlossom","WristCuter","TrainingCode","SpecialBullet","Bloodbath","CherryBlossom","WristCuter","QueenBee","Regret_ego","Twilight","Funeral","Beak+1","GalaxyChild","Twilight"],"relics":["CogitoBucket","LetterFromLob","jedi:crownofsimplicity","Replay:Mystery Machine","SkinProphecy","CCEMRelics:GrindingGear","Calling Bell","hubris:SlimyHat","Mummified Hand","Replay:Arrowhead","Quantum Egg"],"acts_visited":["Exordium","TheCity"],"potions_floor_usage":[],"damage_taken":[{"damage":6,"enemies":"2 Louse","floor":1,"turns":2},{"damage":10,"enemies":"Small Slimes","floor":3,"turns":2},{"damage":9,"enemies":"Cultist","floor":4,"turns":3},{"damage":0,"enemies":"2 Fungi Beasts","floor":5,"turns":2},{"damage":21,"enemies":"Exordium Thugs","floor":7,"turns":3},{"damage":14,"enemies":"Looter","floor":9,"turns":5},{"damage":15,"enemies":"Gremlin Nob","floor":10,"turns":3},{"damage":29,"enemies":"Looter","floor":11,"turns":3},{"damage":22,"enemies":"Lagavulin","floor":13,"turns":4},{"damage":13,"enemies":"Fading Forest","floor":16,"turns":11},{"damage":10,"enemies":"3 Byrds","floor":18,"turns":4},{"damage":32,"enemies":"Shell Parasite","floor":20,"turns":4},{"damage":47,"enemies":"conspire:HollyBat","floor":21,"turns":4},{"damage":4,"enemies":"Centurion and Healer","floor":22,"turns":1}],"seed_played":"7770441016740656133","potions_obtained":[{"floor":5,"key":"Dexterity Potion"},{"floor":16,"key":"FearPotion"},{"floor":18,"key":"SpeedPotion"}],"is_trial":false,"path_per_floor":["M","?","M","M","M","R","M","M","MIM","E","M","$","E","$","R","B",null,"M","T","M","M","M"],"character_chosen":"Angela","items_purchased":[],"campfire_rested":0,"item_purchase_floors":[],"current_hp_per_floor":[77,77,75,74,77,77,64,64,58,52,35,35,21,21,21,26,81,79,79,54,4,0,0],"gold":416,"neow_bonus":"TEN_PERCENT_HP_BONUS","is_daily":false,"chose_seed":false,"campfire_upgraded":0,"win_rate":0.0,"timestamp":1609001128,"path_taken":["M","?","M","M","M","R","M","M","MIM","E","?","?","E","$","R","BOSS","M","?","M","M","M"],"items_purchased_type":[],"build_version":"2020-12-22","purchased_purges":0,"victory":false,"max_hp_per_floor":[77,77,77,77,77,77,77,77,77,77,77,77,79,79,79,81,81,83,83,85,89,91,91],"card_choices":[{"not_picked":["Christmas","Loneliness"],"picked":"SKIP","floor":1},{"not_picked":["Laetitia","Bloodbath"],"picked":"RedShoes","floor":3},{"not_picked":["Horn"],"picked":"Tough","floor":3},{"not_picked":["BeautyBeast","Rudolta"],"picked":"Wellcheers","floor":4},{"not_picked":["Spore"],"picked":"CherryBlossom","floor":4},{"not_picked":["InTheNameOfLoveAndHate"],"picked":"WristCuter","floor":5},{"not_picked":["ShyLook","VoidDream"],"picked":"Bloodbath","floor":7},{"not_picked":["RedEyes"],"picked":"CherryBlossom","floor":7},{"not_picked":["CUTE"],"picked":"WristCuter","floor":9},{"not_picked":["Penitence","Laetitia_ego"],"picked":"SKIP","floor":10},{"not_picked":["CrumblingArmor","UniverseFragment"],"picked":"QueenBee","floor":11},{"not_picked":["Diffraction"],"picked":"Regret_ego","floor":11},{"not_picked":["BlueScar","Penitence"],"picked":"SKIP","floor":13},{"not_picked":["Adoration"],"picked":"Twilight","floor":16},{"not_picked":["HeroicMonk","OSAHOGD"],"picked":"Funeral","floor":18},{"not_picked":["LifeForTheDareDevil"],"picked":"Beak+1","floor":18},{"not_picked":["Hornet+1","Discord"],"picked":"SKIP","floor":20},{"not_picked":["Rudolta","BeautyBeast"],"picked":"GalaxyChild","floor":21},{"not_picked":["FeatherOfHonor"],"picked":"Twilight","floor":21}],"player_experience":241381,"relics_obtained":[{"floor":1,"key":"LetterFromLob"},{"floor":9,"key":"jedi:crownofsimplicity"},{"floor":10,"key":"Replay:Mystery Machine"},{"floor":13,"key":"CCEMRelics:GrindingGear"},{"floor":17,"key":"hubris:SlimyHat"},{"floor":17,"key":"Mummified Hand"},{"floor":17,"key":"Replay:Arrowhead"},{"floor":19,"key":"Quantum Egg"}],"event_choices":[{"damage_healed":0,"gold_gain":0,"cards_transformed":["SpecialBullet"],"player_choice":"Change","damage_taken":0,"max_hp_gain":0,"max_hp_loss":0,"event_name":"Living Wall","floor":2,"gold_loss":0,"cards_obtained":["CUTE"]}],"is_beta":false,"boss_relics":[{"not_picked":["StuffTheSpire:Kangaroo","Runic Pyramid"],"picked":"Calling Bell"}],"items_purged_floors":[],"is_endless":false,"potions_floor_spawned":[5,16,18,20],"killed_by":"Centurion and Healer","ascension_level":0}}