{"host":"lix655q3qm1o3wym","time":1609019177,"event":{"mods":["Act Like it!","BaseMod","Colored Powertips","Downfall","Minty Spire (QoL Compilation)","StSLib"],"gold_per_floor":[99,110,127,127,143,163,163,73,85,85,118,28,28,28,45,45,45,45],"floor_reached":16,"playtime":1666,"items_purged":["champ:Strike"],"score":109,"play_id":"587fee76-2043-47e9-926e-b088135aea00","local_time":"20201226144617","is_ascension_mode":true,"campfire_choices":[{"data":"champ:SteelEdge","floor":1,"key":"SMITH"},{"data":"champ:Duel","floor":13,"key":"SMITH"}],"circlet_count":0,"master_deck":["champ:Strike","champ:Strike","champ:Defend","champ:Defend","champ:Defend","champ:Defend","champ:Execute","champ:Taunt","champ:SteelEdge+1","champ:FocusedGladiator","champ:PreciseThrust","champ:RageSigil","champ:CalledShot","champ:StanceDance","champ:Duel+1","champ:BladeFlurry","champ:Lariat","champ:Aggression","champ:ShieldSigil"],"relics":["champ:ChampionCrown","Pear","champ:LiftRelic","Matryoshka"],"acts_visited":["Exordium"],"potions_floor_usage":[11,14,16],"damage_taken":[{"damage":5,"enemies":"Cultist","floor":2,"turns":4},{"damage":11,"enemies":"Jaw Worm","floor":3,"turns":3},{"damage":5,"enemies":"2 Louse","floor":5,"turns":3},{"damage":26,"enemies":"Exordium Thugs","floor":6,"turns":5},{"damage":15,"enemies":"downfall:FleeingMerchant","floor":8,"turns":4},{"damage":13,"enemies":"Red Slaver","floor":9,"turns":5},{"damage":44,"enemies":"3 Sentries","floor":11,"turns":7},{"damage":0,"enemies":"downfall:FleeingMerchant","floor":12,"turns":4},{"damage":0,"enemies":"Large Slime","floor":14,"turns":1},{"damage":0,"enemies":"Blue Slaver","floor":15,"turns":4},{"damage":40,"enemies":"downfall:Watcher","floor":16,"turns":16}],"seed_played":"-8426427962269723040","potions_obtained":[{"floor":3,"key":"SmokeBomb"},{"floor":5,"key":"SpeedPotion"},{"floor":6,"key":"Fire Potion"}],"is_trial":false,"path_per_floor":["R","M","M","?","M","M","T","$","M","?","E","$","R","M","M","B"],"character_chosen":"THE_CHAMP","items_purchased":["champ:Duel"],"campfire_rested":0,"item_purchase_floors":[8],"current_hp_per_floor":[90,90,84,84,84,68,78,73,60,60,26,26,26,26,26,0,0,0],"gold":45,"neow_bonus":"ONE_RANDOM_RARE_CARD","is_daily":false,"chose_seed":false,"campfire_upgraded":2,"win_rate":0.0,"timestamp":1609019177,"path_taken":["R","M","M","?","M","M","T","?","M","?","E","$","R","M","M","BOSS"],"items_purchased_type":["Card"],"build_version":"2020-12-22","purchased_purges":1,"victory":false,"max_hp_per_floor":[90,90,90,90,90,90,100,100,100,100,100,100,100,100,100,100,100,100],"card_choices":[{"not_picked":["champ:ArenaPreparation","champ:TornadoPunch"],"picked":"champ:FocusedGladiator","floor":2},{"not_picked":["champ:EnGarde","champ:GladiatorsShout"],"picked":"champ:PreciseThrust","floor":3},{"not_picked":["champ:BringItOn","champ:EnragedBash"],"picked":"champ:CalledShot","floor":5},{"not_picked":["champ:Circumvent","champ:ShieldWall","champ:Backstep"],"picked":"SKIP","floor":6},{"not_picked":["champ:Circumvent","champ:BerserkersShout"],"picked":"champ:StanceDance","floor":8},{"not_picked":["champ:Haymaker","champ:Shatter"],"picked":"champ:BladeFlurry","floor":9},{"not_picked":["champ:RapidStrikes","champ:CheapShot"],"picked":"champ:Lariat","floor":11},{"not_picked":["champ:BringItOn","champ:PerfectedStrike"],"picked":"champ:Aggression","floor":12},{"not_picked":["champ:RageSigil","champ:Haymaker"],"picked":"champ:ShieldSigil","floor":15}],"player_experience":574756,"relics_obtained":[{"floor":7,"key":"Pear"},{"floor":11,"key":"Matryoshka"}],"event_choices":[{"damage_healed":0,"gold_gain":0,"cards_transformed":["champ:Strike"],"player_choice":"Transformed","damage_taken":0,"max_hp_gain":0,"max_hp_loss":0,"event_name":"Transmorgrifier","floor":4,"gold_loss":0,"cards_obtained":["champ:RageSigil"]}],"is_beta":false,"boss_relics":[],"items_purged_floors":[12],"is_endless":false,"potions_floor_spawned":[3,5,6,14],"killed_by":"downfall:Watcher","ascension_level":1}}