{"host":"d9m9v0h6vo0edadb","time":1609003938,"event":{"mods":["BaseMod","Hermit","Keyboard Shortcuts","Minty Spire (QoL Compilation)","StSLib","SuperFastMode","The Cursed"],"gold_per_floor":[118,49,49,26,26,59,59,95,95,95,111,135,205,239,239,369,369,394,394,415,439,364,364,364,364],"floor_reached":24,"playtime":362,"items_purged":["Shame"],"score":416,"play_id":"3d01fdde-0736-4f76-94fd-65d112f7d0ea","local_time":"20201227023218","is_ascension_mode":true,"campfire_choices":[{"data":"MentalFortress","floor":7,"key":"SMITH"},{"data":"WindmillStrike","floor":15,"key":"SMITH"},{"floor":23,"key":"REST"}],"circlet_count":0,"master_deck":["Strike_P","Strike_P","Strike_P","Defend_P","Defend_P","Defend_P","Defend_P","Eruption+1","Vigilance+1","CutThroughFate","InnerPeace","FlurryOfBlows","MentalFortress+1","WindmillStrike+1","WheelKick","Adaptation","LessonLearned","TalkToTheHand+1","FearNoEvil","TalkToTheHand"],"relics":["PureWater","NeowsBlessing","Golden Idol","Ancient Tea Set","Oddly Smooth Stone","Boot","WarpedTongs","Yang","Du-Vu Doll","VioletLotus"],"acts_visited":["Exordium","TheCity"],"potions_floor_usage":[13],"damage_taken":[{"damage":0,"enemies":"Cultist","floor":1,"turns":1},{"damage":0,"enemies":"Lagavulin","floor":6,"turns":1},{"damage":0,"enemies":"Gremlin Nob","floor":8,"turns":1},{"damage":0,"enemies":"Small Slimes","floor":11,"turns":2},{"damage":0,"enemies":"2 Louse","floor":12,"turns":1},{"damage":27,"enemies":"Lagavulin Event","floor":13,"turns":4},{"damage":0,"enemies":"Lagavulin","floor":14,"turns":4},{"damage":26,"enemies":"Hexaghost","floor":16,"turns":7},{"damage":12,"enemies":"Chosen","floor":18,"turns":3},{"damage":0,"enemies":"Spheric Guardian","floor":20,"turns":4},{"damage":29,"enemies":"Centurion and Healer","floor":21,"turns":5},{"damage":35,"enemies":"Cultist and Chosen","floor":24,"turns":4}],"seed_played":"-8615981517648869647","potions_obtained":[{"floor":12,"key":"SkillPotion"},{"floor":13,"key":"Energy Potion"},{"floor":20,"key":"BottledMiracle"},{"floor":21,"key":"LiquidMemories"}],"is_trial":false,"path_per_floor":["M","$","?","$","?","E","R","E","T","?","M","M","?","E","R","B",null,"M","?","M","M","$","R","M"],"character_chosen":"WATCHER","items_purchased":["InnerPeace","FlurryOfBlows"],"campfire_rested":1,"item_purchase_floors":[2,4],"current_hp_per_floor":[65,65,65,65,65,65,65,65,65,65,65,65,38,38,38,12,53,41,41,41,12,12,32,0,0],"gold":364,"neow_bonus":"THREE_ENEMY_KILL","is_daily":false,"chose_seed":false,"campfire_upgraded":2,"win_rate":0.0,"timestamp":1609003938,"path_taken":["M","$","?","$","?","E","R","E","T","?","M","?","?","E","R","BOSS","M","?","M","M","$","R","M"],"items_purchased_type":["Card","Card"],"build_version":"2020-12-22","purchased_purges":1,"victory":false,"max_hp_per_floor":[72,72,67,67,67,67,67,67,67,67,67,67,67,67,67,67,67,67,67,67,67,67,67,67,67],"card_choices":[{"not_picked":["SashWhip","WindmillStrike"],"picked":"CutThroughFate","floor":1},{"not_picked":["ForeignInfluence","Blasphemy"],"picked":"MentalFortress","floor":6},{"not_picked":["FlyingSleeves","Swivel"],"picked":"WindmillStrike","floor":8},{"not_picked":["Collect","EmptyBody","ThirdEye"],"picked":"SKIP","floor":11},{"not_picked":["CutThroughFate","Protect","SashWhip"],"picked":"SKIP","floor":12},{"not_picked":["BowlingBash","FollowUp"],"picked":"WheelKick","floor":13},{"not_picked":["LikeWater","BowlingBash"],"picked":"Adaptation","floor":14},{"not_picked":["Alpha","SpiritShield"],"picked":"LessonLearned","floor":16},{"not_picked":["CrushJoints","Halt"],"picked":"TalkToTheHand+1","floor":18},{"not_picked":["FlurryOfBlows","CutThroughFate"],"picked":"TalkToTheHand","floor":20},{"not_picked":["Halt","FollowUp","EmptyFist"],"picked":"SKIP","floor":21}],"player_experience":943274,"relics_obtained":[{"floor":6,"key":"Ancient Tea Set"},{"floor":8,"key":"Oddly Smooth Stone"},{"floor":9,"key":"Boot"},{"floor":13,"key":"Yang"},{"floor":14,"key":"Du-Vu Doll"}],"event_choices":[{"damage_healed":0,"gold_gain":0,"player_choice":"Lose Max HP","damage_taken":0,"relics_obtained":["Golden Idol"],"max_hp_gain":0,"max_hp_loss":5,"event_name":"Golden Idol","floor":3,"gold_loss":0},{"damage_healed":0,"gold_gain":0,"player_choice":"Grow","damage_taken":0,"max_hp_gain":0,"max_hp_loss":0,"event_name":"Living Wall","floor":5,"gold_loss":0,"cards_upgraded":["Eruption"]},{"damage_healed":0,"gold_gain":0,"player_choice":"Rummage","damage_taken":0,"relics_obtained":["WarpedTongs"],"max_hp_gain":0,"max_hp_loss":0,"event_name":"Accursed Blacksmith","floor":10,"gold_loss":0,"cards_obtained":["Pain"]},{"damage_healed":0,"gold_gain":0,"player_choice":"Searched \u00272\u0027 times","damage_taken":0,"max_hp_gain":0,"max_hp_loss":0,"event_name":"Dead Adventurer","floor":13,"gold_loss":0},{"damage_healed":0,"gold_gain":0,"cards_transformed":["Pain","Strike_P"],"player_choice":"Became Test Subject","damage_taken":0,"max_hp_gain":0,"max_hp_loss":0,"event_name":"Drug Dealer","floor":19,"gold_loss":0,"cards_obtained":["Shame","FearNoEvil"]}],"is_beta":false,"boss_relics":[{"not_picked":["Cursed Key","Busted Crown"],"picked":"VioletLotus"}],"items_purged_floors":[22],"is_endless":false,"potions_floor_spawned":[12,13,20,21],"killed_by":"Cultist and Chosen","ascension_level":9}}