{"host":"0azimyi6n3ugndj4","time":1609007457,"event":{"mods":["2.2 Compatiblity","BaseMod","Bestiary","Conspire","Curses Come First","Defuse TimeMaze Blight","Hyrulean Relics","Infinite Spire","Minty Spire (QoL Compilation)","Relic Stats","Replay The Spire","StSLib","SuperFastMode","Uncapped","¡¼?Úª?ø«¡½REMEMod"],"gold_per_floor":[159,159,309,309,259,361,105,189,214,214,52,106,106,106,106,186,186],"floor_reached":16,"playtime":226,"items_purged":["Doubt"],"score":258,"play_id":"5bab2c44-058f-436a-9d73-d29979063c7a","local_time":"20201227033057","daily_mods":["Shiny","Vintage","ControlledChaos","Diverse","Colorless Cards","Heirloom","Time Dilation","Flight","Binary","Elite Swarm","Lethality","Midas","Night Terrors","Binary"],"is_ascension_mode":true,"campfire_choices":[{"floor":15,"key":"REST"}],"circlet_count":0,"master_deck":["AscendersBane","Brilliance","Devotion","Replay:AllIn","LessonLearned","Vault","Alpha","Establishment","REME_WorshipGod","Replay:LoomingThreat","DeusExMachina+1","Judgement","ConjureBlade","REME_EmptyShield","MasterReality","Blasphemy","Ragnarok","REME_CRH","Scrawl","Wish","Omniscience","SpiritShield","DevaForm","Hyperbeam","REME_ForAll","Machine Learning","Buffer","Mirror Shield","Seek","Echo Form","All For One","Reboot","Fission","Core Surge","Multi-Cast","Thunder Strike","Biased Cognition","REME_Shoggoth","Electrodynamics","ReplayRNGCard","ReplayTheSpireMod:Omega Cannon","Rainbow","Meteor Strike","ReplayTheSpireMod:Fabricate Wheel","Amplify","Creative AI","REME_ShadowForm","ReplayTheSpireMod:Necrosis","Corpse Explosion","Die Die Die","Atom Bomb","ReplayTheSpireMod:From All Sides","Adrenaline","Envenom","Doppelganger","Burst","Wraith Form v2","REME_SpectralBlade","Tools of the Trade","REME_CopyPotion","After Image","Poison Darts","A Thousand Cuts","Venomology","Replay:Bag of Tricks","Malaise","Phantasmal Killer","Night Terror","infinitespire:Neurotoxin","Unload","REME_GrazeFinale","Bullet Time","Storm of Steel","Glass Knife","Grand Finale","Double Tap","Demon Form","REME_ACTH","Fiend Fire","Eclipse","conspire:Purge","Berserk","Impervious","Juggernaut","Brutality","Demonic Infusion","conspire:HitWhereItHurts","Exhume","Offering","REME_Fury","Bludgeon","Feed","Replay:Many Hands","Limit Break","Corruption","Barricade","Hemogenesis","REME_TheLastStrike","Reaper","Immolate","Thinking Ahead","Metamorphosis","Master of Strategy","Magnetism","REME_HeartOfCthun","Chrysalis","Mayhem","REME_PuzzleBox","Secret Weapon","Midas Touch","ReplayTheSpireMod:Brewmster","REME_AllRoundStrike","Poisoned Strike","REME_MawOfCthun","REME_EyeOfCthun","REME_WheelOfFate","Sadistic Nature","Replay:Dark Deal","REME_Flogging","ReplayUltimateDefense","Transmutation","REME_BattleFury","HandOfGreed","ReplayTheSpireMod:Necrogeddon","Apotheosis","Panache","Violence","Secret Technique","REME_BodyOfCthun","The Bomb","Crow Ritual","REME_BuildACard","REME_ProfessionalPlagiarism","Atom Bomb","ReplayTheSpireMod:??????????????????????","conspire:SpireCoStock","FlyingSleeves","Streamline","Coolheaded+1","Protect","Metallicize","REME_EyeOfCthun","Swift Strike"],"relics":["Ornamental Fan","BargainBundle","Bronze Scales","The Specimen","Ooze Armor","Cracked Core","Singing Bowl","infinitespire:Chaos","zeldaRelics:CourageTriforce","MealTicket","Boot"],"acts_visited":["Exordium"],"potions_floor_usage":[12,16],"damage_taken":[{"damage":0,"enemies":"Small Slimes","floor":1,"turns":2},{"damage":21,"enemies":"Lagavulin","floor":6,"turns":3},{"damage":32,"enemies":"3 Sentries","floor":8,"turns":5},{"damage":10,"enemies":"Jaw Worm","floor":12,"turns":2},{"damage":73,"enemies":"Hexaghost","floor":16,"turns":5}],"seed_played":"4887910525927299393","potions_obtained":[{"floor":1,"key":"Fire Potion"},{"floor":6,"key":"SteroidPotion"}],"is_trial":true,"path_per_floor":["M","?","?","T","?","E","$","E","T","T","$","M","?","?","R","B"],"character_chosen":"IRONCLAD","items_purchased":["infinitespire:Chaos","FlyingSleeves","Streamline","Coolheaded+1","Protect","Metallicize","REME_EyeOfCthun","Swift Strike","Fire Potion","MealTicket"],"campfire_rested":1,"item_purchase_floors":[7,7,7,7,7,7,7,7,7,11],"current_hp_per_floor":[74,57,57,57,57,42,42,12,12,12,12,2,2,2,72,0,0],"gold":186,"neow_bonus":"","is_daily":false,"chose_seed":false,"campfire_upgraded":0,"win_rate":0.0,"timestamp":1609007457,"path_taken":["M","?","?","?","?","E","?","E","T","?","$","?","?","?","R","BOSS"],"items_purchased_type":["Relic","Card","Card","Card","Card","Card","Card","Card","Potion","Relic"],"build_version":"2020-12-22","purchased_purges":1,"victory":false,"max_hp_per_floor":[75,75,75,75,75,75,75,77,77,77,77,77,77,77,72,72,72],"relic_stats":{"Singing Bowl":2,"counters":[5,16],"Ornamental Fan":[0],"Bronze Scales":[42],"MealTicket":0,"Boot":[0],"obtain_stats":[{"BargainBundle":7,"The Specimen":7,"Singing Bowl":7,"infinitespire:EmptyRelic":7,"PreservedInsect":1,"conspire:Boomerang":0,"Boot":12,"Burning Blood":0,"zeldaRelics:CourageTriforce":10,"Frozen Eye":0,"Busted Crown":0,"Ornamental Fan":7,"Ooze Armor":7,"Bronze Scales":7,"MealTicket":11,"zeldaRelics:CouragePiece":4,"infinitespire:Chaos":7,"Cracked Core":7,"REME_ComplimentaryCards":0},{"BargainBundle":2,"The Specimen":2,"Singing Bowl":2,"infinitespire:EmptyRelic":2,"PreservedInsect":1,"conspire:Boomerang":0,"Boot":4,"Burning Blood":0,"zeldaRelics:CourageTriforce":3,"Frozen Eye":0,"Busted Crown":0,"Ornamental Fan":2,"Ooze Armor":2,"Bronze Scales":2,"MealTicket":3,"zeldaRelics:CouragePiece":1,"infinitespire:Chaos":2,"Cracked Core":2,"REME_ComplimentaryCards":0},{"BargainBundle":5,"The Specimen":5,"Singing Bowl":5,"infinitespire:EmptyRelic":5,"PreservedInsect":2,"conspire:Boomerang":0,"Boot":12,"Burning Blood":0,"zeldaRelics:CourageTriforce":10,"Frozen Eye":0,"Busted Crown":0,"Ornamental Fan":5,"Ooze Armor":5,"Bronze Scales":5,"MealTicket":10,"zeldaRelics:CouragePiece":2,"infinitespire:Chaos":5,"Cracked Core":5,"REME_ComplimentaryCards":0}]},"card_choices":[{"not_picked":["infinitespire:SealOfDarkness+","ReplayTheSpireMod:Echoes of Time"],"picked":"ReplayTheSpireMod:??????????????????????","floor":2},{"not_picked":["Judgement","Midas Touch"],"picked":"Singing Bowl","floor":8}],"player_experience":1440797,"relics_obtained":[{"floor":1,"key":"PreservedInsect"},{"floor":4,"key":"zeldaRelics:CouragePiece"},{"floor":6,"key":"zeldaRelics:CouragePiece"},{"floor":8,"key":"zeldaRelics:CouragePiece"},{"floor":9,"key":"zeldaRelics:CouragePiece"},{"floor":10,"key":"zeldaRelics:CouragePiece"},{"floor":12,"key":"Boot"}],"event_choices":[{"damage_healed":0,"gold_gain":150,"player_choice":"AGREE","damage_taken":0,"max_hp_gain":0,"max_hp_loss":0,"event_name":"Liars Game","floor":3,"gold_loss":0,"cards_obtained":["Doubt"]},{"damage_healed":0,"gold_gain":0,"player_choice":"Invest 1","damage_taken":0,"max_hp_gain":0,"max_hp_loss":0,"event_name":"conspire:Investor","floor":5,"gold_loss":0},{"damage_healed":0,"gold_gain":0,"player_choice":"Ignored","damage_taken":0,"max_hp_gain":0,"max_hp_loss":0,"event_name":"Shining Light","floor":13,"gold_loss":0}],"is_beta":false,"boss_relics":[],"items_purged_floors":[7],"is_endless":false,"potions_floor_spawned":[1,6],"killed_by":"Hexaghost","ascension_level":20}}