{"host":"86c6vgocyjlprmyx","time":1609026277,"event":{"mods":["BaseMod","Downfall","Hermit","Minty Spire (QoL Compilation)","Quick Restart","Replay The Spire","Shade Mod","StSLib","The Cursed","The Hierophant"],"gold_per_floor":[19,39,59,59,76,101,101,126,126,138,3,15,33,48,48,147,147,157,170,2,15,31,64,64,92,92,103,103,116,116,131,131,131,131],"floor_reached":33,"playtime":3323,"items_purged":["hermit:Strike_Hermit","hermit:Strike_Hermit"],"score":305,"play_id":"f42be918-73b0-410a-8fce-6bff60de3a54","local_time":"20201227004437","is_ascension_mode":false,"campfire_choices":[{"data":"hermit:Quickdraw","floor":7,"key":"SMITH"},{"floor":15,"key":"REST"},{"floor":24,"key":"REST"},{"floor":32,"key":"DIG"}],"circlet_count":0,"master_deck":["hermit:Strike_Hermit","hermit:Defend_Hermit","hermit:Defend_Hermit","hermit:Snapshot","hermit:Covet","hermit:Deadeye","hermit:BodyArmor","hermit:Dive","hermit:HoleUp","hermit:Quickdraw+1","hermit:Misfire","hermit:Ricochet","hermit:Desperado","hermit:BlackWind","hermit:PistolWhip+1","hermit:Grudge","hermit:FromBeyond","hermit:Quickdraw","hermit:CursedWeapon","hermit:Combo","hermit:Misfire","hermit:Quickdraw+1","hermit:Glare","hermit:Dive","hermit:WideOpen+1"],"relics":["hermit:Momento","ReplayTheSpireMod:Shallot","ReplayTheSpireMod:Ninjato","InkBottle","Sozu","The Courier","Du-Vu Doll","Divine Protection","Ginger"],"acts_visited":["Exordium","TheCity"],"potions_floor_usage":[6,16,33,33],"damage_taken":[{"damage":0,"enemies":"Cultist","floor":1,"turns":3},{"damage":2,"enemies":"Small Slimes","floor":2,"turns":4},{"damage":0,"enemies":"2 Louse","floor":3,"turns":3},{"damage":9,"enemies":"2 Fungi Beasts","floor":5,"turns":4},{"damage":17,"enemies":"3 Sentries","floor":6,"turns":11},{"damage":35,"enemies":"Gremlin Nob","floor":8,"turns":6},{"damage":0,"enemies":"Red Slaver","floor":10,"turns":3},{"damage":0,"enemies":"Gremlin Gang","floor":12,"turns":3},{"damage":0,"enemies":"Exordium Thugs","floor":13,"turns":2},{"damage":0,"enemies":"2 Fungi Beasts","floor":14,"turns":2},{"damage":22,"enemies":"Slime Boss","floor":16,"turns":7},{"damage":7,"enemies":"Spheric Guardian","floor":18,"turns":3},{"damage":0,"enemies":"2 Thieves","floor":19,"turns":2},{"damage":2,"enemies":"Cultist and Chosen","floor":21,"turns":4},{"damage":4,"enemies":"Centurion and Healer","floor":22,"turns":6},{"damage":18,"enemies":"Gremlin Leader","floor":23,"turns":5},{"damage":10,"enemies":"Book of Stabbing","floor":25,"turns":4},{"damage":12,"enemies":"Sentry and Sphere","floor":27,"turns":4},{"damage":2,"enemies":"Chosen and Byrds","floor":29,"turns":5},{"damage":0,"enemies":"Centurion and Healer","floor":31,"turns":3},{"damage":74,"enemies":"Pondfish","floor":33,"turns":8}],"seed_played":"2343196022131844950","potions_obtained":[{"floor":2,"key":"LiquidMemories"},{"floor":10,"key":"ColorlessPotion"},{"floor":12,"key":"Reflective Coating"},{"floor":14,"key":"sneckomod:MuddlingPotion"}],"is_trial":false,"path_per_floor":["M","M","M","$","M","E","R","E","T","M","$","M","M","M","R","B",null,"M","M","$","M","M","E","R","E","T","M","?","M","?","M","R","B"],"character_chosen":"HERMIT","items_purchased":["hermit:PistolWhip+1","hermit:Combo"],"campfire_rested":2,"item_purchase_floors":[11,20],"current_hp_per_floor":[75,73,73,73,64,47,47,12,12,12,12,12,12,12,34,12,75,68,68,68,66,62,44,66,56,56,44,75,73,73,73,73,0,0],"gold":131,"neow_bonus":"TRANSFORM_TWO_CARDS","is_daily":false,"chose_seed":false,"campfire_upgraded":1,"win_rate":0.0,"timestamp":1609026277,"path_taken":["M","M","M","$","M","E","R","E","T","M","?","M","M","?","R","BOSS","M","M","$","M","M","E","R","E","T","M","?","?","?","M","R","BOSS"],"items_purchased_type":["Card","Card"],"build_version":"2020-12-22","purchased_purges":2,"victory":false,"max_hp_per_floor":[75,75,75,75,75,75,75,75,75,75,75,75,75,75,75,75,75,75,75,75,75,75,75,75,75,75,75,75,75,75,75,75,75,75],"card_choices":[{"not_picked":["hermit:Desperado","hermit:Manifest"],"picked":"hermit:Dive","floor":1},{"not_picked":["hermit:Vantage","hermit:Manifest"],"picked":"hermit:HoleUp","floor":2},{"not_picked":["hermit:Grudge","hermit:Cheat"],"picked":"hermit:Quickdraw","floor":3},{"not_picked":["hermit:Headshot","hermit:Feint"],"picked":"hermit:Misfire","floor":5},{"not_picked":["hermit:Roulette","hermit:SprayPray"],"picked":"hermit:Ricochet","floor":6},{"not_picked":["hermit:Manifest","hermit:CalledShot"],"picked":"hermit:Desperado","floor":8},{"not_picked":["hermit:Grudge","hermit:BodyArmor"],"picked":"hermit:BlackWind","floor":10},{"not_picked":["hermit:Ricochet","hermit:Cheat"],"picked":"hermit:Grudge","floor":12},{"not_picked":["hermit:Manifest","hermit:Cheat","hermit:Virtue"],"picked":"SKIP","floor":13},{"not_picked":["hermit:TakeCover","hermit:BodyArmor"],"picked":"hermit:Determination","floor":14},{"not_picked":["hermit:OverwhelmingPower","hermit:HighNoon"],"picked":"hermit:FromBeyond","floor":16},{"not_picked":["hermit:Grudge","hermit:Snipe"],"picked":"hermit:Quickdraw","floor":18},{"not_picked":["hermit:FullyLoaded","hermit:TrackingShot"],"picked":"hermit:CursedWeapon","floor":19},{"not_picked":["hermit:Desperado","hermit:GhostlyPresence"],"picked":"hermit:Misfire","floor":21},{"not_picked":["hermit:Dissolve","hermit:ItchyTrigger"],"picked":"hermit:Quickdraw+1","floor":22},{"not_picked":["hermit:ShadowCloak","hermit:GhostlyPresence"],"picked":"hermit:Glare","floor":23},{"not_picked":["hermit:Vantage","hermit:HoleUp"],"picked":"hermit:Dive","floor":25},{"not_picked":["hermit:ShadowCloak+1","hermit:Virtue"],"picked":"hermit:WideOpen+1","floor":27},{"not_picked":["hermit:Dive","hermit:Roulette","hermit:Virtue"],"picked":"SKIP","floor":29},{"not_picked":["hermit:Midnight","hermit:Determination","hermit:CalledShot"],"picked":"SKIP","floor":31}],"player_experience":185279,"relics_obtained":[{"floor":6,"key":"ReplayTheSpireMod:Shallot"},{"floor":8,"key":"ReplayTheSpireMod:Ninjato"},{"floor":9,"key":"InkBottle"},{"floor":23,"key":"The Courier"},{"floor":25,"key":"Du-Vu Doll"},{"floor":26,"key":"Divine Protection"},{"floor":32,"key":"Ginger"}],"event_choices":[{"cards_removed":["hermit:Determination"],"damage_healed":31,"gold_gain":0,"player_choice":"Offered Uncommon","damage_taken":0,"max_hp_gain":0,"max_hp_loss":0,"event_name":"Bonfire Elementals","floor":28,"gold_loss":0},{"cards_removed":["hermit:Defend_Hermit"],"damage_healed":0,"gold_gain":0,"player_choice":"Elegance","damage_taken":0,"max_hp_gain":0,"max_hp_loss":0,"event_name":"Back to Basics","floor":30,"gold_loss":0}],"is_beta":false,"boss_relics":[{"not_picked":["Kintsugi","Replay:Bronze Core"],"picked":"Sozu"}],"items_purged_floors":[11,20],"is_endless":false,"potions_floor_spawned":[2,10,12,14,19,21,22,29,31],"killed_by":"Pondfish","ascension_level":0}}