{"host":"vlqejv0notyktumz","time":1609006430,"event":{"mods":["AchievementEnabler","BaseMod","Googly Eyes","Minty Spire (QoL Compilation)"],"gold_per_floor":[111,111,128,128,4,35,35,69,69,69,79,79,79,89,89,185,185,198,209,20,20,36,36,51,76,76,76,76,76,76,76,76,76,76],"floor_reached":33,"playtime":729,"items_purged":["Defend_G"],"score":429,"play_id":"eda4ca47-7834-49e4-bf0c-27dcb190757e","local_time":"20201226121350","is_ascension_mode":true,"campfire_choices":[{"data":"Sucker Punch","floor":7,"key":"SMITH"},{"data":"Dodge and Roll","floor":10,"key":"SMITH"},{"data":"Backflip","floor":12,"key":"SMITH"},{"data":"Caltrops","floor":15,"key":"SMITH"},{"data":"Survivor","floor":23,"key":"SMITH"},{"floor":27,"key":"REST"},{"data":"Leg Sweep","floor":32,"key":"SMITH"}],"circlet_count":0,"master_deck":["Strike_G","Strike_G+1","Strike_G","Strike_G","Strike_G","Defend_G","Defend_G","Defend_G","Defend_G","Survivor+1","Neutralize+1","Deadly Poison","Crippling Poison","Backflip+1","Sucker Punch+1","Dodge and Roll+1","Caltrops+1","Leg Sweep+1"],"relics":["Ring of the Snake","NeowsBlessing","Pear","Bag of Marbles","Thread and Needle","StrikeDummy","Busted Crown","TwistedFunnel","MutagenicStrength","Molten Egg 2","Vajra","Ornamental Fan"],"acts_visited":["Exordium","TheCity"],"potions_floor_usage":[16,33,33,33],"damage_taken":[{"damage":0,"enemies":"Small Slimes","floor":1,"turns":1},{"damage":0,"enemies":"2 Louse","floor":3,"turns":1},{"damage":0,"enemies":"Lagavulin","floor":6,"turns":1},{"damage":23,"enemies":"Gremlin Nob","floor":8,"turns":5},{"damage":0,"enemies":"Jaw Worm","floor":11,"turns":3},{"damage":0,"enemies":"Blue Slaver","floor":14,"turns":2},{"damage":10,"enemies":"The Guardian","floor":16,"turns":12},{"damage":0,"enemies":"3 Byrds","floor":18,"turns":1},{"damage":4,"enemies":"Spheric Guardian","floor":19,"turns":5},{"damage":11,"enemies":"Cultist and Chosen","floor":22,"turns":5},{"damage":4,"enemies":"Centurion and Healer","floor":24,"turns":5},{"damage":27,"enemies":"Gremlin Leader","floor":25,"turns":8},{"damage":59,"enemies":"Champ","floor":33,"turns":7}],"seed_played":"-1416623080425437778","potions_obtained":[{"floor":1,"key":"SpeedPotion"},{"floor":8,"key":"Poison Potion"},{"floor":11,"key":"Poison Potion"},{"floor":19,"key":"DistilledChaos"}],"is_trial":false,"path_per_floor":["M","?","M","?","$","E","R","E","T","R","M","R","T","M","R","B",null,"M","M","$","?","M","R","M","E","T","R","?","?","$","?","R","B"],"character_chosen":"THE_SILENT","items_purchased":["Backflip","TwistedFunnel","Leg Sweep"],"campfire_rested":1,"item_purchase_floors":[5,20,20],"current_hp_per_floor":[63,49,49,70,70,80,80,57,57,57,57,57,57,57,57,47,72,72,68,68,68,57,57,53,26,26,50,50,50,50,50,50,0,0],"gold":76,"neow_bonus":"THREE_ENEMY_KILL","is_daily":false,"chose_seed":false,"campfire_upgraded":6,"win_rate":0.0,"timestamp":1609006430,"path_taken":["M","?","M","?","?","E","R","E","T","R","M","R","?","M","R","BOSS","M","?","$","?","M","R","M","E","T","R","?","?","$","?","R","BOSS"],"items_purchased_type":["Card","Relic","Card"],"build_version":"2020-12-22","purchased_purges":1,"victory":false,"max_hp_per_floor":[70,70,70,70,70,80,80,80,80,80,80,80,80,80,80,80,80,80,80,80,80,80,80,80,80,80,80,80,80,80,80,80,80,80],"card_choices":[{"not_picked":["Footwork","All Out Attack"],"picked":"Deadly Poison","floor":1},{"not_picked":["Finisher","Dagger Spray"],"picked":"Crippling Poison","floor":3},{"not_picked":["Storm of Steel","Caltrops"],"picked":"Sucker Punch","floor":6},{"not_picked":["Reflex","Glass Knife"],"picked":"Dodge and Roll","floor":8},{"not_picked":["Setup","Outmaneuver","Dodge and Roll"],"picked":"SKIP","floor":11},{"not_picked":["Bane","Noxious Fumes"],"picked":"Caltrops","floor":14},{"not_picked":["Predator"],"picked":"SKIP","floor":18},{"not_picked":["Dagger Throw"],"picked":"SKIP","floor":19},{"not_picked":["Sucker Punch+1"],"picked":"SKIP","floor":22},{"not_picked":["Bane"],"picked":"SKIP","floor":24},{"not_picked":["Deadly Poison"],"picked":"SKIP","floor":25}],"player_experience":279519,"relics_obtained":[{"floor":6,"key":"Pear"},{"floor":8,"key":"Bag of Marbles"},{"floor":9,"key":"Thread and Needle"},{"floor":13,"key":"StrikeDummy"},{"floor":25,"key":"Molten Egg 2"},{"floor":26,"key":"Vajra"}],"event_choices":[{"damage_healed":0,"gold_gain":0,"player_choice":"Entered Light","damage_taken":14,"max_hp_gain":0,"max_hp_loss":0,"event_name":"Shining Light","floor":2,"gold_loss":0,"cards_upgraded":["Strike_G","Neutralize"]},{"damage_healed":23,"gold_gain":0,"player_choice":"Banana","damage_taken":0,"max_hp_gain":0,"max_hp_loss":0,"event_name":"Big Fish","floor":4,"gold_loss":0},{"damage_healed":0,"gold_gain":0,"player_choice":"Inject Mutagens","damage_taken":0,"relics_obtained":["MutagenicStrength"],"max_hp_gain":0,"max_hp_loss":0,"event_name":"Drug Dealer","floor":21,"gold_loss":0},{"damage_healed":0,"gold_gain":0,"player_choice":"Ignored","damage_taken":0,"max_hp_gain":0,"max_hp_loss":0,"event_name":"Vampires","floor":28,"gold_loss":0},{"damage_healed":0,"gold_gain":0,"player_choice":"Stole Relic","damage_taken":0,"relics_obtained":["Ornamental Fan"],"max_hp_gain":0,"max_hp_loss":0,"event_name":"Addict","floor":29,"gold_loss":0,"cards_obtained":["Shame"]},{"cards_removed":["Shame"],"damage_healed":0,"gold_gain":0,"player_choice":"Elegance","damage_taken":0,"max_hp_gain":0,"max_hp_loss":0,"event_name":"Back to Basics","floor":31,"gold_loss":0}],"is_beta":false,"boss_relics":[{"not_picked":["Tiny House","Black Star"],"picked":"Busted Crown"}],"items_purged_floors":[5],"is_endless":false,"potions_floor_spawned":[1,8,11,19,22],"killed_by":"Champ","ascension_level":9}}