{"host":"nwjx7hbomubpmo86","time":1609015905,"event":{"mods":["AchievementEnabler","BaseMod","Better Note","Better Third Choice","Downfall","Hermit","Hubris","Minty Spire (QoL Compilation)","Replay The Spire","StSLib","The Blackbeard","The Necromancer","slay the spire mod where everything is the same but ironclad has a cowboy hat"],"gold_per_floor":[111,111,129,129,139,172,191,206,206,206,232,263,263,263,273,303,303,381,381,399,262,6,18,31,31,57,57,80,80,110,124,256,256,256,333,333,349,56,242,205,218,253,253,286,286,300,27,27,27,37,37,37],"floor_reached":53,"playtime":2870,"items_purged":[],"score":2203,"play_id":"7070c636-24de-4963-a0cb-ff42805d7b54","local_time":"20201226215145","is_ascension_mode":true,"campfire_choices":[{"data":"Fire Breathing","floor":10,"key":"SMITH"},{"data":"Replay:SS_hec_2","floor":25,"key":"SMITH"},{"data":"Armaments","floor":27,"key":"SMITH"},{"data":"Disarm","floor":34,"key":"SMITH"},{"data":"Apotheosis","floor":43,"key":"SMITH"},{"floor":51,"key":"DIG"}],"circlet_count":0,"master_deck":["AscendersBane","Strike_R","Strike_R","Strike_R","Defend_R+1","Defend_R","Defend_R","Defend_R+1","Bash","Trip+1","Clothesline","Metallicize","Shrug It Off+1","Cleave","Fire Breathing+1","Rage","Clash","Disarm+1","Exhume","ReplayTheSpireMod:Stacked","Dual Wield","Impervious","Armaments+1","Replay:SS_hec_2+1","Dropkick","Wild Strike","Havoc","Reaper","Second Wind","Entrench","Replay:Many Hands","Sever Soul","Spot Weakness","Apotheosis+1","Pain","Havoc","Body Slam","Disarm","Power Through","Feed","Flame Barrier","Panacea","expansioncontent:DefensiveStance","expansioncontent:DefensiveStance","Parasite","Dual Wield+1"],"relics":["Burning Blood","Pen Nib","hubris:PeanutButter","Odd Mushroom","War Paint","Anchor","hubris:Backtick","Du-Vu Doll","Bag of Preparation","Replay:Rubber Ducky","hubris:ToyBattleship","hubris:Icosahedron","Sundial","hubris:CuriousFeather","hubris:RunicObelisk","Iron Hammer","Gremlin Food","hubris:DeckOfHolding","Paper Frog","Art of War"],"acts_visited":["Exordium","TheCity","TheBeyond"],"potions_floor_usage":[6,6,8,16,30,31,35,35,41],"damage_taken":[{"damage":1,"enemies":"2 Louse","floor":1,"turns":4},{"damage":12,"enemies":"Jaw Worm","floor":3,"turns":2},{"damage":3,"enemies":"Cultist","floor":5,"turns":4},{"damage":54,"enemies":"Lagavulin","floor":6,"turns":11},{"damage":11,"enemies":"Exordium Thugs","floor":7,"turns":4},{"damage":14,"enemies":"Large Slime","floor":8,"turns":5},{"damage":5,"enemies":"The Mushroom Lair","floor":11,"turns":4},{"damage":11,"enemies":"Replay:BlueRogue","floor":12,"turns":5},{"damage":2,"enemies":"Lots of Slimes","floor":15,"turns":4},{"damage":13,"enemies":"Gremlin Nob","floor":16,"turns":4},{"damage":10,"enemies":"Fading Forest","floor":18,"turns":11},{"damage":0,"enemies":"Shell Parasite","floor":20,"turns":7},{"damage":19,"enemies":"3 Byrds","floor":23,"turns":8},{"damage":242,"enemies":"3 Cultists","floor":24,"turns":10},{"damage":0,"enemies":"Book of Stabbing","floor":26,"turns":10},{"damage":33,"enemies":"Gremlin Leader","floor":30,"turns":14},{"damage":27,"enemies":"Cultist and Chosen","floor":31,"turns":7},{"damage":0,"enemies":"Replay:Snechameleon","floor":32,"turns":11},{"damage":57,"enemies":"Pondfish","floor":35,"turns":17},{"damage":4,"enemies":"3 Darklings","floor":37,"turns":7},{"damage":18,"enemies":"3 Shapes","floor":40,"turns":5},{"damage":65,"enemies":"3 Darklings","floor":41,"turns":7},{"damage":157,"enemies":"Giant Head","floor":42,"turns":11},{"damage":35,"enemies":"Nemesis","floor":44,"turns":9},{"damage":66,"enemies":"Maw","floor":46,"turns":10},{"damage":59,"enemies":"Writhing Mass","floor":50,"turns":9},{"damage":30,"enemies":"Time Eater","floor":52,"turns":13}],"seed_played":"5758224438773753188","potions_obtained":[{"floor":1,"key":"Ancient Potion"},{"floor":5,"key":"Adrenaline Potion"},{"floor":6,"key":"Energy Potion"},{"floor":12,"key":"Swift Potion"},{"floor":26,"key":"Weak Potion"},{"floor":30,"key":"PowerPotion"},{"floor":31,"key":"champ:CounterPotion"},{"floor":33,"key":"HeartOfIron"},{"floor":40,"key":"SkillPotion"},{"floor":44,"key":"Ancient Potion"},{"floor":50,"key":"SpeedPotion"}],"is_trial":false,"path_per_floor":["M","?","M","?","M","E","M","M","T","R","?","E","PTL","PTL","M","E","R","B",null,"M","?","$","M","M","R","E","R","T","?","E","M","E","?","R","B",null,"M","$","?","M","M","E","R","E","T","M","$","?","?","M","R","B",null],"character_chosen":"IRONCLAD","items_purchased":["Replay:Rubber Ducky","Replay:SS_hec_2","Spot Weakness","Apotheosis","Paper Frog"],"campfire_rested":0,"item_purchase_floors":[22,22,38,38,47],"current_hp_per_floor":[73,73,67,67,70,22,74,66,66,66,67,62,62,62,66,59,59,55,70,75,75,75,75,75,75,75,75,75,75,75,54,60,60,60,23,62,75,75,75,75,75,75,75,75,75,75,75,75,65,79,79,79],"gold":37,"neow_bonus":"RANDOM_COLORLESS","is_daily":false,"chose_seed":false,"campfire_upgraded":5,"win_rate":0.0,"timestamp":1609015905,"path_taken":["M","?","M","?","M","E","M","M","T","R","?","E","PTL","PTL","M","E","R","BOSS","M","?","$","?","M","R","E","R","T","?","E","M","E","?","R","BOSS","M","?","?","M","M","E","R","E","T","M","$","?","?","M","R","BOSS"],"items_purchased_type":["Relic","Card","Card","Card","Relic"],"build_version":"2020-12-22","purchased_purges":0,"victory":true,"max_hp_per_floor":[75,75,75,75,75,75,75,75,75,75,75,75,75,75,75,75,75,75,75,75,75,75,75,75,75,75,75,75,75,75,75,75,75,75,75,75,75,75,75,75,75,75,75,75,75,75,75,75,75,79,79,79],"card_choices":[{"not_picked":["expansioncontent:TimeRipple","Enlightenment"],"picked":"Trip","floor":0},{"not_picked":["Heavy Blade","Intimidate"],"picked":"Clothesline","floor":1},{"not_picked":["Life Link","Evolve"],"picked":"Metallicize","floor":3},{"not_picked":["Thunderclap","Twin Strike"],"picked":"Shrug It Off","floor":5},{"not_picked":["Heavy Blade","Thunderclap"],"picked":"Cleave","floor":6},{"not_picked":["ReplayReversal","Warcry"],"picked":"Fire Breathing","floor":7},{"not_picked":["Second Wind","ReplayTheSpireMod:Strike From Hell"],"picked":"Rage","floor":8},{"not_picked":["Twin Strike","Anger"],"picked":"Clash","floor":11},{"not_picked":["Body Slam","Thunderclap"],"picked":"Disarm","floor":12},{"not_picked":["Run Through","Searing Blow"],"picked":"Exhume","floor":15},{"not_picked":["ReplayTheSpireMod:LeadingStrike","Iron Wave"],"picked":"ReplayTheSpireMod:Stacked","floor":16},{"not_picked":["hubris:StunningStrike","Replay:Many Hands"],"picked":"Impervious","floor":18},{"not_picked":["Headbutt","Intimidate"],"picked":"Armaments","floor":20},{"not_picked":["ReplayTheSpireMod:Strike From Hell","Sword Boomerang"],"picked":"Dropkick","floor":23},{"not_picked":["Sword Boomerang","hubris:ReadiedAction"],"picked":"Wild Strike","floor":24},{"not_picked":["Corruption","Iron Wave"],"picked":"Havoc","floor":26},{"not_picked":["Reckless Charge","Bludgeon"],"picked":"Reaper","floor":30},{"not_picked":["Clothesline","Perfected Strike"],"picked":"Second Wind","floor":31},{"not_picked":["Thunderclap","Burning Pact"],"picked":"Entrench","floor":32},{"not_picked":["Fiend Fire","Double Tap"],"picked":"Replay:Many Hands","floor":35},{"not_picked":["Twin Strike","Pummel"],"picked":"Sever Soul","floor":37},{"not_picked":["Bloodletting","Heavy Blade+1"],"picked":"Havoc","floor":39},{"not_picked":["Intimidate","ReplayTheSpireMod:Strike From Hell"],"picked":"Body Slam","floor":40},{"not_picked":["Abandon","Anger"],"picked":"Disarm","floor":41},{"not_picked":["Clash","Sever Soul"],"picked":"Power Through","floor":42},{"not_picked":["hubris:ReadiedAction","ReplayTheSpireMod:LeadingStrike+1"],"picked":"Feed","floor":44},{"not_picked":["Warcry+1","Twin Strike"],"picked":"Flame Barrier","floor":46},{"not_picked":["expansioncontent:FaceSlap","expansioncontent:GuardianWhirl"],"picked":"Panacea","floor":49},{"not_picked":["expansioncontent:TimeRipple","Purity"],"picked":"expansioncontent:DefensiveStance","floor":49},{"not_picked":["Replay:SS_fish_1","Secret Technique"],"picked":"expansioncontent:DefensiveStance","floor":49},{"not_picked":["Run Through","Warcry"],"picked":"Dual Wield+1","floor":50}],"player_experience":581190,"relics_obtained":[{"floor":6,"key":"Pen Nib"},{"floor":9,"key":"hubris:PeanutButter"},{"floor":11,"key":"Odd Mushroom"},{"floor":12,"key":"War Paint"},{"floor":16,"key":"Anchor"},{"floor":28,"key":"hubris:ToyBattleship"},{"floor":30,"key":"Sundial"},{"floor":32,"key":"hubris:CuriousFeather"},{"floor":42,"key":"Iron Hammer"},{"floor":44,"key":"Gremlin Food"},{"floor":45,"key":"hubris:DeckOfHolding"},{"floor":51,"key":"Art of War"}],"event_choices":[{"damage_healed":0,"gold_gain":0,"player_choice":"Grow","damage_taken":0,"max_hp_gain":0,"max_hp_loss":0,"event_name":"Living Wall","floor":2,"gold_loss":0,"cards_upgraded":["Trip"]},{"damage_healed":0,"gold_gain":0,"player_choice":"Fought Mushrooms","damage_taken":0,"max_hp_gain":0,"max_hp_loss":0,"event_name":"Mushrooms","floor":11,"gold_loss":0},{"damage_healed":0,"gold_gain":0,"player_choice":"Paid Gold","damage_taken":0,"relics_obtained":["Bag of Preparation"],"max_hp_gain":0,"max_hp_loss":0,"event_name":"WeMeetAgain","floor":21,"gold_loss":137},{"damage_healed":0,"gold_gain":0,"player_choice":"Got Potions","damage_taken":0,"max_hp_gain":0,"max_hp_loss":0,"event_name":"Lab","floor":33,"gold_loss":0},{"cards_removed":["Strike_R"],"damage_healed":0,"gold_gain":0,"player_choice":"Removed Attack","damage_taken":0,"max_hp_gain":0,"max_hp_loss":0,"event_name":"Falling","floor":48,"gold_loss":0},{"damage_healed":0,"gold_gain":0,"player_choice":"Memory 3","damage_taken":10,"max_hp_gain":0,"max_hp_loss":0,"event_name":"SensoryStone","floor":49,"gold_loss":0}],"is_beta":false,"boss_relics":[{"not_picked":["Kintsugi","Honey Jar"],"picked":"hubris:Backtick"},{"not_picked":["expansioncontent:StudyCardRelic","ReplayTheSpireMod:DimensionalGlitch"],"picked":"hubris:RunicObelisk"}],"items_purged_floors":[],"is_endless":false,"potions_floor_spawned":[1,5,6,12,26,30,31,40,44,50],"ascension_level":18}}