{"host":"uud874cul3w3k2ia","time":1609020211,"event":{"mods":["BaseMod","Block Reminder","Colored Map","Colored Powertips","Highlight Path","Infinite Spire","Minty Spire (QoL Compilation)","Permanent Neow","Quick Restart","Replay The Spire","StSLib"],"gold_per_floor":[111,122,139,139,139,167,181,181,181,201,233,233,233,253,253,354,354,369,379,392,92,92,92,127,216,216,243,263,178,192,209,209,211,211],"floor_reached":33,"playtime":2454,"items_purged":[],"score":348,"play_id":"6257752e-32ca-4a68-a0c9-f31d5d8657bd","local_time":"20201226170331","is_ascension_mode":false,"campfire_choices":[{"floor":8.0,"key":"RECALL"},{"data":"Demon Form","floor":13.0,"key":"SMITH"},{"data":"Heavy Blade","floor":13.0,"key":"SMITH"},{"floor":15.0,"key":"REST"},{"data":"ReplayTheSpireMod:Limb From Limb","floor":23.0,"key":"SMITH"},{"data":"Limit Break","floor":23.0,"key":"SMITH"},{"floor":32,"key":"DIG"}],"circlet_count":0,"master_deck":["Strike_R","Strike_R","Strike_R","Strike_R","Strike_R","Defend_R","Defend_R","Defend_R","Defend_R","Bash","Heavy Blade+1","Pummel","Demon Form+1","Flame Barrier","Limit Break+1","Ghostly Armor","ReplayTheSpireMod:Limb From Limb+1","Impervious","Infernal Blade","Burning Pact+1","infinitespire:OneForAll","Pommel Strike","Heavy Blade"],"relics":["Burning Blood","Replay:Arrowhead","FossilizedHelix","Spirit Poop","Smiling Mask","infinitespire:Satchel","Coffee Dripper","Pet Ghost","infinitespire:Midas Blood","Divine Protection","Lantern","infinitespire:Bottled Soul","infinitespire:WardingShard"],"acts_visited":["Exordium","TheCity"],"potions_floor_usage":[33],"damage_taken":[{"damage":13.0,"enemies":"Small Slimes","floor":1.0,"turns":4.0},{"damage":8.0,"enemies":"2 Louse","floor":2.0,"turns":3.0},{"damage":1.0,"enemies":"Cultist","floor":3.0,"turns":3.0},{"damage":38.0,"enemies":"3 Sentries","floor":6.0,"turns":11.0},{"damage":14.0,"enemies":"2 Fungi Beasts","floor":7.0,"turns":5.0},{"damage":4.0,"enemies":"Blue Slaver","floor":10.0,"turns":4.0},{"damage":0.0,"enemies":"Gremlin Nob","floor":11.0,"turns":3.0},{"damage":5.0,"enemies":"Red Slaver","floor":14.0,"turns":4.0},{"damage":31.0,"enemies":"Hexaghost","floor":16.0,"turns":9.0},{"damage":0.0,"enemies":"Chosen","floor":18.0,"turns":5.0},{"damage":17.0,"enemies":"Spheric Guardian","floor":19.0,"turns":4.0},{"damage":16.0,"enemies":"Snake Plant","floor":20.0,"turns":3.0},{"damage":7.0,"enemies":"Replay:Snechameleon","floor":24.0,"turns":3.0},{"damage":28.0,"enemies":"Gremlin Leader","floor":27.0,"turns":8.0},{"damage":12.0,"enemies":"3 Cultists","floor":28.0,"turns":5.0},{"damage":0.0,"enemies":"Chosen and Byrds","floor":30.0,"turns":7.0},{"damage":7,"enemies":"Snake Plant","floor":31,"turns":4},{"damage":50,"enemies":"LordOfAnnihilation","floor":33,"turns":4}],"seed_played":"-1335667282010645545","potions_obtained":[{"floor":1.0,"key":"Ancient Potion"},{"floor":2.0,"key":"AttackPotion"},{"floor":6.0,"key":"Fire Potion"},{"floor":11.0,"key":"LifebloodPotion"},{"floor":20.0,"key":"Block Potion"},{"floor":27.0,"key":"LiquidMemories"},{"floor":31,"key":"SteroidPotion"}],"is_trial":false,"path_per_floor":["M","M","M","?","?","E","M","R","T","M","E","$","R","M","R","B",null,"M","M","M","$","?","R","E","?","T","E","M","?","M","M","R_BF","B"],"character_chosen":"IRONCLAD","items_purchased":["Impervious","Pet Ghost"],"campfire_rested":1,"item_purchase_floors":[21,21],"current_hp_per_floor":[73,71,76,64,64,32,24,24,24,26,32,32,32,33,57,32,80,80,69,59,59,59,59,58,38,38,16,10,10,16,15,15,0,0],"gold":211,"neow_bonus":"RANDOM_EVENT","is_daily":false,"chose_seed":false,"campfire_upgraded":4,"win_rate":0.0,"timestamp":1609020211,"path_taken":["M","M","M","?","?","E","M","R","T","?","E","$","R","M","R","BOSS","M","M","M","$","?","R","E","?","T","E","M","?","M","M","R_BF","BOSS"],"items_purchased_type":["Card","Relic"],"build_version":"2020-12-22","purchased_purges":0,"victory":false,"max_hp_per_floor":[80,80,80,80,80,80,80,80,80,80,80,80,80,80,80,80,80,80,80,80,80,80,80,80,80,80,80,80,80,80,80,80,80,80],"card_choices":[{"not_picked":["ReplayTheSpireMod:Corrosion Curse","Clothesline"],"picked":"Heavy Blade","floor":1.0},{"not_picked":["Clothesline","Body Slam","Defy Death"],"picked":"SKIP","floor":2.0},{"not_picked":["Havoc","True Grit","Warcry"],"picked":"SKIP","floor":3.0},{"not_picked":["Intimidate","Clash"],"picked":"Pummel","floor":6.0},{"not_picked":["Infernal Blade","Clash"],"picked":"Demon Form","floor":7.0},{"not_picked":["Clash","Perfected Strike","Run Through"],"picked":"SKIP","floor":10.0},{"not_picked":["Wild Strike","ReplayTheSpireMod:Limb From Limb"],"picked":"Flame Barrier","floor":11.0},{"not_picked":["Dual Wield","Corruption","Anger"],"picked":"SKIP","floor":14.0},{"not_picked":["Demon Form","Replay:Many Hands"],"picked":"Limit Break","floor":16.0},{"not_picked":["Armaments","Twin Strike","ReplayTheSpireMod:Corrosion Curse"],"picked":"SKIP","floor":18.0},{"not_picked":["Thunderclap","Spot Weakness"],"picked":"Ghostly Armor","floor":19.0},{"not_picked":["Run Through","Wild Strike"],"picked":"ReplayTheSpireMod:Limb From Limb","floor":20.0},{"not_picked":["Body Slam","Warcry"],"picked":"Infernal Blade","floor":24.0},{"not_picked":["Second Wind","Warcry"],"picked":"Burning Pact+1","floor":25.0},{"not_picked":["Massacre","Anger+1"],"picked":"infinitespire:OneForAll","floor":25.0},{"not_picked":["ReplayTheSpireMod:Stacked","Berserk","Clothesline"],"picked":"SKIP","floor":27.0},{"not_picked":["Body Slam","Clash"],"picked":"Pommel Strike","floor":28.0},{"not_picked":["Shrug It Off","Perfected Strike+1","Warcry"],"picked":"SKIP","floor":30.0},{"not_picked":["ReplayTheSpireMod:Strike From Hell+1","Pommel Strike"],"picked":"Heavy Blade","floor":31}],"player_experience":68566,"relics_obtained":[{"floor":6.0,"key":"Smiling Mask"},{"floor":11.0,"key":"infinitespire:Satchel"},{"floor":24.0,"key":"infinitespire:Midas Blood"},{"floor":26.0,"key":"Divine Protection"},{"floor":27.0,"key":"Lantern"},{"floor":32,"key":"infinitespire:WardingShard"}],"event_choices":[{"damage_healed":0.0,"max_hp_gain":0.0,"max_hp_loss":0.0,"gold_gain":0.0,"event_name":"Big Fish","player_choice":"Box","floor":0.0,"gold_loss":0.0,"damage_taken":0.0,"relics_obtained":["Replay:Arrowhead"],"cards_obtained":["Regret"]},{"damage_healed":0.0,"max_hp_gain":0.0,"max_hp_loss":0.0,"gold_gain":0.0,"event_name":"Scrap Ooze","player_choice":"Success","floor":4.0,"gold_loss":0.0,"damage_taken":12.0,"relics_obtained":["FossilizedHelix"]},{"cards_removed":["Regret"],"damage_healed":0.0,"max_hp_gain":0.0,"max_hp_loss":0.0,"gold_gain":0.0,"event_name":"Bonfire Elementals","player_choice":"Offered Curse","floor":5.0,"gold_loss":0.0,"damage_taken":0.0,"relics_obtained":["Spirit Poop"]},{"damage_healed":0.0,"max_hp_gain":0.0,"max_hp_loss":0.0,"gold_gain":0.0,"event_name":"Addict","player_choice":"Obtained Relic","floor":29.0,"gold_loss":85.0,"damage_taken":0.0,"relics_obtained":["infinitespire:Bottled Soul"]}],"is_beta":false,"boss_relics":[{"not_picked":["Calling Bell","Replay:Wanted Poster"],"picked":"Coffee Dripper"}],"items_purged_floors":[],"is_endless":false,"potions_floor_spawned":[1,2,6,11,20,27,31],"killed_by":"LordOfAnnihilation","ascension_level":0}}