{"host":"cnluwb240fdd52tp","time":1609024195,"event":{"mods":["BaseMod","Colored Map","Minty Spire (QoL Compilation)","Rare Cards Sparkle","StSLib"],"gold_per_floor":[112,123,139,154,154,184,202,215,215,229,229,229],"floor_reached":11,"playtime":1170,"items_purged":[],"score":83,"play_id":"4ef50243-a5fe-4fcd-a9b4-883582d44129","local_time":"20201227000955","is_ascension_mode":true,"campfire_choices":[],"circlet_count":0,"master_deck":["Strike_R","Strike_R","Strike_R","Strike_R","Strike_R","Defend_R","Defend_R","Defend_R","Defend_R","Bash","Twin Strike","Pummel"],"relics":["Philosopher\u0027s Stone","Blood Vial","StoneCalendar"],"acts_visited":["Exordium"],"potions_floor_usage":[6],"damage_taken":[{"damage":0,"enemies":"Small Slimes","floor":1,"turns":4},{"damage":2,"enemies":"Jaw Worm","floor":2,"turns":4},{"damage":1,"enemies":"2 Louse","floor":3,"turns":3},{"damage":15,"enemies":"Exordium Thugs","floor":4,"turns":5},{"damage":37,"enemies":"Lagavulin","floor":6,"turns":7},{"damage":4,"enemies":"Large Slime","floor":7,"turns":6},{"damage":6,"enemies":"Blue Slaver","floor":8,"turns":4},{"damage":2,"enemies":"Exordium Thugs","floor":10,"turns":4},{"damage":24,"enemies":"Gremlin Nob","floor":11,"turns":3}],"seed_played":"7939758290327680428","potions_obtained":[{"floor":1,"key":"SpeedPotion"},{"floor":3,"key":"Block Potion"},{"floor":10,"key":"GamblersBrew"}],"is_trial":false,"path_per_floor":["M","M","M","M","$","E","M","M","T","M","E"],"character_chosen":"IRONCLAD","items_purchased":[],"campfire_rested":0,"item_purchase_floors":[],"current_hp_per_floor":[80,78,77,62,62,25,23,19,19,19,0,0],"gold":229,"neow_bonus":"BOSS_RELIC","is_daily":false,"chose_seed":false,"campfire_upgraded":0,"win_rate":0.0,"timestamp":1609024195,"path_taken":["M","M","M","M","$","E","M","M","T","M","E"],"items_purchased_type":[],"build_version":"2020-12-22","purchased_purges":0,"victory":false,"max_hp_per_floor":[80,80,80,80,80,80,80,80,80,80,80,80],"card_choices":[{"not_picked":["Metallicize","Sever Soul","Dark Embrace"],"picked":"SKIP","floor":1},{"not_picked":["Iron Wave","Feel No Pain","Wild Strike"],"picked":"SKIP","floor":2},{"not_picked":["True Grit","Cleave","Warcry"],"picked":"SKIP","floor":3},{"not_picked":["Body Slam","Fire Breathing","Dual Wield"],"picked":"SKIP","floor":4},{"not_picked":["Immolate","Wild Strike"],"picked":"Twin Strike","floor":6},{"not_picked":["Dual Wield","Flame Barrier","Wild Strike"],"picked":"SKIP","floor":7},{"not_picked":["Searing Blow","Headbutt","Wild Strike"],"picked":"SKIP","floor":8},{"not_picked":["Headbutt","Pommel Strike"],"picked":"Pummel","floor":10}],"player_experience":140658,"relics_obtained":[{"floor":6,"key":"Blood Vial"},{"floor":9,"key":"StoneCalendar"}],"event_choices":[],"is_beta":false,"boss_relics":[],"items_purged_floors":[],"is_endless":false,"potions_floor_spawned":[1,3,10],"killed_by":"Gremlin Nob","ascension_level":1}}