{"host":"a7dhdzm3fda48fos","time":1609004147,"event":{"mods":["AchievementEnabler","BaseMod","Colored Map","Gold Saver","Minty Spire (QoL Compilation)","Remove Card Discount Mod","Shop Mod","StSLib"],"gold_per_floor":[362,389,401,423,435,479,503,515,527,569,581,621,633,664,676,786,798,821,848,878,473,473,473,473,473],"floor_reached":24,"playtime":1499,"items_purged":["Glacier+1"],"score":206,"play_id":"53e00dc2-8cee-4e3d-a936-f2c612af4212","local_time":"20201226183547","is_ascension_mode":false,"campfire_choices":[{"floor":8,"key":"REST"},{"data":"Storm","floor":11,"key":"SMITH"},{"floor":13,"key":"REST"},{"data":"Lockon","floor":15,"key":"SMITH"},{"data":"Self Repair","floor":23,"key":"SMITH"}],"circlet_count":0,"master_deck":["Strike_B","Strike_B","Strike_B","Strike_B","Defend_B","Defend_B","Defend_B","Defend_B","Zap","Dualcast","Double Energy","Storm+1","Heatsinks","Auto Shields","Go for the Eyes","Lockon+1","BootSequence+1","Buffer","Force Field+1","Panache","Self Repair+1","Lockon+1"],"relics":["Cracked Core","MawBank","Vajra","Toxic Egg 2","Torii","Pen Nib","Nuclear Battery","Nunchaku"],"acts_visited":["Exordium","TheCity"],"potions_floor_usage":[6,12,12,20,24,24],"damage_taken":[{"damage":9,"enemies":"2 Louse","floor":1,"turns":3},{"damage":6,"enemies":"Cultist","floor":2,"turns":3},{"damage":3,"enemies":"Small Slimes","floor":4,"turns":4},{"damage":46,"enemies":"Lagavulin","floor":6,"turns":9},{"damage":12,"enemies":"Looter","floor":7,"turns":4},{"damage":30,"enemies":"Gremlin Nob","floor":12,"turns":4},{"damage":5,"enemies":"Lots of Slimes","floor":14,"turns":4},{"damage":35,"enemies":"Slime Boss","floor":16,"turns":13},{"damage":10,"enemies":"Spheric Guardian","floor":18,"turns":4},{"damage":34,"enemies":"3 Byrds","floor":19,"turns":7},{"damage":26,"enemies":"Shelled Parasite and Fungi","floor":20,"turns":6},{"damage":12,"enemies":"Gremlin Leader","floor":24,"turns":4}],"seed_played":"7605456102206561509","potions_obtained":[{"floor":1,"key":"FairyPotion"},{"floor":2,"key":"Weak Potion"},{"floor":5,"key":"ColorlessPotion"},{"floor":6,"key":"FearPotion"},{"floor":14,"key":"SpeedPotion"},{"floor":16,"key":"SteroidPotion"},{"floor":19,"key":"DuplicationPotion"}],"is_trial":false,"path_per_floor":["M","M","?","M","?","E","M","R","T","?","R","E","R","M","R","B",null,"M","M","M","$","?","R","E"],"character_chosen":"DEFECT","items_purchased":["Nunchaku","Panache","Self Repair"],"campfire_rested":2,"item_purchase_floors":[21,21,21],"current_hp_per_floor":[66,60,65,62,62,16,4,28,28,28,28,24,48,43,43,8,80,70,36,10,10,10,10,0,0],"gold":473,"neow_bonus":"RANDOM_COMMON_RELIC","is_daily":false,"chose_seed":false,"campfire_upgraded":3,"win_rate":0.0,"timestamp":1609004147,"path_taken":["M","M","?","M","?","E","?","R","T","?","R","E","R","M","R","BOSS","M","M","M","$","?","R","E"],"items_purchased_type":["Relic","Card","Card"],"build_version":"2020-12-22","purchased_purges":1,"victory":false,"max_hp_per_floor":[75,75,80,80,80,80,80,80,80,80,80,80,80,80,80,80,80,80,80,80,80,80,80,80,80],"card_choices":[{"not_picked":["Coolheaded","Cold Snap"],"picked":"Double Energy","floor":1},{"not_picked":["Glacier","Chill"],"picked":"Storm","floor":2},{"not_picked":["Stack","Lockon"],"picked":"Heatsinks","floor":4},{"not_picked":["Consume","Rainbow"],"picked":"Auto Shields","floor":6},{"not_picked":["Barrage","Streamline"],"picked":"Go for the Eyes","floor":7},{"not_picked":["Go for the Eyes","Reinforced Body+1"],"picked":"Lockon","floor":12},{"not_picked":["Steam+1","Cold Snap"],"picked":"BootSequence+1","floor":14},{"not_picked":["Fission+1","Reboot+1"],"picked":"Buffer","floor":16},{"not_picked":["Beam Cell","Ball Lightning","Melter"],"picked":"SKIP","floor":18},{"not_picked":["Reprogram+1","Cold Snap"],"picked":"Glacier+1","floor":19},{"not_picked":["Sweeping Beam","Steam+1"],"picked":"Force Field+1","floor":20}],"player_experience":26077,"relics_obtained":[{"floor":6,"key":"Vajra"},{"floor":9,"key":"Toxic Egg 2"},{"floor":12,"key":"Pen Nib"}],"event_choices":[{"damage_healed":0,"gold_gain":0,"player_choice":"Donut","damage_taken":0,"max_hp_gain":5,"max_hp_loss":0,"event_name":"Big Fish","floor":3,"gold_loss":0},{"damage_healed":0,"gold_gain":0,"player_choice":"Got Potions","damage_taken":0,"max_hp_gain":0,"max_hp_loss":0,"event_name":"Lab","floor":5,"gold_loss":0},{"damage_healed":0,"gold_gain":30,"player_choice":"Searched \u00272\u0027 times","damage_taken":0,"relics_obtained":["Torii"],"max_hp_gain":0,"max_hp_loss":0,"event_name":"Dead Adventurer","floor":10,"gold_loss":0},{"damage_healed":0,"gold_gain":0,"player_choice":"Copied","damage_taken":0,"max_hp_gain":0,"max_hp_loss":0,"event_name":"Duplicator","floor":22,"gold_loss":0,"cards_obtained":["Lockon"]}],"is_beta":false,"boss_relics":[{"not_picked":["FrozenCore","Fusion Hammer"],"picked":"Nuclear Battery"}],"items_purged_floors":[21],"is_endless":false,"potions_floor_spawned":[1,2,6,14,16,19],"killed_by":"Gremlin Leader","ascension_level":0}}