{"host":"iak1zw6udsaqx1iy","time":1609022709,"event":{"mods":["BaseMod","Minty Spire (QoL Compilation)","Remilia（蕾米莉亚）","Replay The Spire","StSLib","The Alterego","The Cursed","The Servant 0.9.4","WarShipGirlsR/战舰少女R mod","Youmu（魂魄妖梦）"],"gold_per_floor":[113,113,133,150,150,150,194,194,275,334,375,391,415,435,435,563,563,579,62,87,87,87,87,100,100,134,154,154,154,154],"floor_reached":29,"playtime":1212,"items_purged":[],"score":281,"play_id":"13cc3e41-b7b8-414e-b2ae-bd9188fb52f1","local_time":"20201227064509","is_ascension_mode":true,"campfire_choices":[{"data":"Bash","floor":6,"key":"SMITH"},{"floor":8,"key":"REST"},{"floor":15,"key":"RECALL"},{"data":"Inflame","floor":25,"key":"SMITH"}],"circlet_count":0,"master_deck":["Strike_R","Strike_R","Strike_R","Strike_R","Strike_R","Defend_R","Defend_R","Defend_R","Defend_R","Bash+1","Perfected Strike+1","Iron Wave","Rampage","Demon Form","Headbutt","Thunderclap","Twin Strike","Infernal Blade","Reaper","Anger+1","Flex","Inflame+1","Ghostly Armor","Run Through","Languid"],"relics":["Burning Blood","Potion Belt","Golden Idol","Blood Vial","Snack Pack","Mango","Cursed Key","ReplayTheSpireMod:Ninjato","Kunai","Bag of Preparation"],"acts_visited":["Exordium","TheCity"],"potions_floor_usage":[4,11,13,20,20,29],"damage_taken":[{"damage":1,"enemies":"Cultist","floor":1,"turns":4},{"damage":0,"enemies":"2 Louse","floor":3,"turns":3},{"damage":8,"enemies":"Small Slimes","floor":4,"turns":3},{"damage":49,"enemies":"Lagavulin","floor":7,"turns":7},{"damage":13,"enemies":"Gremlin Nob","floor":11,"turns":4},{"damage":22,"enemies":"Exordium Thugs","floor":12,"turns":4},{"damage":12,"enemies":"Gremlin Gang","floor":13,"turns":4},{"damage":0,"enemies":"2 Fungi Beasts","floor":14,"turns":2},{"damage":48,"enemies":"Slime Boss","floor":16,"turns":10},{"damage":12,"enemies":"Chosen","floor":18,"turns":3},{"damage":6,"enemies":"3 Byrds","floor":20,"turns":4},{"damage":16,"enemies":"3 Cultists","floor":24,"turns":4},{"damage":46,"enemies":"Gremlin Leader","floor":26,"turns":5},{"damage":47,"enemies":"Snake Plant","floor":27,"turns":5},{"damage":27,"enemies":"Book of Stabbing","floor":29,"turns":4}],"seed_played":"4301998291666617237","potions_obtained":[{"floor":1,"key":"SkillPotion"},{"floor":7,"key":"Cursed Concoction"},{"floor":12,"key":"Regen Potion"},{"floor":16,"key":"Adrenaline Potion"},{"floor":18,"key":"AttackPotion"},{"floor":20,"key":"BlessingOfTheForge"},{"floor":24,"key":"Doom Potion"}],"is_trial":false,"path_per_floor":["M","?","M","M","?","R","E","R","T","?","E","M","M","M","R","B",null,"M","$","M","PTL","PTL","?","M","R","E","M","T","E"],"character_chosen":"IRONCLAD","items_purchased":["ReplayTheSpireMod:Ninjato","Kunai"],"campfire_rested":1,"item_purchase_floors":[19,19],"current_hp_per_floor":[80,80,80,78,78,78,35,59,59,59,72,58,70,78,78,42,94,94,94,94,94,94,94,86,86,54,17,17,0,0],"gold":154,"neow_bonus":"RANDOM_COMMON_RELIC","is_daily":false,"chose_seed":false,"campfire_upgraded":2,"win_rate":0.0,"timestamp":1609022709,"path_taken":["M","?","?","M","?","R","E","R","T","?","E","M","M","M","R","BOSS","M","$","M","PTL","PTL","?","M","R","E","?","T","E"],"items_purchased_type":["Relic","Relic"],"build_version":"2020-12-22","purchased_purges":0,"victory":false,"max_hp_per_floor":[80,80,80,80,80,80,80,80,80,80,94,94,94,94,94,94,94,94,94,94,94,94,94,94,94,94,94,94,94,94],"card_choices":[{"not_picked":["Defy Death","Wild Strike"],"picked":"Perfected Strike","floor":1},{"not_picked":["True Grit","Sword Boomerang"],"picked":"Iron Wave","floor":3},{"not_picked":["Replay:Undeath\u0027s Touch","Metallicize"],"picked":"Rampage","floor":4},{"not_picked":["Wild Strike","Hemokinesis"],"picked":"Demon Form","floor":7},{"not_picked":["Uppercut","Sever Soul"],"picked":"Headbutt","floor":11},{"not_picked":["Fire Breathing","Twin Strike"],"picked":"Thunderclap","floor":12},{"not_picked":["Cleave","Thunderclap"],"picked":"Twin Strike","floor":13},{"not_picked":["Burning Pact","Entrench"],"picked":"Infernal Blade","floor":14},{"not_picked":["Barricade","Hemogenesis"],"picked":"Reaper","floor":16},{"not_picked":["Wild Strike","Havoc"],"picked":"Anger+1","floor":18},{"not_picked":["Metallicize","Uppercut"],"picked":"Flex","floor":20},{"not_picked":["Cleave+1","Second Wind"],"picked":"Inflame","floor":24},{"not_picked":["Clothesline","Shockwave"],"picked":"Ghostly Armor","floor":26},{"not_picked":["Thunderclap+1","Headbutt"],"picked":"Run Through","floor":27}],"player_experience":273582,"relics_obtained":[{"floor":7,"key":"Blood Vial"},{"floor":9,"key":"Snack Pack"},{"floor":11,"key":"Mango"},{"floor":26,"key":"Bag of Preparation"}],"event_choices":[{"damage_healed":0,"gold_gain":0,"player_choice":"Upgraded","damage_taken":0,"max_hp_gain":0,"max_hp_loss":0,"event_name":"Upgrade Shrine","floor":2,"gold_loss":0,"cards_upgraded":["Perfected Strike"]},{"damage_healed":0,"gold_gain":0,"player_choice":"Take Wound","damage_taken":0,"relics_obtained":["Golden Idol"],"max_hp_gain":0,"max_hp_loss":0,"event_name":"Golden Idol","floor":5,"gold_loss":0,"cards_obtained":["Injury"]},{"damage_healed":0,"gold_gain":59,"player_choice":"Gained Gold","damage_taken":0,"max_hp_gain":0,"max_hp_loss":0,"event_name":"Golden Wing","floor":10,"gold_loss":0},{"cards_removed":["Injury"],"damage_healed":0,"gold_gain":0,"player_choice":"Removed Curses","damage_taken":0,"max_hp_gain":0,"max_hp_loss":0,"event_name":"Fountain of Cleansing","floor":23,"gold_loss":0}],"is_beta":false,"boss_relics":[{"not_picked":["Black Star","Abe\u0027s Treasure"],"picked":"Cursed Key"}],"items_purged_floors":[],"is_endless":false,"potions_floor_spawned":[1,7,12,16,18,20,24],"killed_by":"Book of Stabbing","ascension_level":2}}