{"host":"diy71vlueofrnn1o","time":1609003844,"event":{"mods":["2.2 Compatiblity","AchievementEnabler","BaseMod","Best Route Mod","Colored Map","Curses Come First","DeckTracker","Minty Spire (QoL Compilation)","Quick Restart","Rare Cards Sparkle","StSLib","SuperFastMode"],"gold_per_floor":[111,61,79,91,105,105,139,139,221,240,266,266,298,312,312,417,417,436,449,47,47,63,63,90,90,117,117,137,171,171,199,199,199,199],"floor_reached":33,"playtime":3994,"items_purged":["Strike_G"],"score":490,"play_id":"7b41c4ea-3d5e-4c06-a2cb-008a0575c1da","local_time":"20201226183044","is_ascension_mode":true,"campfire_choices":[{"data":"Glass Knife","floor":6,"key":"SMITH"},{"data":"Finisher","floor":12,"key":"SMITH"},{"floor":15,"key":"REST"},{"data":"Phantasmal Killer","floor":23,"key":"SMITH"},{"data":"Footwork","floor":25,"key":"SMITH"},{"floor":27,"key":"REST"},{"data":"Footwork","floor":30,"key":"SMITH"},{"data":"Eviscerate","floor":32,"key":"SMITH"}],"circlet_count":0,"master_deck":["Strike_G","Strike_G","Strike_G","Defend_G","Defend_G","Defend_G","Defend_G","Survivor","Neutralize","Flechettes","Quick Slash","Glass Knife+1","Heel Hook","Deflect","Eviscerate+1","Poisoned Stab","Finisher+1","Flying Knee","Phantasmal Killer+1","Endless Agony+1","Sucker Punch+1","Dagger Throw","Footwork+1","Footwork+1","Injury","Backstab","Deflect+1"],"relics":["Ring of the Snake","NeowsBlessing","Du-Vu Doll","Bottled Flame","Vajra","Happy Flower","Cursed Key","Ginger","Dead Branch","Regal Pillow","PreservedInsect","Ice Cream"],"acts_visited":["Exordium","TheCity"],"potions_floor_usage":[7,10,16,33,33],"damage_taken":[{"damage":0,"enemies":"2 Louse","floor":1,"turns":1},{"damage":0,"enemies":"Cultist","floor":3,"turns":1},{"damage":0,"enemies":"Small Slimes","floor":4,"turns":1},{"damage":6,"enemies":"3 Louse","floor":5,"turns":3},{"damage":25,"enemies":"Lagavulin","floor":7,"turns":5},{"damage":0,"enemies":"2 Fungi Beasts","floor":10,"turns":2},{"damage":16,"enemies":"3 Sentries","floor":11,"turns":10},{"damage":0,"enemies":"Gremlin Nob","floor":13,"turns":2},{"damage":0,"enemies":"Large Slime","floor":14,"turns":2},{"damage":10,"enemies":"Slime Boss","floor":16,"turns":7},{"damage":7,"enemies":"Chosen","floor":18,"turns":2},{"damage":0,"enemies":"Spheric Guardian","floor":19,"turns":2},{"damage":24,"enemies":"Snake Plant","floor":22,"turns":3},{"damage":10,"enemies":"Gremlin Leader","floor":24,"turns":4},{"damage":3,"enemies":"Centurion and Healer","floor":28,"turns":4},{"damage":7,"enemies":"Slavers","floor":29,"turns":3},{"damage":3,"enemies":"Book of Stabbing","floor":31,"turns":4},{"damage":60,"enemies":"Champ","floor":33,"turns":6}],"seed_played":"3457464171140553332","potions_obtained":[{"floor":4,"key":"Energy Potion"},{"floor":5,"key":"BlessingOfTheForge"},{"floor":14,"key":"PowerPotion"},{"floor":24,"key":"SkillPotion"},{"floor":29,"key":"SkillPotion"}],"is_trial":false,"path_per_floor":["M","?","M","M","M","R","E","?","T","M","E","R","E","M","R","B",null,"M","M","$","?","M","R","E","R","T","R","M","E","R","E","R","B"],"character_chosen":"THE_SILENT","items_purchased":["Ginger","Dagger Throw"],"campfire_rested":2,"item_purchase_floors":[20,20],"current_hp_per_floor":[63,63,63,63,57,57,32,32,32,32,16,16,16,16,37,27,59,52,52,52,52,28,28,18,18,18,54,51,44,44,41,41,0,0],"gold":199,"neow_bonus":"THREE_ENEMY_KILL","is_daily":false,"chose_seed":false,"campfire_upgraded":6,"win_rate":0.0,"timestamp":1609003844,"path_taken":["M","?","M","M","M","R","E","?","T","M","E","R","E","M","R","BOSS","M","?","?","?","M","R","E","R","T","R","M","E","R","E","R","BOSS"],"items_purchased_type":["Relic","Card"],"build_version":"2020-12-22","purchased_purges":1,"victory":false,"max_hp_per_floor":[70,70,70,70,70,70,70,70,70,70,70,70,70,70,70,70,70,70,70,70,70,70,70,70,70,70,70,70,70,70,70,70,70,70],"card_choices":[{"not_picked":["Acrobatics","Cloak And Dagger"],"picked":"Flechettes","floor":1},{"not_picked":["Noxious Fumes","Deadly Poison"],"picked":"Quick Slash","floor":3},{"not_picked":["Outmaneuver","Prepared"],"picked":"Glass Knife","floor":4},{"not_picked":["Sucker Punch","Backflip"],"picked":"Heel Hook","floor":5},{"not_picked":["A Thousand Cuts","PiercingWail"],"picked":"Deflect","floor":7},{"not_picked":["Underhanded Strike","Escape Plan"],"picked":"Poisoned Stab","floor":10},{"not_picked":["Reflex","Heel Hook"],"picked":"Finisher","floor":11},{"not_picked":["Leg Sweep","Riddle With Holes","Noxious Fumes"],"picked":"SKIP","floor":13},{"not_picked":["Outmaneuver","A Thousand Cuts"],"picked":"Flying Knee","floor":14},{"not_picked":["Grand Finale","Malaise"],"picked":"Phantasmal Killer","floor":16},{"not_picked":["Dash","Catalyst"],"picked":"Endless Agony+1","floor":18},{"not_picked":["Heel Hook","Tactician"],"picked":"Sucker Punch+1","floor":19},{"not_picked":["PiercingWail","Sucker Punch"],"picked":"Footwork","floor":22},{"not_picked":["Reflex","Flying Knee","Wraith Form v2"],"picked":"SKIP","floor":24},{"not_picked":["Bane","Skewer"],"picked":"Backstab","floor":28},{"not_picked":["Poisoned Stab+1","Masterful Stab"],"picked":"Deflect+1","floor":29},{"not_picked":["Predator","All Out Attack","Outmaneuver"],"picked":"SKIP","floor":31}],"player_experience":397339,"relics_obtained":[{"floor":7,"key":"Du-Vu Doll"},{"floor":9,"key":"Bottled Flame"},{"floor":11,"key":"Vajra"},{"floor":13,"key":"Happy Flower"},{"floor":24,"key":"Dead Branch"},{"floor":26,"key":"Regal Pillow"},{"floor":29,"key":"PreservedInsect"},{"floor":31,"key":"Ice Cream"}],"event_choices":[{"cards_removed":["Strike_G"],"damage_healed":0,"gold_gain":0,"player_choice":"Card Removal","damage_taken":0,"max_hp_gain":0,"max_hp_loss":0,"event_name":"The Cleric","floor":2,"gold_loss":50},{"damage_healed":0,"gold_gain":0,"cards_transformed":["Defend_G"],"player_choice":"Transformed","damage_taken":0,"max_hp_gain":0,"max_hp_loss":0,"event_name":"Transmorgrifier","floor":8,"gold_loss":0,"cards_obtained":["Eviscerate"]},{"damage_healed":0,"gold_gain":0,"player_choice":"Read","damage_taken":0,"max_hp_gain":0,"max_hp_loss":0,"event_name":"The Library","floor":21,"gold_loss":0,"cards_obtained":["Footwork"]}],"is_beta":false,"boss_relics":[{"not_picked":["Snecko Eye","Pandora\u0027s Box"],"picked":"Cursed Key"}],"items_purged_floors":[20],"is_endless":false,"potions_floor_spawned":[4,5,14,24,29],"killed_by":"Champ","ascension_level":8}}