{"host":"0fmi5fguj5lvt8pf","time":1609024787,"event":{"mods":["BaseMod","Colored Map","Curses Come First","Downfall","Minty Spire (QoL Compilation)","Permanent Neow","StSLib","Waifu the Spire"],"gold_per_floor":[99,117,117,217,492,510,510,510,523,534,550,562,562,562,576,676,676,676,686,697,697,697,709,735,752,321,321,421,455,475,495,508,603,603,603,618,618,330,330,330,353,353,403,421,196,37,37,37,47,47,47,73,73,73,73,73,73],"floor_reached":55,"playtime":4051,"items_purged":["hexamod:Defend","hexamod:Strike"],"score":779,"play_id":"7dca50b0-34f4-4f8b-b3f5-545c0dc4610c","local_time":"20201226151947","is_ascension_mode":false,"campfire_choices":[{"data":"hexamod:Float","floor":1.0,"key":"SMITH"},{"data":"hexamod:ThermalTransfer","floor":8.0,"key":"SMITH"},{"data":"hexamod:GhostflameBarrier","floor":13.0,"key":"SMITH"},{"floor":18.0,"key":"RECALL"},{"data":"hexamod:FastForward","floor":27.0,"key":"SMITH"},{"data":"hexamod:RainOfEmbers","floor":35.0,"key":"SMITH"},{"data":"hexamod:UnlimitedPower","floor":40.0,"key":"SMITH"},{"data":"1","floor":45.0,"key":"LIFT"},{"floor":54.0,"key":"REST"}],"circlet_count":0,"master_deck":["hexamod:Strike","hexamod:Strike","hexamod:Defend","hexamod:Defend","hexamod:Sear","hexamod:Float+1","hexamod:NightmareGuise","hexamod:NightmareStrike","hexamod:FirstSeal","hexamod:ThermalTransfer+1","hexamod:NecessarySacrifice","hexamod:FastForward","hexamod:RetreatToShadows","hexamod:GhostflameBarrier+1","hexamod:FastForward+1","hexamod:SoulSteal+1","hexamod:EmpoweredFlame+1","hexamod:SpectralAdrenaline","Finesse","hexamod:SpectralSpark+1","hexamod:RainOfEmbers+1","hexamod:EmpoweredFlame+1","hexamod:SwordOfDarkness","hexamod:UnlimitedPower+1","expansioncontent:LastStand","hexamod:TimeOfNeed","hexamod:ExtraCrispy","Finesse","hexamod:FastForward+1","Sadistic Nature"],"relics":["hexamod:SpiritBrand","Mango","Empty Cage","hexamod:MatchstickCase","Matryoshka","Incense Burner","Meat on the Bone","sneckomod:BlankCard","Sozu","PreservedInsect","Girya","downfall:HeartBlessingRed","downfall:HeartBlessingGreen","downfall:HeartBlessingBlue","Torii","Bottled Flame"],"acts_visited":["Exordium","TheCity","TheBeyond","TheEnding"],"potions_floor_usage":[55],"damage_taken":[{"damage":0.0,"enemies":"Jaw Worm","floor":2.0,"turns":4.0},{"damage":3.0,"enemies":"2 Louse","floor":6.0,"turns":3.0},{"damage":2.0,"enemies":"Cultist","floor":9.0,"turns":3.0},{"damage":10.0,"enemies":"3 Louse","floor":10.0,"turns":4.0},{"damage":3.0,"enemies":"Blue Slaver","floor":11.0,"turns":3.0},{"damage":3.0,"enemies":"Large Slime","floor":12.0,"turns":4.0},{"damage":9.0,"enemies":"Red Slaver","floor":15.0,"turns":3.0},{"damage":54.0,"enemies":"downfall:Ironclad","floor":16.0,"turns":13.0},{"damage":8.0,"enemies":"Shell Parasite","floor":19.0,"turns":7.0},{"damage":0.0,"enemies":"Chosen and Byrds","floor":20.0,"turns":2.0},{"damage":6.0,"enemies":"Snecko","floor":23.0,"turns":6.0},{"damage":6.0,"enemies":"Snake Plant","floor":25.0,"turns":3.0},{"damage":6.0,"enemies":"downfall:FleeingMerchant","floor":26.0,"turns":4.0},{"damage":12.0,"enemies":"downfall:Watcher","floor":28.0,"turns":7.0},{"damage":40.0,"enemies":"Book of Stabbing","floor":29.0,"turns":7.0},{"damage":18.0,"enemies":"Shelled Parasite and Fungi","floor":30.0,"turns":5.0},{"damage":0.0,"enemies":"Snecko","floor":31.0,"turns":4.0},{"damage":10.0,"enemies":"Snake Plant","floor":32.0,"turns":3.0},{"damage":34.0,"enemies":"downfall:Silent","floor":33.0,"turns":8.0},{"damage":25.0,"enemies":"3 Darklings","floor":36.0,"turns":5.0},{"damage":0.0,"enemies":"downfall:FleeingMerchant","floor":38.0,"turns":4.0},{"damage":6.0,"enemies":"Mind Bloom Boss Battle","floor":43.0,"turns":6.0},{"damage":0.0,"enemies":"Orb Walker","floor":44.0,"turns":3.0},{"damage":6.0,"enemies":"downfall:FleeingMerchant","floor":46.0,"turns":3.0},{"damage":17.0,"enemies":"Sphere and 2 Shapes","floor":49.0,"turns":4.0},{"damage":0.0,"enemies":"downfall:Watcher","floor":50.0,"turns":6.0},{"damage":56.0,"enemies":"downfall:CharBossMerchant","floor":52.0,"turns":7.0},{"damage":105,"enemies":"downfall:NeowBoss","floor":55,"turns":16}],"seed_played":"-2464980692605509527","potions_obtained":[{"floor":6.0,"key":"GamblersBrew"},{"floor":9.0,"key":"Swift Potion"},{"floor":11.0,"key":"SmokeBomb"},{"floor":22.0,"key":"AttackPotion"},{"floor":29.0,"key":"Energy Potion"},{"floor":30.0,"key":"GamblersBrew"},{"floor":33.0,"key":"Swift Potion"}],"is_trial":false,"path_per_floor":["R","M","?","?","?","M","T","R","M","M","M","M","R","?","M","B",null,"R","M","M","?","?","M","T","M","$","R","?","E","M","M","M","B",null,"R","M","?","?","?","R","T","?","?","M","R","$","?","?","M","B",null,"E","$","R","B"],"character_chosen":"THE_SPIRIT","items_purchased":["Matryoshka","Finesse","hexamod:ExtraCrispy","Finesse","Sadistic Nature","Torii"],"campfire_rested":1,"item_purchase_floors":[26,26,38,38,46,46],"current_hp_per_floor":[70,70,63,63,63,67,81,81,84,81,84,84,84,84,82,28,84,84,83,83,83,83,84,84,78,72,72,67,46,40,52,61,39,84,84,66,61,61,61,61,61,61,62,69,79,73,73,104,87,87,104,67,67,98,0,0,0],"gold":73,"neow_bonus":"TRANSFORM_CARD","is_daily":false,"chose_seed":false,"campfire_upgraded":6,"win_rate":0.0,"timestamp":1609024787,"path_taken":["R","M","?","?","?","M","T","R","?","M","M","M","R","?","M","BOSS","R","M","M","?","?","?","T","M","?","R","?","E","M","M","M","BOSS","R","M","?","?","?","R","T","?","?","?","R","?","?","?","M","BOSS","E","$","R","BOSS"],"items_purchased_type":["Relic","Card","Card","Card","Card","Relic"],"build_version":"2020-12-22","purchased_purges":2,"victory":false,"max_hp_per_floor":[70,70,70,70,70,70,84,84,84,84,84,84,84,84,84,84,84,84,84,84,84,84,84,84,84,84,84,84,84,84,84,84,84,84,84,84,84,84,84,84,84,84,84,84,94,94,94,104,104,104,104,104,104,104,104,104,104],"card_choices":[{"not_picked":["hexamod:SwordOfDarkness","hexamod:NightmareGuise"],"picked":"hexamod:NightmareStrike","floor":2.0},{"not_picked":["hexamod:InspiringFlames","hexamod:RetreatToShadows"],"picked":"hexamod:ThermalTransfer","floor":6.0},{"not_picked":["hexamod:BurningTouch","hexamod:ThermalTransfer"],"picked":"hexamod:NecessarySacrifice","floor":9.0},{"not_picked":["hexamod:GhostLash","hexamod:Hexaguard"],"picked":"hexamod:FastForward","floor":10.0},{"not_picked":["hexamod:Toasty","hexamod:Firestarter"],"picked":"hexamod:RetreatToShadows","floor":11.0},{"not_picked":["hexamod:AdvancingGuard","hexamod:Firestarter"],"picked":"hexamod:GhostflameBarrier","floor":12.0},{"not_picked":["hexamod:Hexaguard","hexamod:PowerFromBeyond"],"picked":"hexamod:FastForward","floor":15.0},{"not_picked":["hexamod:ParanormalForm","hexamod:VolcanoVisage"],"picked":"hexamod:SearingWound","floor":16.0},{"not_picked":["hexamod:NightmareGuise","hexamod:Rewind","hexamod:SpectersWail"],"picked":"SKIP","floor":19.0},{"not_picked":["hexamod:BurningTouch","hexamod:SpectersWail+1"],"picked":"hexamod:SoulSteal+1","floor":20.0},{"not_picked":["hexamod:Again","hexamod:NightmareStrike","hexamod:SwordOfDarkness"],"picked":"SKIP","floor":23.0},{"not_picked":["hexamod:BacktrackSmack","hexamod:GhostShield+1"],"picked":"hexamod:EmpoweredFlame+1","floor":25.0},{"not_picked":["hexamod:NightmareStrike","hexamod:CrushingStance"],"picked":"hexamod:SpectralAdrenaline","floor":26.0},{"not_picked":["hexamod:Incineration+1","hexamod:SpectralAdrenaline"],"picked":"hexamod:SpectralSpark+1","floor":28.0},{"not_picked":["hexamod:BurningTouch","hexamod:Toasty"],"picked":"hexamod:RainOfEmbers","floor":29.0},{"not_picked":["hexamod:GhostLash","hexamod:ThermalTransfer"],"picked":"hexamod:EmpoweredFlame+1","floor":30.0},{"not_picked":["hexamod:DynamicBlow","hexamod:GhostflameBarrier","hexamod:GhostOfSpirePresent"],"picked":"SKIP","floor":31.0},{"not_picked":["hexamod:SpectersWail","hexamod:GhostShield"],"picked":"hexamod:SwordOfDarkness","floor":32.0},{"not_picked":["hexamod:VolcanoVisage","hexamod:GhostflameInferno"],"picked":"hexamod:UnlimitedPower","floor":33.0},{"not_picked":["hexamod:SpectersWail","hexamod:DynamicBlow","hexamod:NightmareGuise+1"],"picked":"SKIP","floor":36.0},{"not_picked":["expansioncontent:YouAreMine","expansioncontent:Chronoboost"],"picked":"expansioncontent:LastStand","floor":37.0},{"not_picked":["hexamod:Again+1","hexamod:TimeWarp"],"picked":"hexamod:TimeOfNeed","floor":38.0},{"not_picked":["hexamod:BacktrackSmack","hexamod:AdvancingGuard"],"picked":"hexamod:FastForward+1","floor":43.0},{"not_picked":["hexamod:Haunt","hexamod:HauntingEcho","hexamod:NightmareGuise+1"],"picked":"SKIP","floor":44.0},{"not_picked":["hexamod:HauntingEcho+1","hexamod:SpectralAdrenaline+1","hexamod:RetreatToShadows"],"picked":"SKIP","floor":46.0},{"not_picked":["hexamod:DynamicBlow","hexamod:GhostLash+1","hexamod:NightmareGuise"],"picked":"SKIP","floor":49.0},{"not_picked":["hexamod:FirstSeal","hexamod:SearingWound","hexamod:AdvancingGuard+1"],"picked":"SKIP","floor":52.0}],"player_experience":1239428,"relics_obtained":[{"floor":7.0,"key":"Mango"},{"floor":24.0,"key":"hexamod:MatchstickCase"},{"floor":28.0,"key":"Incense Burner"},{"floor":28.0,"key":"Meat on the Bone"},{"floor":29.0,"key":"sneckomod:BlankCard"},{"floor":41.0,"key":"PreservedInsect"},{"floor":43.0,"key":"Girya"},{"floor":52.0,"key":"Bottled Flame"}],"event_choices":[{"damage_healed":0.0,"max_hp_gain":0.0,"max_hp_loss":0.0,"gold_gain":0.0,"event_name":"Vampires","player_choice":"Ignored","floor":21.0,"gold_loss":0.0,"damage_taken":0.0},{"damage_healed":0.0,"max_hp_gain":0.0,"max_hp_loss":0.0,"gold_gain":0.0,"event_name":"Lab","player_choice":"Got Potions","floor":22.0,"gold_loss":0.0,"damage_taken":0.0},{"damage_healed":0.0,"max_hp_gain":0.0,"max_hp_loss":0.0,"gold_gain":0.0,"event_name":"Mysterious Sphere","player_choice":"Ignored","floor":39.0,"gold_loss":0.0,"damage_taken":0.0},{"cards_removed":["hexamod:SearingWound"],"damage_healed":21.0,"max_hp_gain":10.0,"max_hp_loss":0.0,"gold_gain":0.0,"event_name":"Bonfire Elementals","player_choice":"Offered Rare","floor":48.0,"gold_loss":0.0,"damage_taken":0.0}],"is_beta":false,"boss_relics":[{"not_picked":["sneckomod:SneckoTalon","Runic Pyramid"],"picked":"Empty Cage"},{"not_picked":["Fusion Hammer","Pandora\u0027s Box"],"picked":"Sozu"}],"items_purged_floors":[26,38],"is_endless":false,"potions_floor_spawned":[6,9,11,23,29,30,31,33,49],"killed_by":"downfall:NeowBoss","ascension_level":0}}