{"host":"tbhNathan","time":1609019090,"event":{"mods":["AchievementEnabler","Astrologer","BaseMod","Better Third Choice","Googly Eyes","Highlight Path","Minty Spire (QoL Compilation)","StSLib","The Hierophant"],"gold_per_floor":[112,132,132,151,164,164,164],"floor_reached":6,"playtime":1081,"items_purged":[],"score":38,"play_id":"09b703e1-a4e3-4c66-8170-bf77b8cd0a42","local_time":"20201226214450","is_ascension_mode":false,"campfire_choices":[],"circlet_count":0,"master_deck":["astrologer:Strike","astrologer:Strike","astrologer:Strike","astrologer:Strike","astrologer:Defend","astrologer:Defend","astrologer:Defend","astrologer:NorthStar","astrologer:TheFool","Forethought","astrologer:Still","astrologer:Conjunction","astrologer:Eclipse","astrologer:Strength"],"relics":["astrologer:SkyMirror"],"acts_visited":["Exordium"],"potions_floor_usage":[6,6],"damage_taken":[{"damage":2,"enemies":"Small Slimes","floor":1,"turns":4},{"damage":1,"enemies":"Jaw Worm","floor":2,"turns":4},{"damage":1,"enemies":"Cultist","floor":4,"turns":4},{"damage":0,"enemies":"Large Slime","floor":5,"turns":6},{"damage":76,"enemies":"Gremlin Nob","floor":6,"turns":5}],"seed_played":"8286990518068583670","potions_obtained":[{"floor":4,"key":"LiquidBronze"},{"floor":5,"key":"EssenceOfSteel"}],"is_trial":false,"path_per_floor":["M","M","?","M","M","E"],"character_chosen":"ASTROLOGER","items_purchased":[],"campfire_rested":0,"item_purchase_floors":[],"current_hp_per_floor":[68,67,60,59,59,0,0],"gold":164,"neow_bonus":"RANDOM_COLORLESS","is_daily":false,"chose_seed":false,"campfire_upgraded":0,"win_rate":0.0,"timestamp":1609019090,"path_taken":["M","M","?","M","M","E"],"items_purchased_type":[],"build_version":"2020-12-18","purchased_purges":0,"victory":false,"max_hp_per_floor":[70,70,70,70,70,70,70],"card_choices":[{"not_picked":["Panacea","Enlightenment"],"picked":"Forethought","floor":0},{"not_picked":["astrologer:ReadTheStars","astrologer:TheMoon"],"picked":"astrologer:Still","floor":1},{"not_picked":["astrologer:Moonlight","astrologer:Still"],"picked":"astrologer:Conjunction","floor":2},{"not_picked":["astrologer:TheMoon","astrologer:Stardust"],"picked":"astrologer:Eclipse","floor":4},{"not_picked":["astrologer:Opposition","astrologer:Judgement"],"picked":"astrologer:Strength","floor":5}],"player_experience":183636,"relics_obtained":[],"event_choices":[{"cards_removed":["astrologer:Defend"],"damage_healed":0,"gold_gain":0,"player_choice":"Card Removal","damage_taken":7,"max_hp_gain":0,"max_hp_loss":0,"event_name":"Golden Wing","floor":3,"gold_loss":0}],"is_beta":true,"boss_relics":[],"items_purged_floors":[],"is_endless":false,"potions_floor_spawned":[4,5],"killed_by":"Gremlin Nob","ascension_level":0}}