{"host":"c5slkkw8hp42e20v","time":1609023139,"event":{"mods":["AchievementEnabler","BaseMod","BetterRewards","Duelist Mod","GifTheSpireLib","Hermit","Highlight Path","Minty Spire (QoL Compilation)","StSLib","The Animator","The Hierophant","The Poker Player"],"gold_per_floor":[118,128,148,148,148,177,177,194,194,194,210,242,259,279,279,375,425,441,429,344,344,344,379,379,410,410,410,410],"floor_reached":27,"playtime":3511,"items_purged":[],"score":413,"play_id":"88722e37-0495-4e01-8d34-d9e456062978","local_time":"20201226165219","is_ascension_mode":false,"campfire_choices":[{"data":"Iron Wave","floor":7,"key":"SMITH"},{"data":"Metallicize","floor":15,"key":"SMITH"},{"floor":24,"key":"REST"}],"circlet_count":0,"master_deck":["Strike_R","Strike_R","Strike_R","Strike_R","Defend_R","Defend_R","Defend_R+1","Defend_R","Bash","Chrysalis","Clothesline","Pommel Strike","Iron Wave+1","Metallicize+1","Armaments+1","Rage","Intimidate","Feel No Pain","Berserk","Body Slam","Power Through","Demon Form","Heavy Blade","Searing Blow","Headbutt","Spot Weakness+1","Iron Wave+1","Iron Wave"],"relics":["Burning Blood","Bottled Tornado","Mercury Hourglass","HornCleat","Letter Opener","Tiny House","Toxic Egg 2","Orichalcum","Pantograph","Centennial Puzzle"],"acts_visited":["Exordium","TheCity"],"potions_floor_usage":[],"damage_taken":[{"damage":6,"enemies":"Small Slimes","floor":1,"turns":3},{"damage":7,"enemies":"2 Louse","floor":2,"turns":2},{"damage":8,"enemies":"Jaw Worm","floor":3,"turns":4},{"damage":35,"enemies":"Gremlin Nob","floor":6,"turns":6},{"damage":6,"enemies":"Exordium Thugs","floor":8,"turns":5},{"damage":5,"enemies":"Exordium Wildlife","floor":11,"turns":5},{"damage":10,"enemies":"3 Sentries","floor":12,"turns":101},{"damage":0,"enemies":"Large Slime","floor":13,"turns":5},{"damage":3,"enemies":"Red Slaver","floor":14,"turns":3},{"damage":0,"enemies":"Hexaghost","floor":16,"turns":11},{"damage":1,"enemies":"Chosen","floor":18,"turns":6},{"damage":16,"enemies":"2 Thieves","floor":19,"turns":4},{"damage":77,"enemies":"Gremlin Leader","floor":23,"turns":8},{"damage":11,"enemies":"Book of Stabbing","floor":25,"turns":6},{"damage":35,"enemies":"Slavers","floor":27,"turns":3}],"seed_played":"-8571383109880407225","potions_obtained":[{"floor":1,"key":"Fire Potion"},{"floor":2,"key":"DuplicationPotion"},{"floor":3,"key":"Weak Potion"},{"floor":17,"key":"HeartOfIron"}],"is_trial":false,"path_per_floor":["M","M","M","?","?","E","R","M","T","T","M","E","M","M","R","B",null,"M","M","?","?","?","E","R","E","T","E"],"character_chosen":"IRONCLAD","items_purchased":["Chrysalis"],"campfire_rested":1,"item_purchase_floors":[0],"current_hp_per_floor":[80,79,77,82,82,53,53,53,53,53,54,50,56,59,59,65,90,90,80,80,80,80,9,36,31,31,0,0],"gold":410,"neow_bonus":"","is_daily":false,"chose_seed":false,"campfire_upgraded":2,"win_rate":0.0,"timestamp":1609023139,"path_taken":["M","M","M","?","?","E","R","M","T","?","M","E","M","M","R","BOSS","M","M","?","?","?","E","R","E","T","E"],"items_purchased_type":["Card"],"build_version":"2020-12-22","purchased_purges":0,"victory":false,"max_hp_per_floor":[80,80,80,85,85,85,85,85,85,85,85,85,85,85,85,85,90,90,90,90,90,90,90,90,90,90,90,90],"card_choices":[{"not_picked":["Clothesline","Twin Strike"],"picked":"Iron Wave","floor":1},{"not_picked":["Reckless Charge","Sword Boomerang"],"picked":"Metallicize","floor":2},{"not_picked":["Perfected Strike","Hemokinesis"],"picked":"Armaments","floor":3},{"not_picked":["Flex","Battle Trance"],"picked":"Rage","floor":6},{"not_picked":["Flex","Dual Wield"],"picked":"Intimidate","floor":8},{"not_picked":["Perfected Strike","Fiend Fire"],"picked":"Feel No Pain","floor":11},{"not_picked":["Anger","Heavy Blade"],"picked":"Berserk","floor":12},{"not_picked":["Pommel Strike","Headbutt"],"picked":"Body Slam","floor":13},{"not_picked":["Warcry","Armaments"],"picked":"Power Through","floor":14},{"not_picked":["Berserk","Reaper"],"picked":"Demon Form","floor":16},{"not_picked":["Clothesline","Reckless Charge"],"picked":"Heavy Blade","floor":17},{"not_picked":["True Grit","Shockwave"],"picked":"Searing Blow","floor":18},{"not_picked":["Clothesline","Warcry+1"],"picked":"Headbutt","floor":19},{"not_picked":["Carnage","Bloodletting+1","Perfected Strike"],"picked":"SKIP","floor":23},{"not_picked":["Battle Trance+1","Cleave"],"picked":"Iron Wave","floor":25}],"player_experience":20726,"relics_obtained":[{"floor":6,"key":"Bottled Tornado"},{"floor":9,"key":"Mercury Hourglass"},{"floor":10,"key":"HornCleat"},{"floor":12,"key":"Letter Opener"},{"floor":23,"key":"Orichalcum"},{"floor":25,"key":"Pantograph"},{"floor":26,"key":"Centennial Puzzle"}],"event_choices":[{"damage_healed":0,"gold_gain":0,"player_choice":"Donut","damage_taken":0,"max_hp_gain":5,"max_hp_loss":0,"event_name":"Big Fish","floor":4,"gold_loss":0},{"damage_healed":0,"gold_gain":0,"player_choice":"Grow","damage_taken":0,"max_hp_gain":0,"max_hp_loss":0,"event_name":"Living Wall","floor":5,"gold_loss":0,"cards_upgraded":["Armaments"]},{"damage_healed":0,"gold_gain":0,"player_choice":"Obtained Relic","damage_taken":0,"relics_obtained":["Toxic Egg 2"],"max_hp_gain":0,"max_hp_loss":0,"event_name":"Addict","floor":20,"gold_loss":85},{"damage_healed":0,"gold_gain":0,"player_choice":"Read","damage_taken":0,"max_hp_gain":0,"max_hp_loss":0,"event_name":"The Library","floor":21,"gold_loss":0,"cards_obtained":["Spot Weakness"]},{"damage_healed":0,"gold_gain":0,"player_choice":"Copied","damage_taken":0,"max_hp_gain":0,"max_hp_loss":0,"event_name":"Duplicator","floor":22,"gold_loss":0,"cards_obtained":["Iron Wave"]}],"is_beta":false,"boss_relics":[{"not_picked":["Runic Cube","Snecko Eye"],"picked":"Tiny House"}],"items_purged_floors":[],"is_endless":false,"potions_floor_spawned":[1,2,3,8,13,18,23],"killed_by":"Slavers","ascension_level":0}}