{"host":"od099uxc49ip1k8b","time":1609016308,"event":{"mods":["AchievementEnabler","Act Like it!","BaseMod","Downfall","Friendly Minions","Gensokyo","Hermit","Highlight Path","Infinite Spire","Koishi","KomeijiMod","Marisa????????","Minty Spire (QoL Compilation)","Quick Restart","Rare Cards Sparkle","Reimu??????","Remilia??????","Replay The Spire","StSLib","Td1madao Mod","The Administrix","The Alterego","The Animator","The Cursed","The Gatherer","The Servant 0.9.4","The Wild Card","Waifu the Spire","WarShipGirlsR/????R mod","Yohane!","Yuyuko"],"gold_per_floor":[110,129,51,68,79,94,94,94,94,94,111,124,156,156,156,257,257,268,288,304,316,103,103,103,120,120,120,120,120,132,150,150,247,247,263,273,309,309,309],"floor_reached":38,"playtime":3676,"items_purged":["rmod:steelsupply"],"score":409,"play_id":"51c8cff2-f9fc-45a5-aa28-2123dbcd094e","local_time":"20201226155828","is_ascension_mode":false,"campfire_choices":[{"data":"rmod:acesubmarine","floor":7,"key":"SMITH"},{"data":"rmod:gendarmerie","floor":10,"key":"SMITH"},{"data":"rmod:unsinkable","floor":15,"key":"SMITH"},{"floor":23,"key":"REST"},{"floor":27,"key":"REST"},{"floor":29,"key":"REST"},{"data":"rmod:tearstotiara","floor":32,"key":"SMITH"}],"circlet_count":0,"master_deck":["rmod:strick","rmod:strick","rmod:strick","rmod:strick","rmod:defend","rmod:defend","rmod:defend","rmod:defend","rmod:basicallowance","rmod:maingunfire","rmod:firesupport","rmod:gendarmerie+1","rmod:acesubmarine+1","rmod:unsinkable+1","rmod:tearstotiara+1","rmod:steelsupply","rmod:ammunitionsupply","rmod:advancebysurprise","rmod:luckystar","rmod:acesubmarine","rmod:auspiciousomen","rmod:wife+1","rmod:fuelsupply+1","rmod:lastglory","rmod:overbreakdown","rmod:royalracing","rmod:royalracing","rmod:supportaircraftcarrier+1"],"relics":["rmod:firstchargereward","Pantograph","Blood Vial","KyoryuNoHagoromo","sneckomod:SneckoTalon","Bottled Flame","infinitespire:Cupcake"],"acts_visited":["Exordium","TheCity","TheBeyond"],"potions_floor_usage":[16,16,16,20,21,30,33,35,37,38],"damage_taken":[{"damage":0,"enemies":"Small Slimes","floor":1,"turns":3},{"damage":0,"enemies":"Jaw Worm","floor":2,"turns":3},{"damage":0,"enemies":"Cultist","floor":4,"turns":3},{"damage":0,"enemies":"Blue Slaver","floor":5,"turns":5},{"damage":0,"enemies":"3 Louse","floor":6,"turns":3},{"damage":0,"enemies":"Red Slaver","floor":11,"turns":4},{"damage":3,"enemies":"2 Fungi Beasts","floor":12,"turns":2},{"damage":0,"enemies":"Gremlin Nob","floor":13,"turns":3},{"damage":9,"enemies":"Fading Forest","floor":16,"turns":11},{"damage":9,"enemies":"Shell Parasite","floor":18,"turns":4},{"damage":5,"enemies":"3 Byrds","floor":19,"turns":3},{"damage":32,"enemies":"Cultist and Chosen","floor":20,"turns":7},{"damage":21,"enemies":"Sentry and Sphere","floor":21,"turns":6},{"damage":11,"enemies":"3 Cultists","floor":25,"turns":5},{"damage":2,"enemies":"Cultist and Chosen","floor":30,"turns":7},{"damage":5,"enemies":"Centurion and Healer","floor":31,"turns":4},{"damage":38,"enemies":"Automaton","floor":33,"turns":10},{"damage":12,"enemies":"3 Darklings","floor":35,"turns":4},{"damage":0,"enemies":"Orb Walker","floor":36,"turns":3},{"damage":7,"enemies":"Sphere and 2 Shapes","floor":37,"turns":4},{"damage":103,"enemies":"Orin","floor":38,"turns":7}],"seed_played":"-5100157175122331508","potions_obtained":[{"floor":1,"key":"Reflective Coating"},{"floor":4,"key":"Explosive Potion"},{"floor":12,"key":"champ:CounterPotion"},{"floor":16,"key":"PowerPotion"},{"floor":20,"key":"Adrenaline Potion"},{"floor":25,"key":"Fire Potion"},{"floor":28,"key":"FairyPotion"},{"floor":28,"key":"ZuzhouPotion:ReiMu"},{"floor":28,"key":"Guardian:BlockOnCardUsePotion"},{"floor":30,"key":"UndeadPotion"},{"floor":31,"key":"SpeedPotion"},{"floor":36,"key":"PowerPotion"},{"floor":37,"key":"ColorlessPotion"}],"is_trial":true,"path_per_floor":["M","M","$","M","M","M","R","?","T","R","M","M","E","?","R","B",null,"M","M","M","M","$","R","?","M","T","R","?","R","M","M","R","B",null,"M","M","M","?"],"character_chosen":"PRAEFECT","items_purchased":["rmod:acesubmarine","rmod:lastglory"],"campfire_rested":3,"item_purchase_floors":[3,22],"current_hp_per_floor":[75,75,75,75,75,75,75,75,75,75,75,72,72,65,65,67,75,66,63,33,14,14,36,36,27,27,49,49,71,71,68,68,37,75,63,65,60,0,0],"gold":309,"neow_bonus":"","is_daily":false,"chose_seed":false,"campfire_upgraded":4,"win_rate":0.0,"timestamp":1609016308,"path_taken":["M","M","$","M","M","M","R","?","T","R","M","M","E","?","R","BOSS","M","M","M","M","$","R","?","M","T","R","?","R","M","M","R","BOSS","M","M","M","?"],"items_purchased_type":["Card","Card"],"build_version":"2020-12-22","purchased_purges":1,"victory":false,"max_hp_per_floor":[75,75,75,75,75,75,75,75,75,75,75,75,75,75,75,75,75,75,75,75,75,75,75,75,75,75,75,75,75,75,75,75,75,75,75,75,75,75,75],"card_choices":[{"not_picked":["rmod:maintain","rmod:highspeedshooting"],"picked":"rmod:firesupport","floor":1},{"not_picked":["rmod:aggressivemary","rmod:punchline"],"picked":"rmod:gendarmerie","floor":2},{"not_picked":["rmod:overbreakdown","rmod:seals"],"picked":"rmod:unsinkable","floor":4},{"not_picked":["rmod:lonelyqueen","rmod:victimresponsibility","rmod:combined"],"picked":"SKIP","floor":5},{"not_picked":["rmod:supportescort","rmod:highspeedshooting"],"picked":"rmod:tearstotiara","floor":6},{"not_picked":["rmod:intelligenceanalysis","rmod:aluminumsupply","rmod:goodfighter"],"picked":"SKIP","floor":11},{"not_picked":["rmod:aviationdawn","rmod:overbreakdown"],"picked":"rmod:acesubmarine","floor":12},{"not_picked":["rmod:mineteam","rmod:salvage","rmod:highspeedshooting"],"picked":"SKIP","floor":13},{"not_picked":["rmod:lastglory","rmod:stealaluminum"],"picked":"rmod:auspiciousomen","floor":16},{"not_picked":["rmod:intelligenceanalysis","rmod:firesupport"],"picked":"rmod:wife+1","floor":18},{"not_picked":["rmod:circuitoustactics","rmod:launchingtorpedo"],"picked":"rmod:fuelsupply+1","floor":19},{"not_picked":["rmod:wolves","rmod:ammunitionsupply","rmod:wife"],"picked":"SKIP","floor":20},{"not_picked":["rmod:capitalist","rmod:ring","rmod:salvage"],"picked":"SKIP","floor":21},{"not_picked":["rmod:advancebysurprise","rmod:victimresponsibility"],"picked":"rmod:overbreakdown","floor":25},{"not_picked":["rmod:steelsupply","rmod:robin"],"picked":"rmod:royalracing","floor":30},{"not_picked":["rmod:fletcherpendant","rmod:intelligenceanalysis"],"picked":"rmod:royalracing","floor":31},{"not_picked":["rmod:steelsupply","rmod:generalist","rmod:expedition+1"],"picked":"SKIP","floor":35},{"not_picked":["rmod:fuelsupply+1","rmod:garrisonisland"],"picked":"rmod:supportaircraftcarrier+1","floor":36},{"not_picked":["rmod:capitalist","rmod:launchingtorpedo","rmod:ammunitionsupply"],"picked":"SKIP","floor":37}],"player_experience":136492,"relics_obtained":[{"floor":9,"key":"Pantograph"},{"floor":13,"key":"Blood Vial"},{"floor":26,"key":"Bottled Flame"}],"event_choices":[{"damage_healed":0,"gold_gain":0,"player_choice":"Success","damage_taken":7,"relics_obtained":["KyoryuNoHagoromo"],"max_hp_gain":0,"max_hp_loss":0,"event_name":"Scrap Ooze","floor":14,"gold_loss":0},{"damage_healed":0,"gold_gain":0,"player_choice":"Got Potions","damage_taken":0,"max_hp_gain":0,"max_hp_loss":0,"event_name":"Lab","floor":28,"gold_loss":0},{"damage_healed":0,"gold_gain":0,"player_choice":"Fight","damage_taken":0,"max_hp_gain":0,"max_hp_loss":0,"event_name":"OrinTheCat","floor":38,"gold_loss":0}],"is_beta":false,"boss_relics":[{"not_picked":["Velvet Choker","Fusion Hammer"],"picked":"sneckomod:SneckoTalon"},{"not_picked":["Replay:Drink Me","Runic Pyramid"],"picked":"infinitespire:Cupcake"}],"items_purged_floors":[22],"is_endless":false,"potions_floor_spawned":[1,4,6,11,12,16,20,25,30,31,36,37],"killed_by":"Orin","ascension_level":0}}