{"host":"Jedit","time":1609007241,"event":{"mods":["BaseMod","Minty Spire (QoL Compilation)","Relic Stats","StSLib"],"gold_per_floor":[17,28,41,41,6,6,33,63,87,87,98,129,147,158,158,233,233,248,0,19,19,33,59,59,73,99,44,44,61,88,104,104,177,177,190,190,12,28,48,75,75,92,92,92,92,119,0,0,0,0,0,0],"floor_reached":51,"playtime":2238,"items_purged":["Strike_G"],"score":1589,"play_id":"01b23540-62c9-4d60-9311-09ac5e769e8a","local_time":"20201226182721","is_ascension_mode":true,"campfire_choices":[{"data":"Deadly Poison","floor":6.0,"key":"SMITH"},{"data":"Unload","floor":10.0,"key":"SMITH"},{"data":"Bouncing Flask","floor":15.0,"key":"SMITH"},{"floor":24,"key":"REST"},{"data":"Catalyst","floor":32,"key":"SMITH"},{"floor":41,"key":"REST"},{"floor":44,"key":"RECALL"},{"floor":49,"key":"REST"}],"circlet_count":0,"master_deck":["AscendersBane","Strike_G","Strike_G","Strike_G","Strike_G","Defend_G","Defend_G+1","Defend_G","Defend_G","Survivor","Neutralize+1","Unload+1","Masterful Stab","Deadly Poison+1","Backstab","Backflip","Endless Agony","Bouncing Flask+1","Deflect","Dagger Spray","Venomology","PiercingWail","Cloak And Dagger","Poisoned Stab","Footwork","Acrobatics","Escape Plan","Catalyst+1","Malaise","Bullet Time","Bouncing Flask","Dodge and Roll","Well Laid Plans+1","Poisoned Stab","Crippling Poison","Dodge and Roll+1","Backflip+1","Corpse Explosion"],"relics":["Ring of the Snake","Snake Skull","Art of War","MealTicket","SacredBark","Blood Vial","StrikeDummy","Ancient Tea Set","Bag of Marbles","Strawberry","Fusion Hammer","Membership Card","Molten Egg 2","Darkstone Periapt","Meat on the Bone","Omamori"],"acts_visited":["Exordium","TheCity","TheBeyond"],"potions_floor_usage":[16,20,22,22,23,25,29,30,30,31,33,33,35,39,40,42,46,46,46,50,50,51],"damage_taken":[{"damage":0.0,"enemies":"Jaw Worm","floor":1.0,"turns":5.0},{"damage":0.0,"enemies":"2 Louse","floor":2.0,"turns":1.0},{"damage":0.0,"enemies":"Cultist","floor":3.0,"turns":3.0},{"damage":22.0,"enemies":"Lagavulin","floor":8.0,"turns":5.0},{"damage":0.0,"enemies":"Red Slaver","floor":11.0,"turns":3.0},{"damage":3.0,"enemies":"Gremlin Nob","floor":12.0,"turns":3.0},{"damage":0.0,"enemies":"3 Louse","floor":13.0,"turns":2.0},{"damage":0.0,"enemies":"Exordium Thugs","floor":14.0,"turns":2.0},{"damage":0,"enemies":"The Guardian","floor":16,"turns":7},{"damage":0,"enemies":"Chosen","floor":18,"turns":2},{"damage":0,"enemies":"2 Thieves","floor":20,"turns":3},{"damage":10,"enemies":"Shelled Parasite and Fungi","floor":22,"turns":7},{"damage":74,"enemies":"Book of Stabbing","floor":23,"turns":6},{"damage":18,"enemies":"Snecko","floor":25,"turns":4},{"damage":12,"enemies":"Snake Plant","floor":29,"turns":3},{"damage":5,"enemies":"Slavers","floor":30,"turns":7},{"damage":24,"enemies":"3 Cultists","floor":31,"turns":7},{"damage":78,"enemies":"Automaton","floor":33,"turns":11},{"damage":11,"enemies":"Orb Walker","floor":35,"turns":3},{"damage":0,"enemies":"3 Shapes","floor":38,"turns":5},{"damage":51,"enemies":"Transient","floor":39,"turns":6},{"damage":35,"enemies":"Nemesis","floor":40,"turns":7},{"damage":0,"enemies":"Jaw Worm Horde","floor":42,"turns":2},{"damage":11,"enemies":"Giant Head","floor":46,"turns":6},{"damage":67,"enemies":"Time Eater","floor":50,"turns":8},{"damage":30,"enemies":"Donu and Deca","floor":51,"turns":2}],"seed_played":"101972538103616050","potions_obtained":[{"floor":1.0,"key":"DistilledChaos"},{"floor":2.0,"key":"EssenceOfSteel"},{"floor":8.0,"key":"Ancient Potion"},{"floor":13.0,"key":"ColorlessPotion"},{"floor":16,"key":"EssenceOfSteel"},{"floor":25,"key":"FairyPotion"},{"floor":30,"key":"Regen Potion"},{"floor":38,"key":"Energy Potion"},{"floor":40,"key":"Explosive Potion"}],"is_trial":false,"path_per_floor":["M","M","M","?","?","R","T","E","T","R","M","E","M","M","R","B",null,"M","$","M","T","M","E","R","M","T","$","?","M","E","M","R","B",null,"M","?","$","M","M","E","R","M","T","R","T","E","$","$","R","B","B"],"character_chosen":"THE_SILENT","items_purchased":["Blood Vial","Acrobatics","Membership Card","Dodge and Roll","Corpse Explosion","Poison Potion"],"campfire_rested":3,"item_purchase_floors":[19,27,37,37,47,47],"current_hp_per_floor":[59,59,59,39,55,55,55,33,33,33,33,30,30,30,30,30,57,57,66,66,66,56,18,37,21,21,36,36,26,30,57,57,31,63,54,54,69,71,22,43,64,66,66,66,66,57,72,73,73,18,0,0],"gold":0,"neow_bonus":"THREE_RARE_CARDS","is_daily":false,"chose_seed":false,"campfire_upgraded":4,"win_rate":0.0,"timestamp":1609007241,"path_taken":["M","M","M","?","?","R","?","E","T","R","M","E","?","M","R","BOSS","M","$","M","?","M","E","R","M","T","$","?","?","E","?","R","BOSS","M","?","$","M","M","E","R","M","T","R","?","E","?","$","R","BOSS","BOSS"],"items_purchased_type":["Relic","Card","Relic","Card","Card","Potion"],"build_version":"2020-12-18","purchased_purges":1,"victory":false,"max_hp_per_floor":[66,66,66,66,66,66,66,66,66,66,66,66,66,66,66,66,66,66,66,66,66,66,66,66,66,66,66,66,66,73,73,73,73,73,73,73,73,73,73,73,73,73,73,73,73,73,73,73,73,73,73,73],"relic_stats":{"Blood Vial":26,"Darkstone Periapt":0,"counters":[26,120],"MealTicket":55,"Snake Skull":[137],"Art of War":[21],"obtain_stats":[{"Darkstone Periapt":43,"SacredBark":17,"Snake Skull":7,"Omamori":46,"Ancient Tea Set":23,"Blood Vial":19,"Strawberry":30,"MealTicket":12,"Molten Egg 2":40,"Fusion Hammer":34,"Art of War":8,"Bag of Marbles":26,"Membership Card":37,"StrikeDummy":21,"Ring of the Snake":0,"Meat on the Bone":45},{"Darkstone Periapt":23,"SacredBark":9,"Snake Skull":3,"Omamori":24,"Ancient Tea Set":13,"Blood Vial":10,"Strawberry":16,"MealTicket":6,"Molten Egg 2":22,"Fusion Hammer":18,"Art of War":4,"Bag of Marbles":14,"Membership Card":19,"StrikeDummy":11,"Ring of the Snake":0,"Meat on the Bone":23},{"Darkstone Periapt":104,"SacredBark":31,"Snake Skull":9,"Omamori":110,"Ancient Tea Set":49,"Blood Vial":33,"Strawberry":63,"MealTicket":20,"Molten Egg 2":102,"Fusion Hammer":81,"Art of War":14,"Bag of Marbles":53,"Membership Card":84,"StrikeDummy":36,"Ring of the Snake":0,"Meat on the Bone":104}],"Ring of the Snake":[57],"Meat on the Bone":12},"card_choices":[{"not_picked":["Wraith Form v2","Die Die Die"],"picked":"Unload","floor":0.0},{"not_picked":["Leg Sweep","Sucker Punch"],"picked":"Masterful Stab","floor":1.0},{"not_picked":["Deflect","Distraction"],"picked":"Deadly Poison","floor":2.0},{"not_picked":["Grand Finale","All Out Attack"],"picked":"Backstab","floor":3.0},{"not_picked":["Finisher","Sucker Punch"],"picked":"Backflip","floor":8.0},{"not_picked":["Sucker Punch","Dodge and Roll"],"picked":"Endless Agony","floor":11.0},{"not_picked":["Dagger Throw","Accuracy"],"picked":"Bouncing Flask","floor":12.0},{"not_picked":["Distraction","Flying Knee"],"picked":"Deflect","floor":13.0},{"not_picked":["Dagger Throw","PiercingWail"],"picked":"Dagger Spray","floor":14.0},{"not_picked":["Tools of the Trade","Die Die Die"],"picked":"Venomology","floor":16},{"not_picked":["Blade Dance","Dagger Throw","Slice"],"picked":"SKIP","floor":18},{"not_picked":["Flying Knee","Heel Hook"],"picked":"PiercingWail","floor":20},{"not_picked":["Bane","Heel Hook"],"picked":"Cloak And Dagger","floor":22},{"not_picked":["Dagger Throw","Underhanded Strike"],"picked":"Poisoned Stab","floor":23},{"not_picked":["Blade Dance","Quick Slash"],"picked":"Footwork","floor":25},{"not_picked":["Backstab","Infinite Blades"],"picked":"Escape Plan","floor":29},{"not_picked":["Bouncing Flask+1","Deflect"],"picked":"Catalyst","floor":30},{"not_picked":["Acrobatics","Poisoned Stab"],"picked":"Malaise","floor":31},{"not_picked":["Tools of the Trade","Unload"],"picked":"Bullet Time","floor":33},{"not_picked":["Quick Slash","Slice+1"],"picked":"Bouncing Flask","floor":35},{"not_picked":["Sucker Punch","Cloak And Dagger"],"picked":"Well Laid Plans+1","floor":38},{"not_picked":["Skewer","Heel Hook"],"picked":"Poisoned Stab","floor":39},{"not_picked":["Predator+1","PiercingWail+1"],"picked":"Crippling Poison","floor":40},{"not_picked":["PiercingWail","Skewer+1"],"picked":"Dodge and Roll+1","floor":42},{"not_picked":["All Out Attack+1","Bane+1"],"picked":"Backflip+1","floor":46}],"player_experience":3409966,"relics_obtained":[{"floor":7.0,"key":"Snake Skull"},{"floor":8.0,"key":"Art of War"},{"floor":12.0,"key":"MealTicket"},{"floor":21,"key":"StrikeDummy"},{"floor":23,"key":"Ancient Tea Set"},{"floor":26,"key":"Bag of Marbles"},{"floor":30,"key":"Strawberry"},{"floor":40,"key":"Molten Egg 2"},{"floor":43,"key":"Darkstone Periapt"},{"floor":45,"key":"Meat on the Bone"},{"floor":46,"key":"Omamori"}],"event_choices":[{"damage_healed":0.0,"max_hp_gain":0.0,"max_hp_loss":0.0,"gold_gain":0.0,"event_name":"Shining Light","player_choice":"Entered Light","floor":4.0,"gold_loss":0.0,"damage_taken":20.0,"cards_upgraded":["Defend_G","Neutralize"]},{"damage_healed":16.0,"max_hp_gain":0.0,"max_hp_loss":0.0,"gold_gain":0.0,"event_name":"The Cleric","player_choice":"Healed","floor":5.0,"gold_loss":35.0,"damage_taken":0.0},{"cards_removed":["Defend_G"],"damage_healed":0,"gold_gain":0,"player_choice":"Purged","damage_taken":0,"max_hp_gain":0,"max_hp_loss":0,"event_name":"Purifier","floor":28,"gold_loss":0},{"damage_healed":0,"gold_gain":0,"player_choice":"Ignored","damage_taken":0,"max_hp_gain":0,"max_hp_loss":0,"event_name":"Mysterious Sphere","floor":36,"gold_loss":0}],"is_beta":true,"boss_relics":[{"not_picked":["Runic Dome","Runic Pyramid"],"picked":"SacredBark"},{"not_picked":["Tiny House","Calling Bell"],"picked":"Fusion Hammer"}],"items_purged_floors":[19],"is_endless":false,"potions_floor_spawned":[1,2,8,13,16,25,29,30,38,40],"killed_by":"Donu and Deca","ascension_level":20}}