{"host":"uflv0e3ja7hvnij7","time":1609014789,"event":{"mods":["BaseMod","Better Altar","Better Match","Better Note","Better Sensory Stone","Better Skull","Better Third Choice","Infinite Spire","Minty Spire (QoL Compilation)","Permanent Neow","Replay The Spire","Shop Mod","StSLib"],"gold_per_floor":[118,133,153,169,169,169,181,196,196,211,211,225,150,164,164,164,164],"floor_reached":16,"playtime":824,"items_purged":["Zap"],"score":123,"play_id":"73d911d9-c357-4f14-a514-cb742d4ad84a","local_time":"20201226153309","is_ascension_mode":true,"campfire_choices":[{"data":"Rebound","floor":6,"key":"SMITH"},{"floor":15,"key":"REST"}],"circlet_count":0,"master_deck":["Strike_B","Strike_B","Strike_B","Strike_B","Defend_B","Defend_B","Defend_B","Defend_B","Rebound+1","Steam","Hologram","Steam","Streamline","Go for the Eyes","Steam","Self Repair"],"relics":["ReplayTheSpireMod:DimensionalGlitch","ReplayTheSpireMod:Lightbulb"],"acts_visited":["Exordium"],"potions_floor_usage":[8,10,16],"damage_taken":[{"damage":6,"enemies":"Cultist","floor":1,"turns":3},{"damage":8,"enemies":"Jaw Worm","floor":2,"turns":4},{"damage":0,"enemies":"Small Slimes","floor":3,"turns":4},{"damage":8,"enemies":"Blue Slaver","floor":4,"turns":4},{"damage":25,"enemies":"Exordium Thugs","floor":7,"turns":7},{"damage":0,"enemies":"3 Louse","floor":8,"turns":1},{"damage":4,"enemies":"Large Slime","floor":10,"turns":7},{"damage":15,"enemies":"Exordium Thugs","floor":12,"turns":4},{"damage":8,"enemies":"Looter","floor":14,"turns":2},{"damage":23,"enemies":"Slime Boss","floor":16,"turns":7}],"seed_played":"-6476726338902785328","potions_obtained":[{"floor":2,"key":"Explosive Potion"},{"floor":4,"key":"FocusPotion"},{"floor":7,"key":"Block Potion"},{"floor":14,"key":"Block Potion"}],"is_trial":false,"path_per_floor":["M","M","M","M","?","R","M","M","T","M","?","M","$","M","R","B"],"character_chosen":"DEFECT","items_purchased":[],"campfire_rested":1,"item_purchase_floors":[],"current_hp_per_floor":[69,61,61,53,53,53,28,28,28,24,24,9,9,1,23,0,0],"gold":164,"neow_bonus":"BOSS_RELIC","is_daily":false,"chose_seed":false,"campfire_upgraded":1,"win_rate":0.0,"timestamp":1609014789,"path_taken":["M","M","M","M","?","R","M","M","T","M","?","M","$","?","R","BOSS"],"items_purchased_type":[],"build_version":"2020-12-22","purchased_purges":1,"victory":false,"max_hp_per_floor":[75,75,75,75,75,75,75,75,75,75,75,75,75,75,75,75,75],"card_choices":[{"not_picked":["Loop","ReplayTheSpireMod:System Scan","Consume"],"picked":"SKIP","floor":1},{"not_picked":["Barrage","Glacier","Undo"],"picked":"SKIP","floor":2},{"not_picked":["Ball Lightning","Compile Driver"],"picked":"Rebound","floor":3},{"not_picked":["Rip and Tear","Redo"],"picked":"Steam","floor":4},{"not_picked":["Turbo","Rainbow"],"picked":"Hologram","floor":7},{"not_picked":["Turbo","Hologram"],"picked":"Steam","floor":8},{"not_picked":["Go for the Eyes","Sweeping Beam"],"picked":"Streamline","floor":10},{"not_picked":["Cold Snap","Blizzard"],"picked":"Steam","floor":12},{"not_picked":["Compile Driver","Steam"],"picked":"Self Repair","floor":14}],"player_experience":418358,"relics_obtained":[{"floor":9,"key":"ReplayTheSpireMod:Lightbulb"}],"event_choices":[{"damage_healed":0,"gold_gain":0,"cards_transformed":["Dualcast"],"player_choice":"Transformed","damage_taken":0,"max_hp_gain":0,"max_hp_loss":0,"event_name":"Transmorgrifier","floor":11,"gold_loss":0,"cards_obtained":["Go for the Eyes"]}],"is_beta":false,"boss_relics":[],"items_purged_floors":[13],"is_endless":false,"potions_floor_spawned":[2,4,7,14],"killed_by":"Slime Boss","ascension_level":5}}