{"host":"oiai0qxasotny765","time":1609009809,"event":{"mods":["2.2 Compatiblity","AchievementEnabler","BaseMod","Colored Map","Minty Spire (QoL Compilation)","Permanent Neow","Relic Stats","StSLib","SuperFastMode","everything is the same but u backflip on backflip"],"gold_per_floor":[112,162,174,99,115,115,115,130,201,201,251,265,190,203,203,302,302,322,365,37,58,58,58],"floor_reached":22,"playtime":752,"items_purged":["Strike_G","Defend_G"],"score":334,"play_id":"4a2cb7e2-b6f6-4cdf-a59a-9b0e0aa07eab","local_time":"20201227041009","is_ascension_mode":true,"campfire_choices":[{"data":"Poisoned Stab","floor":6.0,"key":"SMITH"},{"floor":15.0,"key":"REST"}],"circlet_count":0,"master_deck":["AscendersBane","Strike_G","Strike_G","Strike_G","Defend_G","Defend_G","Defend_G","Defend_G","Survivor","Neutralize","Escape Plan","Poisoned Stab+1","Acrobatics","Deadly Poison","Calculated Gamble","Corpse Explosion","Malaise","Prepared","Flash of Steel"],"relics":["Ring of the Snake","TungstenRod","Golden Idol","Shuriken","Busted Crown","Red Mask"],"acts_visited":["Exordium","TheCity"],"potions_floor_usage":[],"damage_taken":[{"damage":2.0,"enemies":"2 Louse","floor":1.0,"turns":4.0},{"damage":0.0,"enemies":"Cultist","floor":3.0,"turns":4.0},{"damage":11.0,"enemies":"Jaw Worm","floor":5.0,"turns":5.0},{"damage":28.0,"enemies":"Large Slime","floor":8.0,"turns":9.0},{"damage":0.0,"enemies":"Looter","floor":12.0,"turns":4.0},{"damage":14.0,"enemies":"Exordium Thugs","floor":14.0,"turns":8.0},{"damage":10.0,"enemies":"The Guardian","floor":16.0,"turns":8.0},{"damage":13.0,"enemies":"3 Byrds","floor":18.0,"turns":3.0},{"damage":3.0,"enemies":"Masked Bandits","floor":19.0,"turns":2.0},{"damage":16.0,"enemies":"Chosen","floor":21.0,"turns":7.0},{"damage":19,"enemies":"Sentry and Sphere","floor":22,"turns":5}],"seed_played":"4442494516328775759","potions_obtained":[{"floor":1.0,"key":"SpeedPotion"},{"floor":8.0,"key":"Poison Potion"},{"floor":14.0,"key":"PowerPotion"},{"floor":19.0,"key":"PowerPotion"}],"is_trial":false,"path_per_floor":["M","?","M","?","M","R","?","M","T","?","?","M","$","M","R","B",null,"M","?","$","M","M"],"character_chosen":"THE_SILENT","items_purchased":["Malaise","Prepared","Flash of Steel"],"campfire_rested":1,"item_purchase_floors":[20,20,20],"current_hp_per_floor":[57,52,52,52,41,41,41,13,13,18,18,18,18,4,21,11,47,34,31,31,15,0,0],"gold":58,"neow_bonus":"ONE_RARE_RELIC","is_daily":false,"chose_seed":false,"campfire_upgraded":1,"win_rate":0.0,"timestamp":1609009809,"path_taken":["M","?","?","?","M","R","?","M","T","?","?","?","$","M","R","BOSS","M","?","$","M","M"],"items_purchased_type":["Card","Card","Card"],"build_version":"2020-12-22","purchased_purges":2,"victory":false,"max_hp_per_floor":[60,60,60,60,60,60,54,54,54,59,59,59,59,59,59,59,59,59,59,59,59,59,59],"relic_stats":{"Busted Crown":6,"counters":[11,59],"Golden Idol":46,"Shuriken":[5],"obtain_stats":[{"Busted Crown":17,"Golden Idol":7,"Shuriken":9,"Red Mask":19,"TungstenRod":0,"Ring of the Snake":0},{"Busted Crown":7,"Golden Idol":3,"Shuriken":4,"Red Mask":9,"TungstenRod":0,"Ring of the Snake":0},{"Busted Crown":42,"Golden Idol":13,"Shuriken":22,"Red Mask":47,"TungstenRod":0,"Ring of the Snake":0}],"TungstenRod":23,"Ring of the Snake":[22]},"card_choices":[{"not_picked":["Catalyst","Flying Knee"],"picked":"Escape Plan","floor":1.0},{"not_picked":["Blade Dance","Bane"],"picked":"Poisoned Stab","floor":3.0},{"not_picked":["Skewer","Dagger Throw"],"picked":"Acrobatics","floor":5.0},{"not_picked":["PiercingWail","Acrobatics"],"picked":"Deadly Poison","floor":8.0},{"not_picked":["Riddle With Holes","Underhanded Strike"],"picked":"Calculated Gamble","floor":12.0},{"not_picked":["Deadly Poison","Slice"],"picked":"Corpse Explosion","floor":14.0},{"not_picked":["Dagger Spray"],"picked":"SKIP","floor":18.0},{"not_picked":["Dagger Spray"],"picked":"SKIP","floor":18.0},{"not_picked":["Masterful Stab"],"picked":"SKIP","floor":21.0}],"player_experience":286009,"relics_obtained":[{"floor":9.0,"key":"Shuriken"},{"floor":19.0,"key":"Red Mask"}],"event_choices":[{"damage_healed":0.0,"max_hp_gain":0.0,"max_hp_loss":0.0,"gold_gain":50.0,"event_name":"FaceTrader","player_choice":"Touch","floor":2.0,"gold_loss":0.0,"damage_taken":6.0},{"cards_removed":["Strike_G"],"damage_healed":0.0,"max_hp_gain":0.0,"max_hp_loss":0.0,"gold_gain":0.0,"event_name":"The Cleric","player_choice":"Card Removal","floor":4.0,"gold_loss":75.0,"damage_taken":0.0},{"damage_healed":0.0,"max_hp_gain":0.0,"max_hp_loss":6.0,"gold_gain":0.0,"event_name":"Golden Idol","player_choice":"Lose Max HP","floor":7.0,"gold_loss":0.0,"damage_taken":0.0,"relics_obtained":["Golden Idol"]},{"damage_healed":0.0,"max_hp_gain":5.0,"max_hp_loss":0.0,"gold_gain":0.0,"event_name":"Big Fish","player_choice":"Donut","floor":10.0,"gold_loss":0.0,"damage_taken":0.0},{"damage_healed":0.0,"max_hp_gain":0.0,"max_hp_loss":0.0,"gold_gain":50.0,"event_name":"Golden Shrine","player_choice":"Pray","floor":11.0,"gold_loss":0.0,"damage_taken":0.0},{"damage_healed":0.0,"max_hp_gain":0.0,"max_hp_loss":0.0,"gold_gain":0.0,"event_name":"Masked Bandits","player_choice":"Fought Bandits","floor":19.0,"gold_loss":0.0,"damage_taken":0.0}],"is_beta":false,"boss_relics":[{"not_picked":["Calling Bell","Tiny House"],"picked":"Busted Crown"}],"items_purged_floors":[13,20],"is_endless":false,"potions_floor_spawned":[1,8,14,19],"killed_by":"Sentry and Sphere","ascension_level":18}}