{"host":"u2grshebrc5rdzdn","time":1609025008,"event":{"mods":["AchievementEnabler","BaseMod","Minty Spire (QoL Compilation)","StSLib"],"gold_per_floor":[11,31,31,45,62,62,38,64,64,83,83,112,22,51,51,147,147,134,54,54,54,54,54,54,54],"floor_reached":24,"playtime":1084,"items_purged":["Strike_R","Strike_R"],"score":297,"play_id":"d02fbdce-f06c-4ae3-bf66-9f44c7a57245","local_time":"20201227002328","is_ascension_mode":true,"campfire_choices":[{"data":"Armaments","floor":6,"key":"SMITH"},{"data":"Shrug It Off","floor":11,"key":"SMITH"},{"floor":15,"key":"REST"},{"data":"Shrug It Off","floor":23,"key":"SMITH"}],"circlet_count":0,"master_deck":["Defend_R","Defend_R","Defend_R","Bash+1","Armaments+1","Pommel Strike","Shrug It Off+1","Pommel Strike","Shockwave","Sword Boomerang","Juggernaut+1","Carnage","Shrug It Off+1","Reaper","Inflame"],"relics":["Burning Blood","The Courier","Shuriken","InkBottle","Mummified Hand","Empty Cage"],"acts_visited":["Exordium","TheCity"],"potions_floor_usage":[8,14,16,18],"damage_taken":[{"damage":4,"enemies":"Jaw Worm","floor":1,"turns":4},{"damage":1,"enemies":"Cultist","floor":2,"turns":4},{"damage":0,"enemies":"Small Slimes","floor":4,"turns":3},{"damage":6,"enemies":"2 Fungi Beasts","floor":5,"turns":4},{"damage":41,"enemies":"3 Sentries","floor":8,"turns":11},{"damage":0,"enemies":"Large Slime","floor":10,"turns":4},{"damage":24,"enemies":"Lagavulin","floor":12,"turns":5},{"damage":20,"enemies":"3 Sentries","floor":14,"turns":8},{"damage":27,"enemies":"Slime Boss","floor":16,"turns":12},{"damage":31,"enemies":"2 Thieves","floor":18,"turns":4},{"damage":65,"enemies":"Slavers","floor":24,"turns":5}],"seed_played":"7296690009885151093","potions_obtained":[{"floor":1,"key":"ColorlessPotion"},{"floor":2,"key":"Energy Potion"},{"floor":10,"key":"Fire Potion"},{"floor":16,"key":"Energy Potion"},{"floor":18,"key":"SteroidPotion"}],"is_trial":false,"path_per_floor":["M","M","?","M","M","R","$","E","T","M","R","E","$","E","R","B",null,"M","$","?","?","?","R","E"],"character_chosen":"IRONCLAD","items_purchased":["Pommel Strike","Carnage"],"campfire_rested":1,"item_purchase_floors":[7,13],"current_hp_per_floor":[74,79,79,80,80,80,80,45,45,51,51,33,33,19,43,22,66,53,53,53,53,53,53,0,0],"gold":54,"neow_bonus":"REMOVE_TWO","is_daily":false,"chose_seed":false,"campfire_upgraded":3,"win_rate":0.0,"timestamp":1609025008,"path_taken":["M","M","?","?","M","R","$","E","T","M","R","E","?","E","R","BOSS","M","$","?","?","?","R","E"],"items_purchased_type":["Card","Card"],"build_version":"2020-12-22","purchased_purges":2,"victory":false,"max_hp_per_floor":[80,80,80,80,80,80,80,80,80,80,80,80,80,80,80,80,80,80,80,80,80,80,80,80,80],"card_choices":[{"not_picked":["Sentinel","Body Slam","Combust"],"picked":"SKIP","floor":1},{"not_picked":["Bloodletting","Heavy Blade"],"picked":"Armaments","floor":2},{"not_picked":["Infernal Blade","Rage"],"picked":"Pommel Strike","floor":4},{"not_picked":["Clash","Sword Boomerang"],"picked":"Shrug It Off","floor":5},{"not_picked":["Intimidate","Heavy Blade"],"picked":"Shockwave","floor":8},{"not_picked":["Rupture","True Grit"],"picked":"Sword Boomerang","floor":10},{"not_picked":["Evolve","Armaments"],"picked":"Juggernaut","floor":12},{"not_picked":["True Grit","Iron Wave"],"picked":"Shrug It Off","floor":14},{"not_picked":["Berserk","Exhume"],"picked":"Reaper","floor":16},{"not_picked":["Clothesline","Perfected Strike"],"picked":"Inflame","floor":18}],"player_experience":380695,"relics_obtained":[{"floor":8,"key":"The Courier"},{"floor":9,"key":"Shuriken"},{"floor":12,"key":"InkBottle"},{"floor":14,"key":"Mummified Hand"}],"event_choices":[{"damage_healed":0,"gold_gain":0,"player_choice":"Upgraded","damage_taken":0,"max_hp_gain":0,"max_hp_loss":0,"event_name":"Upgrade Shrine","floor":3,"gold_loss":0,"cards_upgraded":["Bash"]},{"damage_healed":0,"gold_gain":0,"player_choice":"Ignored","damage_taken":0,"max_hp_gain":0,"max_hp_loss":0,"event_name":"Ghosts","floor":20,"gold_loss":0},{"damage_healed":0,"gold_gain":0,"player_choice":"Ignored","damage_taken":0,"max_hp_gain":0,"max_hp_loss":0,"event_name":"Vampires","floor":21,"gold_loss":0},{"damage_healed":0,"gold_gain":0,"player_choice":"Forge","damage_taken":0,"max_hp_gain":0,"max_hp_loss":0,"event_name":"Accursed Blacksmith","floor":22,"gold_loss":0,"cards_upgraded":["Juggernaut"]}],"is_beta":false,"boss_relics":[{"not_picked":["Runic Dome","Calling Bell"],"picked":"Empty Cage"}],"items_purged_floors":[13,19],"is_endless":false,"potions_floor_spawned":[1,2,10,16,18],"killed_by":"Slavers","ascension_level":8}}