{"host":"v711dtdb46xe9u7l","time":1609010356,"event":{"mods":["BaseMod","Minty Spire (QoL Compilation)","Replay The Spire","StSLib"],"gold_per_floor":[118,136,211,228,245,256,256,283,310,310,338,338,338,364,364,468,468,463,19,34,53,66,66,166,166,166,166,166,166,177,78,3,35,35,35,35],"floor_reached":35,"playtime":1932,"items_purged":[],"score":287,"play_id":"79ea6fb9-c84c-4e45-9048-b9138b50223b","local_time":"20201226191916","is_ascension_mode":false,"campfire_choices":[{"data":"Poison Darts","floor":7,"key":"SMITH"},{"floor":10,"key":"REST"},{"floor":12,"key":"REST"},{"data":"ReplayTheSpireMod:Tripwire","floor":15,"key":"SMITH"},{"data":"Draining Mist","floor":23,"key":"SMITH"},{"data":"Dash","floor":25,"key":"SMITH"},{"floor":29,"key":"RECALL"}],"circlet_count":0,"master_deck":["Strike_G","Strike_G","Strike_G","Strike_G","Defend_G","Defend_G","Defend_G","Defend_G","Defend_G","Survivor","Neutralize","Poison Darts+1","ReplayTheSpireMod:Tripwire+1","PiercingWail","Bane","Hidden Blade","Accuracy+1","Blade Dance","Replay:Bag of Tricks+1","Draining Mist+1","Noxious Fumes","Predator","Dash+1","Footwork","Backflip","Fluid Movement"],"relics":["Ring of the Snake","Orichalcum","Lantern","Ring of Misfortune","ReplayTheSpireMod:Ring of Challenge","Ring of Chaos","Guide Book","Paper Crane","ReplayTheSpireMod:Shallot","Boot"],"acts_visited":["Exordium","TheCity"],"potions_floor_usage":[16,16,16,33,35],"damage_taken":[{"damage":0,"enemies":"2 Louse","floor":1,"turns":3},{"damage":0,"enemies":"Small Slimes","floor":2,"turns":5},{"damage":4,"enemies":"Cultist","floor":4,"turns":5},{"damage":0,"enemies":"2 Fungi Beasts","floor":5,"turns":4},{"damage":9,"enemies":"Exordium Wildlife","floor":6,"turns":4},{"damage":45,"enemies":"3 Sentries","floor":8,"turns":9},{"damage":1,"enemies":"Replay:BlueRogue","floor":11,"turns":5},{"damage":1,"enemies":"3 Louse","floor":14,"turns":3},{"damage":11,"enemies":"Hexaghost","floor":16,"turns":10},{"damage":21,"enemies":"2 Thieves","floor":18,"turns":5},{"damage":0,"enemies":"3 Byrds","floor":20,"turns":3},{"damage":0,"enemies":"Centurion and Healer","floor":21,"turns":8},{"damage":0,"enemies":"Cultist and Chosen","floor":22,"turns":5},{"damage":0,"enemies":"Chosen and Byrds","floor":30,"turns":6},{"damage":12,"enemies":"Gremlin Leader","floor":33,"turns":7},{"damage":49,"enemies":"Collector","floor":35,"turns":7}],"seed_played":"-8437036391206551069","potions_obtained":[{"floor":1,"key":"PowerPotion"},{"floor":2,"key":"Fire Potion"},{"floor":14,"key":"LiquidMemories"},{"floor":16,"key":"Milkshake"},{"floor":18,"key":"Milkshake"},{"floor":21,"key":"Block Potion"},{"floor":33,"key":"Block Potion"}],"is_trial":false,"path_per_floor":["M","M","?","M","M","M","R","E","T","R","E","R","?","M","R","B",null,"M","$","M","M","M","R","?","R","T","PTL","PTL","R","M","$","?","E","R","B"],"character_chosen":"THE_SILENT","items_purchased":["Guide Book","Paper Crane","Noxious Fumes","Footwork","Backflip"],"campfire_rested":2,"item_purchase_floors":[19,19,19,31,31],"current_hp_per_floor":[70,70,59,55,55,46,46,1,1,22,21,42,42,41,41,30,70,49,49,49,49,49,49,49,49,49,49,49,49,49,49,49,37,37,0,0],"gold":35,"neow_bonus":"ONE_RANDOM_RARE_CARD","is_daily":false,"chose_seed":false,"campfire_upgraded":4,"win_rate":0.0,"timestamp":1609010356,"path_taken":["M","M","?","M","M","M","R","E","T","R","E","R","?","M","R","BOSS","M","$","M","M","M","R","?","R","T","PTL","PTL","R","M","?","?","E","R","BOSS"],"items_purchased_type":["Relic","Relic","Card","Card","Card"],"build_version":"2020-12-22","purchased_purges":0,"victory":false,"max_hp_per_floor":[70,70,70,70,70,70,70,70,70,70,70,70,70,70,70,70,70,70,70,70,70,70,70,70,70,70,70,70,70,70,70,70,70,70,70,70],"card_choices":[{"not_picked":["Infinite Blades","Blade Dance"],"picked":"ReplayTheSpireMod:Tripwire","floor":1},{"not_picked":["Acrobatics","Cloak And Dagger"],"picked":"PiercingWail","floor":2},{"not_picked":["Cloak And Dagger","Poisoned Stab"],"picked":"Bane","floor":4},{"not_picked":["Cloak And Dagger","ReplayTheSpireMod:The Works"],"picked":"Hidden Blade","floor":5},{"not_picked":["Finisher","Prepared","Dagger Spray"],"picked":"SKIP","floor":6},{"not_picked":["Deadly Poison","Tools of the Trade","Dodge and Roll"],"picked":"SKIP","floor":8},{"not_picked":["Quick Slash","Noxious Fumes"],"picked":"Accuracy","floor":11},{"not_picked":["Dagger Spray","Slice"],"picked":"Blade Dance","floor":14},{"not_picked":["Storm of Steel","Adrenaline"],"picked":"Replay:Bag of Tricks","floor":16},{"not_picked":["Dagger Throw","Dagger Spray"],"picked":"Draining Mist","floor":18},{"not_picked":["Slice","Dagger Spray+1","Acrobatics"],"picked":"SKIP","floor":20},{"not_picked":["Well Laid Plans","Calculated Gamble"],"picked":"Predator","floor":21},{"not_picked":["Crippling Poison","Setup"],"picked":"Dash","floor":22},{"not_picked":["Dodge and Roll+1","Quick Slash+1","ReplayTheSpireMod:Exploit Weakness+1"],"picked":"SKIP","floor":30},{"not_picked":["Prepared","PiercingWail","Dagger Spray"],"picked":"SKIP","floor":33},{"not_picked":["Prepared","PiercingWail","Dagger Spray"],"picked":"SKIP","floor":33}],"player_experience":244991,"relics_obtained":[{"floor":8,"key":"Orichalcum"},{"floor":11,"key":"Lantern"},{"floor":13,"key":"Ring of Misfortune"},{"floor":13,"key":"ReplayTheSpireMod:Ring of Challenge"},{"floor":26,"key":"ReplayTheSpireMod:Shallot"},{"floor":33,"key":"Boot"}],"event_choices":[{"damage_healed":0,"gold_gain":75,"player_choice":"Gather Gold","damage_taken":11,"max_hp_gain":0,"max_hp_loss":0,"event_name":"World of Goop","floor":3,"gold_loss":0},{"damage_healed":0,"gold_gain":100,"player_choice":"Pray","damage_taken":0,"max_hp_gain":0,"max_hp_loss":0,"event_name":"Golden Shrine","floor":24,"gold_loss":0},{"cards_removed":["Voices"],"damage_healed":0,"gold_gain":0,"player_choice":"Gave Gold","damage_taken":0,"max_hp_gain":0,"max_hp_loss":0,"event_name":"Beggar","floor":32,"gold_loss":75}],"is_beta":false,"boss_relics":[{"not_picked":["Ring of the Serpent","Sozu"],"picked":"Ring of Chaos"}],"items_purged_floors":[],"is_endless":false,"potions_floor_spawned":[1,2,14,16,18,21,30,33],"killed_by":"Collector","ascension_level":0}}