{"host":"qwv9nni2x0umspiu","time":1609024202,"event":{"mods":["BaseMod","Downfall","Minty Spire (QoL Compilation)","Replay The Spire","StSLib","The Hierophant","Wandering Minibosses"],"gold_per_floor":[110,110,121,121,121,121,150,180,180,200,217,229,229,237,237,197,197],"floor_reached":16,"playtime":458,"items_purged":[],"score":320,"play_id":"764f764f-dc6b-4d76-b225-f913aa81e990","local_time":"20201226151002","is_ascension_mode":true,"campfire_choices":[{"data":"hierophant:Punish","floor":6,"key":"SMITH"},{"data":"hierophant:SealAway","floor":13,"key":"SMITH"},{"data":"hierophant:HammerAndAnvil","floor":15,"key":"SMITH"}],"circlet_count":0,"master_deck":["AscendersBane","hierophant:Strike_Hierophant","hierophant:Strike_Hierophant","hierophant:Strike_Hierophant","hierophant:Strike_Hierophant","hierophant:Punish+1","hierophant:Defend_Hierophant","hierophant:Defend_Hierophant","hierophant:Defend_Hierophant","hierophant:Defend_Hierophant+1","hierophant:ChurchCoffers+1","hierophant:Alms","hierophant:SealAway+1","hierophant:Zeal","hierophant:HammerAndAnvil+1"],"relics":["hierophant:PropheticMaskRelic","NeowsBlessing","MealTicket","Strawberry","Sundial","Blue Doll"],"acts_visited":["Exordium"],"potions_floor_usage":[14,14],"damage_taken":[{"damage":0,"enemies":"2 Louse","floor":1,"turns":1},{"damage":0,"enemies":"Jaw Worm","floor":3,"turns":1},{"damage":0,"enemies":"Lagavulin","floor":7,"turns":1},{"damage":0,"enemies":"Cultist","floor":10,"turns":2},{"damage":7,"enemies":"Large Slime","floor":11,"turns":5},{"damage":1,"enemies":"Exordium Thugs","floor":12,"turns":3},{"damage":0,"enemies":"Gremlin Nob","floor":14,"turns":3},{"damage":36,"enemies":"Slime Boss","floor":16,"turns":7}],"seed_played":"-3438966922838668586","potions_obtained":[{"floor":1,"key":"PowerPotion"},{"floor":10,"key":"Block Potion"}],"is_trial":false,"path_per_floor":["M","?","M","?","T","R","E","?","T","M","M","M","R","E","R","B"],"character_chosen":"HIEROPHANT","items_purchased":[],"campfire_rested":0,"item_purchase_floors":[],"current_hp_per_floor":[68,57,57,34,41,41,41,41,41,41,34,33,33,33,33,0,0],"gold":197,"neow_bonus":"THREE_ENEMY_KILL","is_daily":false,"chose_seed":false,"campfire_upgraded":3,"win_rate":0.0,"timestamp":1609024202,"path_taken":["M","?","M","?","?","R","E","?","T","M","M","M","R","E","R","BOSS"],"items_purchased_type":[],"build_version":"2020-12-22","purchased_purges":0,"victory":false,"max_hp_per_floor":[75,75,75,75,82,82,82,82,82,82,82,82,82,82,82,82,82],"card_choices":[{"not_picked":["hierophant:EyeForCoin","hierophant:HolyVerse"],"picked":"hierophant:Alms","floor":1},{"not_picked":["hierophant:HolyVerse","hierophant:RustyCrate","hierophant:RecallFunds"],"picked":"SKIP","floor":3},{"not_picked":["hierophant:Dazzle","hierophant:MirrorShield","hierophant:Martyrdom"],"picked":"SKIP","floor":7},{"not_picked":["hierophant:Alms","hierophant:HolyVerse"],"picked":"hierophant:SealAway","floor":10},{"not_picked":["hierophant:Levitation","hierophant:PassingBell","hierophant:CursedGold"],"picked":"SKIP","floor":11},{"not_picked":["hierophant:RepressedViolence","hierophant:RustyCrate"],"picked":"hierophant:Zeal","floor":12},{"not_picked":["hierophant:Smite","hierophant:MorningPrayer"],"picked":"hierophant:HammerAndAnvil","floor":14}],"player_experience":1309976,"relics_obtained":[{"floor":5,"key":"Strawberry"},{"floor":7,"key":"Sundial"},{"floor":14,"key":"Blue Doll"}],"event_choices":[{"damage_healed":0,"gold_gain":0,"player_choice":"Success","damage_taken":11,"relics_obtained":["MealTicket"],"max_hp_gain":0,"max_hp_loss":0,"event_name":"Scrap Ooze","floor":2,"gold_loss":0},{"damage_healed":0,"gold_gain":0,"player_choice":"Entered Light","damage_taken":23,"max_hp_gain":0,"max_hp_loss":0,"event_name":"Shining Light","floor":4,"gold_loss":0,"cards_upgraded":["hierophant:ChurchCoffers","hierophant:Defend_Hierophant"]},{"damage_healed":0,"gold_gain":30,"player_choice":"Searched \u00272\u0027 times","damage_taken":0,"max_hp_gain":0,"max_hp_loss":0,"event_name":"Dead Adventurer","floor":8,"gold_loss":0}],"is_beta":false,"boss_relics":[],"items_purged_floors":[],"is_endless":false,"potions_floor_spawned":[1,10,12],"killed_by":"Slime Boss","ascension_level":20}}