{"host":"szp1d6dso4pv7ddl","time":1609020340,"event":{"mods":["AchievementEnabler","Alarm Clock","BaseMod","Bestiary","Block Reminder","Colored Map","Colored Powertips","Curses Come First","Displayed Cursed Tome","Highlight Path","Minty Spire (QoL Compilation)","Permanent Neow","Quick Restart","Relic Sorter","Relic Stats","StSLib","Synergy Search"],"gold_per_floor":[118,66,80,97,97,132,132,143,143,156,169,169,119,119,119,216,216,233,233,267,28,45,45,45,74,144,177,57,7,28,60,60,174,174,192,210,210,224,274,274,284,284,353,378,405,405,425,442,442,442,442,442,36,80,80],"floor_reached":56,"playtime":4612,"items_purged":["Neutralize","Defend_G","Defend_G"],"score":1959,"play_id":"d2b0b1c3-11c1-4ebf-8e8d-d41e462fe692","local_time":"20201226140540","is_ascension_mode":true,"campfire_choices":[{"data":"Acrobatics","floor":7.0,"key":"SMITH"},{"floor":12.0,"key":"REST"},{"data":"Reflex","floor":15,"key":"SMITH"},{"data":"Leg Sweep","floor":23,"key":"SMITH"},{"floor":32,"key":"RECALL"},{"floor":40,"key":"REST"},{"floor":42,"key":"REST"},{"data":"Dash","floor":49,"key":"SMITH"},{"data":"Dash","floor":52,"key":"SMITH"}],"circlet_count":0,"master_deck":["AscendersBane","Strike_G","Strike_G","Survivor","Underhanded Strike","Underhanded Strike","Acrobatics+1","Quick Slash","Dagger Throw","Backflip","Reflex+1","Phantasmal Killer","CurseOfTheBell","Acrobatics+1","Leg Sweep+1","Dash+1","Apotheosis","Underhanded Strike+1","Predator","Bouncing Flask","Dash+1","Underhanded Strike","Envenom","Tactician+1","Blur+1"],"relics":["Snecko Eye","InkBottle","Mummified Hand","Paper Crane","Calling Bell","Smiling Mask","Pantograph","TungstenRod","Red Mask","Gremlin Horn","Matryoshka","CeramicFish","Tough Bandages","Empty Cage","Calipers","Shuriken","Turnip","ClockworkSouvenir","Sundial"],"acts_visited":["Exordium","TheCity","TheBeyond","TheEnding"],"potions_floor_usage":[20,20,22,25,31,38,39,54,55,55],"damage_taken":[{"damage":9.0,"enemies":"Small Slimes","floor":1.0,"turns":4.0},{"damage":0.0,"enemies":"2 Louse","floor":3.0,"turns":3.0},{"damage":0.0,"enemies":"Jaw Worm","floor":4.0,"turns":3.0},{"damage":17.0,"enemies":"3 Sentries","floor":6.0,"turns":8.0},{"damage":6.0,"enemies":"Looter","floor":8.0,"turns":2.0},{"damage":3.0,"enemies":"Blue Slaver","floor":10.0,"turns":2.0},{"damage":11.0,"enemies":"3 Louse","floor":11.0,"turns":3.0},{"damage":13,"enemies":"Slime Boss","floor":16,"turns":8},{"damage":10,"enemies":"Chosen","floor":18,"turns":3},{"damage":6,"enemies":"Masked Bandits","floor":20,"turns":3},{"damage":0,"enemies":"2 Thieves","floor":22,"turns":4},{"damage":0,"enemies":"Gremlin Leader","floor":25,"turns":4},{"damage":3,"enemies":"Slavers","floor":27,"turns":3},{"damage":5,"enemies":"Snake Plant","floor":30,"turns":2},{"damage":0,"enemies":"Book of Stabbing","floor":31,"turns":2},{"damage":0,"enemies":"Collector","floor":33,"turns":5},{"damage":0,"enemies":"3 Shapes","floor":35,"turns":3},{"damage":0,"enemies":"Orb Walker","floor":36,"turns":4},{"damage":0,"enemies":"3 Darklings","floor":38,"turns":3},{"damage":26,"enemies":"Mind Bloom Boss Battle","floor":39,"turns":5},{"damage":29,"enemies":"Maw","floor":41,"turns":6},{"damage":0,"enemies":"Sphere and 2 Shapes","floor":44,"turns":3},{"damage":0,"enemies":"Nemesis","floor":45,"turns":5},{"damage":0,"enemies":"3 Darklings","floor":47,"turns":3},{"damage":0,"enemies":"Jaw Worm Horde","floor":48,"turns":2},{"damage":11,"enemies":"Time Eater","floor":50,"turns":5},{"damage":22,"enemies":"Shield and Spear","floor":54,"turns":4},{"damage":16,"enemies":"The Heart","floor":55,"turns":6}],"seed_played":"-6482853508906230277","potions_obtained":[{"floor":8.0,"key":"Weak Potion"},{"floor":10.0,"key":"Fruit Juice"},{"floor":11.0,"key":"LiquidBronze"},{"floor":22,"key":"EntropicBrew"},{"floor":25,"key":"Block Potion"},{"floor":33,"key":"SpeedPotion"},{"floor":38,"key":"Fruit Juice"},{"floor":41,"key":"SpeedPotion"},{"floor":47,"key":"CunningPotion"},{"floor":54,"key":"ColorlessPotion"}],"is_trial":false,"path_per_floor":["M","$","M","M","?","E","R","M","T","M","M","R","?","?","R","B",null,"M","?","?","$","M","R","?","E","T","E","$","$","M","E","R","B",null,"M","M","?","M","?","R","M","R","T","M","E","?","M","M","R","B",null,"R","$","E","B",null],"character_chosen":"THE_SILENT","items_purchased":["Underhanded Strike","Apotheosis","Dash","ClockworkSouvenir","Sundial"],"campfire_rested":3,"item_purchase_floors":[2,21,28,53,53],"current_hp_per_floor":[54,54,54,54,54,37,37,31,31,33,22,44,44,49,49,36,69,59,59,53,53,53,53,53,65,65,62,62,62,57,57,57,80,80,80,80,80,85,59,84,55,80,80,80,80,80,80,80,80,74,82,82,82,60,69],"gold":80,"neow_bonus":"BOSS_RELIC","is_daily":false,"chose_seed":false,"campfire_upgraded":5,"win_rate":0.0,"timestamp":1609020340,"path_taken":["M","$","M","M","?","E","R","M","T","M","M","R","?","?","R","BOSS","M","?","?","$","M","R","?","E","T","E","?","$","M","E","R","BOSS","M","M","?","?","?","R","M","R","T","M","E","?","?","M","R","BOSS","R","$","E","BOSS"],"items_purchased_type":["Card","Card","Card","Relic","Relic"],"build_version":"2020-12-22","purchased_purges":3,"victory":true,"max_hp_per_floor":[70,70,70,70,70,70,70,70,70,75,75,75,75,80,80,80,80,80,80,80,80,80,80,80,80,80,80,80,80,80,80,80,80,80,80,80,80,85,85,85,85,85,85,85,85,85,85,85,85,85,85,85,85,85,85],"relic_stats":{"Gremlin Horn":[17,17],"counters":[28,108],"CeramicFish":45,"Smiling Mask":150,"Tough Bandages":[222],"Mummified Hand":[20],"Shuriken":[29],"Sundial":[4],"Pantograph":53,"Snecko Eye":[274,303,241,248],"Turnip":[2],"obtain_stats":[{"Calipers":39,"Gremlin Horn":25,"CeramicFish":27,"Paper Crane":9,"Smiling Mask":17,"Empty Cage":34,"ClockworkSouvenir":53,"Calling Bell":17,"Tough Bandages":31,"Matryoshka":26,"Mummified Hand":6,"Shuriken":43,"Sundial":53,"Pantograph":17,"Snecko Eye":0,"Turnip":45,"Red Mask":20,"TungstenRod":17,"InkBottle":54,"Ring of the Snake":0},{"Calipers":20,"Gremlin Horn":12,"CeramicFish":13,"Paper Crane":5,"Smiling Mask":8,"Empty Cage":16,"ClockworkSouvenir":26,"Calling Bell":8,"Tough Bandages":15,"Matryoshka":12,"Mummified Hand":4,"Shuriken":21,"Sundial":26,"Pantograph":8,"Snecko Eye":0,"Turnip":23,"Red Mask":10,"TungstenRod":8,"InkBottle":27,"Ring of the Snake":0},{"Calipers":74,"Gremlin Horn":47,"CeramicFish":50,"Paper Crane":20,"Smiling Mask":33,"Empty Cage":59,"ClockworkSouvenir":98,"Calling Bell":33,"Tough Bandages":54,"Matryoshka":47,"Mummified Hand":18,"Shuriken":80,"Sundial":98,"Pantograph":33,"Snecko Eye":0,"Turnip":88,"Red Mask":39,"TungstenRod":33,"InkBottle":102,"Ring of the Snake":0}],"InkBottle":[5],"TungstenRod":26},"card_choices":[{"not_picked":["Quick Slash","Outmaneuver"],"picked":"Underhanded Strike","floor":1.0},{"not_picked":["Backstab","Catalyst"],"picked":"Acrobatics","floor":3.0},{"not_picked":["Footwork","Setup","PiercingWail"],"picked":"SKIP","floor":4.0},{"not_picked":["Dagger Spray","Quick Slash"],"picked":"Dagger Throw","floor":6.0},{"not_picked":["Dagger Spray","Masterful Stab","Well Laid Plans"],"picked":"SKIP","floor":8.0},{"not_picked":["Distraction","Terror"],"picked":"Backflip","floor":10.0},{"not_picked":["Backflip","Concentrate"],"picked":"Reflex","floor":11.0},{"not_picked":["Storm of Steel","Glass Knife"],"picked":"Phantasmal Killer","floor":16},{"not_picked":["Calculated Gamble+1","Escape Plan"],"picked":"Acrobatics+1","floor":18},{"not_picked":["Prepared","Infinite Blades"],"picked":"Dash","floor":20},{"not_picked":["Quick Slash","Bane"],"picked":"Underhanded Strike+1","floor":22},{"not_picked":["Masterful Stab+1","Slice","Poisoned Stab"],"picked":"SKIP","floor":25},{"not_picked":["Outmaneuver","Bouncing Flask","Caltrops+1"],"picked":"SKIP","floor":27},{"not_picked":["Flying Knee","Wraith Form v2"],"picked":"Underhanded Strike","floor":30},{"not_picked":["Infinite Blades+1","Envenom","PiercingWail"],"picked":"SKIP","floor":31},{"not_picked":["Adrenaline","Unload"],"picked":"Envenom","floor":33},{"not_picked":["Slice","Deflect","Leg Sweep+1"],"picked":"SKIP","floor":35},{"not_picked":["Acrobatics","Backflip","Deflect"],"picked":"SKIP","floor":36},{"not_picked":["Escape Plan","Phantasmal Killer","Sucker Punch"],"picked":"SKIP","floor":38},{"not_picked":["Setup+1","Footwork+1","Blur+1"],"picked":"SKIP","floor":41},{"not_picked":["Footwork","Noxious Fumes"],"picked":"Tactician","floor":44},{"not_picked":["Distraction","Backflip","Sucker Punch"],"picked":"SKIP","floor":45},{"not_picked":["Dagger Throw","Dodge and Roll","Calculated Gamble+1"],"picked":"SKIP","floor":47},{"not_picked":["Endless Agony","Dodge and Roll+1","Masterful Stab+1"],"picked":"SKIP","floor":48},{"not_picked":["Footwork","Terror"],"picked":"Blur+1","floor":54}],"player_experience":1019755,"relics_obtained":[{"floor":6.0,"key":"Mummified Hand"},{"floor":9.0,"key":"Paper Crane"},{"floor":17,"key":"Smiling Mask"},{"floor":17,"key":"Pantograph"},{"floor":17,"key":"TungstenRod"},{"floor":20,"key":"Red Mask"},{"floor":25,"key":"Gremlin Horn"},{"floor":26,"key":"Matryoshka"},{"floor":27,"key":"CeramicFish"},{"floor":31,"key":"Tough Bandages"},{"floor":39,"key":"Calipers"},{"floor":43,"key":"Shuriken"},{"floor":45,"key":"Turnip"},{"floor":54,"key":"InkBottle"}],"event_choices":[{"damage_healed":0.0,"max_hp_gain":0.0,"max_hp_loss":0.0,"gold_gain":0.0,"cards_transformed":["Defend_G"],"event_name":"Living Wall","player_choice":"Change","floor":5.0,"gold_loss":0.0,"damage_taken":0.0,"cards_obtained":["Quick Slash"]},{"cards_removed":["Defend_G"],"damage_healed":0.0,"max_hp_gain":0.0,"max_hp_loss":0.0,"gold_gain":0.0,"event_name":"The Cleric","player_choice":"Card Removal","floor":13.0,"gold_loss":50.0,"damage_taken":0.0},{"damage_healed":0.0,"max_hp_gain":5.0,"max_hp_loss":0.0,"gold_gain":0.0,"event_name":"Big Fish","player_choice":"Donut","floor":14.0,"gold_loss":0.0,"damage_taken":0.0},{"damage_healed":0,"gold_gain":0,"player_choice":"Read","damage_taken":0,"max_hp_gain":0,"max_hp_loss":0,"event_name":"The Library","floor":19,"gold_loss":0,"cards_obtained":["Leg Sweep"]},{"damage_healed":0,"gold_gain":0,"player_choice":"Fought Bandits","damage_taken":0,"max_hp_gain":0,"max_hp_loss":0,"event_name":"Masked Bandits","floor":20,"gold_loss":0},{"damage_healed":0,"gold_gain":0,"cards_transformed":["Defend_G","Strike_G"],"player_choice":"Became Test Subject","damage_taken":0,"max_hp_gain":0,"max_hp_loss":0,"event_name":"Drug Dealer","floor":24,"gold_loss":0,"cards_obtained":["Predator","Bouncing Flask"]},{"damage_healed":0,"gold_gain":0,"player_choice":"Bought 0 Potions","damage_taken":0,"max_hp_gain":0,"max_hp_loss":0,"event_name":"The Woman in Blue","floor":37,"gold_loss":0},{"damage_healed":0,"gold_gain":0,"player_choice":"Fight","damage_taken":0,"max_hp_gain":0,"max_hp_loss":0,"event_name":"MindBloom","floor":39,"gold_loss":0},{"damage_healed":0,"gold_gain":0,"player_choice":"Upgraded","damage_taken":0,"max_hp_gain":0,"max_hp_loss":0,"event_name":"Upgrade Shrine","floor":46,"gold_loss":0,"cards_upgraded":["Tactician"]}],"is_beta":false,"boss_relics":[{"not_picked":["SacredBark","Tiny House"],"picked":"Calling Bell"},{"not_picked":["Runic Dome","Coffee Dripper"],"picked":"Empty Cage"}],"items_purged_floors":[21,28,29],"is_endless":false,"potions_floor_spawned":[8,10,11,16,22,25,27,30,33,38,41,47,54],"ascension_level":12}}