{"host":"e48gchmu8shm63ip","time":1609020646,"event":{"mods":["Abigail Mod","AchievementEnabler","Act Like it!","Bartender","BaseMod","Better Match","Better Note","Better Vampires","CapriCore","DeckTracker","Exacting","Fireblade Mod","Gensokyo","Googly Eyes","Hallownest","Hermit","HololiveMod","Infinite Spire","Jorbs\u0027s Wanderer Trilogy","Koishi","Marisa????????","Minty Spire (QoL Compilation)","Railgun Mod","Rare Cards Sparkle","Relic Filter","Robot Space Explorer","Shade Mod","StSLib","The Animator","The Caster","The Construct","The Death Knight","The Dragon Tamer","The Forsaken","The Immortal","The Judge","The Marked","The Poker Player","The Servant 0.9.4","TheFirefly","TheLocksmith","TheSwordswoman","Waifu the Spire"],"gold_per_floor":[109,122,141,167,167,167,202,202,202,222,238,7,7,7,7,102,102],"floor_reached":16,"playtime":688,"items_purged":["RobotSpaceExplorer:Strike"],"score":150,"play_id":"31ca5bb2-b56f-4d7a-b95f-06e993532d38","local_time":"20201226231046","is_ascension_mode":false,"campfire_choices":[{"data":"RobotSpaceExplorer:MetalStrike","floor":6,"key":"SMITH"},{"floor":8,"key":"REST"},{"data":"RobotSpaceExplorer:MiniDrones","floor":15,"key":"SMITH"}],"circlet_count":0,"master_deck":["RobotSpaceExplorer:Strike","RobotSpaceExplorer:Strike","RobotSpaceExplorer:Strike","RobotSpaceExplorer:Defend","RobotSpaceExplorer:Defend","RobotSpaceExplorer:Defend","RobotSpaceExplorer:Defend","RobotSpaceExplorer:Scan","RobotSpaceExplorer:MiniLasers","RobotSpaceExplorer:MetalStrike+1","RobotSpaceExplorer:LuckyStrike","RobotSpaceExplorer:Pulsar","RobotSpaceExplorer:MiniDrones+1","RobotSpaceExplorer:ScrapToss"],"relics":["RobotSpaceExplorer:RoboCore","RobotSpaceExplorer:ClockworkSextant","Ice Cream","Eternal Feather","theForsaken:Lifeblossom"],"acts_visited":["Exordium"],"potions_floor_usage":[],"damage_taken":[{"damage":0,"enemies":"Hallownest:2_Baldur","floor":1,"turns":5},{"damage":0,"enemies":"Hallownest:monsterHuskWarrior","floor":2,"turns":3},{"damage":0,"enemies":"Hallownest:2_MossCreeps","floor":3,"turns":6},{"damage":38,"enemies":"Hallownest:eliteCrystalGuardian","floor":7,"turns":11},{"damage":0,"enemies":"Hallownest:MossCreep_and_Mosskin","floor":10,"turns":4},{"damage":1,"enemies":"Hallownest:monsterFoolEater","floor":11,"turns":4},{"damage":57,"enemies":"Hallownest:BossHornet","floor":16,"turns":17}],"seed_played":"-1177935234536161775","potions_obtained":[{"floor":1,"key":"RobotSpaceExplorer:PlasmaFlask"},{"floor":1,"key":"ColorlessPotion"},{"floor":7,"key":"SkillPotion"}],"is_trial":false,"path_per_floor":["M","M","M","T","?","R","E","R","T","M","M","$","?","?","R","B"],"character_chosen":"RobotSpaceExplorer","items_purchased":["theForsaken:Lifeblossom"],"campfire_rested":1,"item_purchase_floors":[12],"current_hp_per_floor":[82,82,82,82,82,82,44,68,68,68,67,67,67,57,63,12,12],"gold":102,"neow_bonus":"TEN_PERCENT_HP_BONUS","is_daily":false,"chose_seed":false,"campfire_upgraded":2,"win_rate":0.0,"timestamp":1609020646,"path_taken":["M","M","M","?","?","R","E","R","T","M","M","$","?","?","R","BOSS"],"items_purchased_type":["Relic"],"build_version":"2020-12-22","purchased_purges":1,"victory":false,"max_hp_per_floor":[82,82,82,82,82,82,82,82,82,82,82,82,82,82,82,82,82],"card_choices":[{"not_picked":["RobotSpaceExplorer:FrostMissile","RobotSpaceExplorer:SwiftStep"],"picked":"RobotSpaceExplorer:MetalStrike","floor":1},{"not_picked":["RobotSpaceExplorer:PowerCollector","RobotSpaceExplorer:ScrapMissile","RobotSpaceExplorer:StunGrenade"],"picked":"SKIP","floor":2},{"not_picked":["RobotSpaceExplorer:BigMissile","RobotSpaceExplorer:FrostMissile"],"picked":"RobotSpaceExplorer:LuckyStrike","floor":3},{"not_picked":["RobotSpaceExplorer:Electropulse","RobotSpaceExplorer:FrostMissile"],"picked":"RobotSpaceExplorer:Pulsar","floor":7},{"not_picked":["RobotSpaceExplorer:FranticSearch","RobotSpaceExplorer:PowerCollector"],"picked":"RobotSpaceExplorer:MiniDrones","floor":10},{"not_picked":["RobotSpaceExplorer:FranticSearch","RobotSpaceExplorer:SlimeMissile"],"picked":"RobotSpaceExplorer:ScrapToss","floor":11}],"player_experience":596139,"relics_obtained":[{"floor":4,"key":"RobotSpaceExplorer:ClockworkSextant"},{"floor":7,"key":"Ice Cream"},{"floor":9,"key":"Eternal Feather"}],"event_choices":[],"is_beta":false,"boss_relics":[],"items_purged_floors":[12],"is_endless":false,"potions_floor_spawned":[1,11,16],"killed_by":"Hallownest:BossHornet","ascension_level":0}}