{"host":"gttgmv2wah99hzdm","time":1609024922,"event":{"mods":["AchievementEnabler","BaseMod","Bestiary","Block Reminder","Filter the Spire","Highlight Path","Minty Spire (QoL Compilation)","Permanent Neow","Random Character Button","Relic Stats","StSLib"],"gold_per_floor":[119,134,134,153,173,173,173,173,173],"floor_reached":8,"playtime":410,"items_purged":[],"score":94,"play_id":"ab74235b-806b-4655-804e-1a2236f6da91","local_time":"20201226172202","is_ascension_mode":true,"campfire_choices":[{"data":"Blade Dance","floor":6,"key":"SMITH"}],"circlet_count":0,"master_deck":["AscendersBane","Strike_G","Strike_G","Strike_G","Strike_G","Strike_G","Defend_G","Defend_G","Defend_G","Defend_G","Defend_G","Survivor","Neutralize","Blade Dance+1","Bouncing Flask","Quick Slash","Footwork"],"relics":["HoveringKite","Gambling Chip"],"acts_visited":["Exordium"],"potions_floor_usage":[],"damage_taken":[{"damage":8,"enemies":"Cultist","floor":1,"turns":6},{"damage":0,"enemies":"2 Louse","floor":2,"turns":3},{"damage":0,"enemies":"Jaw Worm","floor":4,"turns":4},{"damage":8,"enemies":"Exordium Wildlife","floor":5,"turns":3},{"damage":32,"enemies":"3 Sentries","floor":8,"turns":9}],"seed_played":"6897216751584220409","potions_obtained":[{"floor":1,"key":"Swift Potion"}],"is_trial":false,"path_per_floor":["M","M","?","M","M","R","?","E"],"character_chosen":"THE_SILENT","items_purchased":[],"campfire_rested":0,"item_purchase_floors":[],"current_hp_per_floor":[51,51,33,33,25,25,25,0,0],"gold":173,"neow_bonus":"BOSS_RELIC","is_daily":false,"chose_seed":false,"campfire_upgraded":1,"win_rate":0.0,"timestamp":1609024922,"path_taken":["M","?","?","M","M","R","?","E"],"items_purchased_type":[],"build_version":"2020-12-22","purchased_purges":0,"victory":false,"max_hp_per_floor":[66,66,66,66,66,66,66,66,66],"relic_stats":{"counters":[5,25],"Gambling Chip":[8],"HoveringKite":[7],"obtain_stats":[{"Gambling Chip":3,"HoveringKite":0,"Ring of the Snake":0},{"Gambling Chip":2,"HoveringKite":0,"Ring of the Snake":0},{"Gambling Chip":9,"HoveringKite":0,"Ring of the Snake":0}]},"card_choices":[{"not_picked":["Terror","Riddle With Holes"],"picked":"Blade Dance","floor":1},{"not_picked":["Prepared","Underhanded Strike"],"picked":"Bouncing Flask","floor":2},{"not_picked":["Deflect","Slice"],"picked":"Quick Slash","floor":4},{"not_picked":["Unload","Concentrate"],"picked":"Footwork","floor":5}],"player_experience":967906,"relics_obtained":[],"event_choices":[{"damage_healed":0,"gold_gain":0,"player_choice":"Success","damage_taken":18,"relics_obtained":["Gambling Chip"],"max_hp_gain":0,"max_hp_loss":0,"event_name":"Scrap Ooze","floor":3,"gold_loss":0},{"damage_healed":0,"gold_gain":0,"player_choice":"Searched \u00270\u0027 times","damage_taken":0,"max_hp_gain":0,"max_hp_loss":0,"event_name":"Dead Adventurer","floor":7,"gold_loss":0}],"is_beta":false,"boss_relics":[],"items_purged_floors":[],"is_endless":false,"potions_floor_spawned":[1],"killed_by":"3 Sentries","ascension_level":19}}