{"host":"gttgmv2wah99hzdm","time":1609024499,"event":{"mods":["AchievementEnabler","BaseMod","Bestiary","Block Reminder","Filter the Spire","Highlight Path","Minty Spire (QoL Compilation)","Permanent Neow","Random Character Button","Relic Stats","StSLib"],"gold_per_floor":[168,168,178,188,188,188,219,369,369,4,4,21,21,39,39,39,39],"floor_reached":16,"playtime":476,"items_purged":["Doubt"],"score":195,"play_id":"01c20820-2bbe-45eb-9827-d6b9cf58ce73","local_time":"20201226171459","is_ascension_mode":true,"campfire_choices":[{"data":"Crippling Poison","floor":6,"key":"SMITH"},{"data":"Poisoned Stab","floor":11,"key":"SMITH"},{"data":"Reflex","floor":13,"key":"SMITH"},{"data":"Tactician","floor":15,"key":"SMITH"}],"circlet_count":0,"master_deck":["AscendersBane","Strike_G+1","Strike_G","Strike_G","Strike_G","Defend_G","Defend_G","Defend_G","Defend_G","Defend_G","Survivor","Neutralize","Poisoned Stab+1","Dagger Throw","Reflex+1","Crippling Poison+1","Acrobatics","Bane+1","Escape Plan","Tactician+1"],"relics":["Tiny House","The Courier","Oddly Smooth Stone","Molten Egg 2","Tough Bandages"],"acts_visited":["Exordium"],"potions_floor_usage":[12,16],"damage_taken":[{"damage":0,"enemies":"Jaw Worm","floor":1,"turns":4},{"damage":0,"enemies":"Cultist","floor":3,"turns":3},{"damage":2,"enemies":"2 Louse","floor":4,"turns":3},{"damage":19,"enemies":"Gremlin Nob","floor":7,"turns":4},{"damage":6,"enemies":"Large Slime","floor":12,"turns":5},{"damage":9,"enemies":"Red Slaver","floor":14,"turns":4},{"damage":28,"enemies":"Hexaghost","floor":16,"turns":4}],"seed_played":"190163498201296203","potions_obtained":[{"floor":0,"key":"GamblersBrew"},{"floor":7,"key":"SpeedPotion"},{"floor":14,"key":"SteroidPotion"}],"is_trial":false,"path_per_floor":["M","?","M","M","T","R","E","?","T","$","R","M","R","M","R","B"],"character_chosen":"THE_SILENT","items_purchased":["Tough Bandages","Bane+1"],"campfire_rested":0,"item_purchase_floors":[10,10],"current_hp_per_floor":[64,64,64,62,62,62,43,43,43,43,43,37,37,28,28,0,0],"gold":39,"neow_bonus":"BOSS_RELIC","is_daily":false,"chose_seed":false,"campfire_upgraded":4,"win_rate":0.0,"timestamp":1609024499,"path_taken":["M","?","M","?","?","R","E","?","T","$","R","M","R","M","R","BOSS"],"items_purchased_type":["Relic","Card"],"build_version":"2020-12-22","purchased_purges":1,"victory":false,"max_hp_per_floor":[71,71,71,71,71,71,71,71,71,71,71,71,71,71,71,71,71],"relic_stats":{"Tough Bandages":[33],"counters":[7,27],"obtain_stats":[{"Tough Bandages":10,"Tiny House":0,"Oddly Smooth Stone":7,"Molten Egg 2":9,"The Courier":5,"Ring of the Snake":0},{"Tough Bandages":4,"Tiny House":0,"Oddly Smooth Stone":4,"Molten Egg 2":4,"The Courier":3,"Ring of the Snake":0},{"Tough Bandages":14,"Tiny House":0,"Oddly Smooth Stone":14,"Molten Egg 2":14,"The Courier":10,"Ring of the Snake":0}]},"card_choices":[{"not_picked":["Slice","Sucker Punch"],"picked":"Poisoned Stab","floor":0},{"not_picked":["Dodge and Roll","Outmaneuver"],"picked":"Dagger Throw","floor":1},{"not_picked":["Terror","Sucker Punch"],"picked":"Reflex","floor":3},{"not_picked":["Bouncing Flask","Reflex"],"picked":"Crippling Poison","floor":4},{"not_picked":["Underhanded Strike","Finisher"],"picked":"Acrobatics","floor":7},{"not_picked":["A Thousand Cuts","Reflex"],"picked":"Escape Plan","floor":12},{"not_picked":["Dash+1","Bouncing Flask"],"picked":"Tactician","floor":14}],"player_experience":967430,"relics_obtained":[{"floor":5,"key":"The Courier"},{"floor":7,"key":"Oddly Smooth Stone"},{"floor":9,"key":"Molten Egg 2"}],"event_choices":[{"cards_removed":["Strike_G"],"damage_healed":0,"gold_gain":0,"player_choice":"Offered Basic","damage_taken":0,"max_hp_gain":0,"max_hp_loss":0,"event_name":"Bonfire Elementals","floor":2,"gold_loss":0},{"damage_healed":0,"gold_gain":150,"player_choice":"AGREE","damage_taken":0,"max_hp_gain":0,"max_hp_loss":0,"event_name":"Liars Game","floor":8,"gold_loss":0,"cards_obtained":["Doubt"]}],"is_beta":false,"boss_relics":[],"items_purged_floors":[10],"is_endless":false,"potions_floor_spawned":[7,14],"killed_by":"Hexaghost","ascension_level":19}}