{"host":"chu2qla6oth0ebqb","time":1609006994,"event":{"mods":["AchievementEnabler","Arknights The Spire","Aspiration","BaseMod","Better Altar","Better Match","Better Sensory Stone","Better Skull","Better Third Choice","BetterRewards","Colored Map","Colored Powertips","Gold Saver","Hermit","Highlight Path","Hubris","Infinite Spire","Minty Spire (QoL Compilation)","Quick Restart","Relic Sorter","Replay The Spire","Spicy Shops","StSLib","SuperFastMode","Synergy Search","The Bug Knight","The Cursed"],"gold_per_floor":[270,270,21,21,38,66,66,83,106,134,150,5,24,44,44,139,139,159,159,32,31,49,49,49,61,113,113,113],"floor_reached":27,"playtime":2193,"items_purged":["hermit:Strike_Hermit"],"score":225,"play_id":"385315c6-e146-4ded-ad9f-5fe0a5e11c9c","local_time":"20201226202314","is_ascension_mode":false,"campfire_choices":[{"floor":15,"key":"REST"},{"floor":23,"key":"REST"}],"circlet_count":0,"master_deck":["hermit:Strike_Hermit","hermit:Strike_Hermit","hermit:Defend_Hermit","hermit:Defend_Hermit","hermit:Snapshot","hermit:Covet","hermit:NoHoldsBarred","hermit:Dive","hermit:GhostlyPresence","hermit:Enervate","hermit:Gambit","hermit:PistolWhip","hermit:GhostlyPresence","hermit:HighNoon","CurseOfTheBell","Pot Of Greed","Pot Of Greed","hermit:TakeAim+1","hermit:GoldenBullet","hermit:Quickdraw+1"],"relics":["hermit:Momento","Onion Ring","ats:Originium","Dream Catcher","aspiration:HummingbirdHeart","Potion Belt","ats:Originium","MealTicket","Lantern","Calling Bell","Pen Nib","Pantograph","Pocketwatch","Grinning Jar","FaceOfCleric"],"acts_visited":["Exordium","TheCity"],"potions_floor_usage":[27,27,27],"damage_taken":[{"damage":0,"enemies":"Small Slimes","floor":1,"turns":3},{"damage":0,"enemies":"2 Louse","floor":5,"turns":1},{"damage":11,"enemies":"3 Sentries","floor":6,"turns":5},{"damage":0,"enemies":"Cultist","floor":8,"turns":2},{"damage":25,"enemies":"Lagavulin","floor":10,"turns":6},{"damage":0,"enemies":"Exordium Wildlife","floor":11,"turns":2},{"damage":0,"enemies":"Large Slime","floor":13,"turns":3},{"damage":0,"enemies":"Gremlin Gang","floor":14,"turns":3},{"damage":48,"enemies":"Hexaghost","floor":16,"turns":11},{"damage":48,"enemies":"Spheric Guardian","floor":18,"turns":6},{"damage":4,"enemies":"2 Thieves","floor":21,"turns":4},{"damage":28,"enemies":"Snecko","floor":22,"turns":5},{"damage":12,"enemies":"Shelled Parasite and Fungi","floor":25,"turns":8},{"damage":29,"enemies":"Gremlin Leader","floor":27,"turns":7}],"seed_played":"-141348131598062885","potions_obtained":[{"floor":1,"key":"SkillPotion"},{"floor":5,"key":"Dexterity Potion"},{"floor":14,"key":"Strength Potion"},{"floor":16,"key":"FearPotion"},{"floor":25,"key":"Cursed Concoction"}],"is_trial":false,"path_per_floor":["M","?","$","?","M","E","T","M","T","E","M","$","M","M","R","B",null,"M","?","$","M","M","R","?","M","T","E"],"character_chosen":"HERMIT","items_purchased":["Onion Ring","Lantern","hermit:TakeAim+1"],"campfire_rested":2,"item_purchase_floors":[3,12,20],"current_hp_per_floor":[75,68,68,68,68,57,57,57,57,32,32,47,47,47,69,21,75,27,27,42,38,10,32,32,21,21,0,0],"gold":113,"neow_bonus":"TRANSFORM_CARD","is_daily":false,"chose_seed":false,"campfire_upgraded":0,"win_rate":0.0,"timestamp":1609006994,"path_taken":["M","?","$","?","?","E","?","M","T","E","M","$","M","M","R","BOSS","M","?","$","M","?","R","?","?","T","E"],"items_purchased_type":["Relic","Relic","Card"],"build_version":"2020-12-22","purchased_purges":1,"victory":false,"max_hp_per_floor":[75,75,75,75,75,75,75,75,75,75,75,75,75,75,75,75,75,75,75,75,75,75,75,75,76,76,76,76],"card_choices":[{"not_picked":["hermit:Misfire","hermit:HoleUp"],"picked":"hermit:Dive","floor":1},{"not_picked":["hermit:Headshot","hermit:HoleUp"],"picked":"hermit:GhostlyPresence","floor":5},{"not_picked":["hermit:Desperado","hermit:LuckOfTheDraw"],"picked":"hermit:Enervate","floor":6},{"not_picked":["hermit:HoleUp","hermit:Enervate"],"picked":"hermit:Gambit","floor":8},{"not_picked":["hermit:BodyArmor","hermit:CalledShot"],"picked":"hermit:PistolWhip","floor":10},{"not_picked":["hermit:Manifest","hermit:NoHoldsBarred"],"picked":"hermit:GhostlyPresence","floor":11},{"not_picked":["hermit:Desperado","hermit:Dive","hermit:Vantage"],"picked":"SKIP","floor":13},{"not_picked":["hermit:Ricochet","hermit:CalledShot","hermit:Horror"],"picked":"SKIP","floor":14},{"not_picked":["hermit:Adapt","hermit:FinalCanter"],"picked":"hermit:HighNoon","floor":16},{"not_picked":["hermit:GhostlyPresence","hermit:Snipe","hermit:PistolWhip+1"],"picked":"SKIP","floor":18},{"not_picked":["hermit:HoleUp","hermit:Vantage","hermit:Glare"],"picked":"SKIP","floor":21},{"not_picked":["hermit:TrackingShot","hermit:BigShot"],"picked":"hermit:GoldenBullet","floor":22},{"not_picked":["hermit:Deadeye","hermit:Showdown"],"picked":"hermit:Quickdraw+1","floor":23},{"not_picked":["hermit:Quickdraw","hermit:Cheat","hermit:Coalescence"],"picked":"SKIP","floor":25}],"player_experience":277188,"relics_obtained":[{"floor":6,"key":"ats:Originium"},{"floor":6,"key":"Dream Catcher"},{"floor":7,"key":"aspiration:HummingbirdHeart"},{"floor":9,"key":"Potion Belt"},{"floor":10,"key":"ats:Originium"},{"floor":10,"key":"MealTicket"},{"floor":17,"key":"Pen Nib"},{"floor":17,"key":"Pantograph"},{"floor":17,"key":"Pocketwatch"}],"event_choices":[{"cards_removed":["hermit:Strike_Hermit"],"damage_healed":0,"gold_gain":0,"player_choice":"Card Removal","damage_taken":7,"max_hp_gain":0,"max_hp_loss":0,"event_name":"Golden Wing","floor":2,"gold_loss":0},{"cards_removed":["hermit:Defend_Hermit"],"damage_healed":0,"gold_gain":0,"player_choice":"Offered Basic","damage_taken":0,"max_hp_gain":0,"max_hp_loss":0,"event_name":"Bonfire Elementals","floor":4,"gold_loss":0},{"damage_healed":0,"gold_gain":0,"player_choice":"Gave Potion","damage_taken":0,"relics_obtained":["Grinning Jar"],"max_hp_gain":0,"max_hp_loss":0,"event_name":"WeMeetAgain","floor":19,"gold_loss":0},{"damage_healed":0,"gold_gain":0,"player_choice":"Trade","damage_taken":0,"relics_obtained":["FaceOfCleric"],"max_hp_gain":0,"max_hp_loss":0,"event_name":"FaceTrader","floor":24,"gold_loss":0}],"is_beta":false,"boss_relics":[{"not_picked":["aspiration:SilentSkillbook","aspiration:WatcherSkillbook"],"picked":"Calling Bell"}],"items_purged_floors":[20],"is_endless":false,"potions_floor_spawned":[1,5,14,16,25],"killed_by":"Gremlin Leader","ascension_level":0}}