{"host":"mwsmbxdngw43p4je","time":1609014351,"event":{"mods":["BaseMod","Better Third Choice","Colored Map","Colored Powertips","DeckTracker","Downfall","Minty Spire (QoL Compilation)","Permanent Neow","Quick Restart","Relic Stats","Replay The Spire","StSLib"],"gold_per_floor":[114,35,35,35,48,77,77,152,175,204,151,171,182,212,212,311,361,381,401,130,144,144,171,183,217,217,217,217,217,5,25,25,120,220,239,258,258,308,319,345,345,371,371,396,396,407,419,448,448,448],"floor_reached":51,"playtime":4584,"items_purged":["Replay:Hysterical Blindness"],"score":940,"play_id":"ec913312-7e5d-4bce-a739-8fee0a4886af","local_time":"20201226142551","is_ascension_mode":true,"campfire_choices":[{"data":"Guardian:TwinSlam","floor":7,"key":"SMITH"},{"data":"Guardian:SentryBeam","floor":15,"key":"SMITH"},{"data":"Guardian:BaubleBeam","floor":27,"key":"SMITH"},{"data":"Guardian:Orbwalk","floor":32,"key":"SMITH"},{"floor":41,"key":"REST"},{"floor":49,"key":"REST"}],"circlet_count":0,"master_deck":["Guardian:Strike_Guardian+1","Guardian:Strike_Guardian","Guardian:Strike_Guardian+1","Guardian:Defend_Guardian+1","Guardian:Defend_Guardian","Guardian:Defend_Guardian+1","Guardian:Defend_Guardian","Guardian:CurlUp","Guardian:TwinSlam+1","Guardian:ChargeCore+1","Guardian:BronzeOrb","Guardian:PrimingBeam","Guardian:Reroute","Guardian:TimeSifter","Guardian:SentryBeam+1","Guardian:BaubleBeam+1","Guardian:PrimingBeam","Guardian:PrismaticBeam","Guardian:TimeCapacitor","Guardian:MultiBeam+1","Guardian:Orbwalk+1","Guardian:FierceBash","Guardian:MultiBeam","Guardian:Planning+1","Apotheosis+1","Violence","Guardian:FuturePlans+1","Guardian:Reroute"],"relics":["Guardian:ModeShifter","Ring of Chaos","Guardian:DefensiveModeMoreBlock","ReplayTheSpireMod:TigerMarble","Ice Cream","PreservedInsect","Bag of Preparation","Tiny House","Matryoshka","Letter Opener","Replay:Kaleidoscope","ReplayTheSpireMod:Lightbulb","Lantern","Whetstone","Pear","Shuriken","Replay:Wanted Poster","Ginger","TungstenRod","Bottled Flame","Blue Candle","Pet Ghost","Replay:Bottled Eggs"],"acts_visited":["Exordium","TheCity","TheBeyond"],"potions_floor_usage":[6,38,50,50,50],"damage_taken":[{"damage":1,"enemies":"Jaw Worm","floor":1,"turns":4},{"damage":0,"enemies":"Small Slimes","floor":5,"turns":2},{"damage":10,"enemies":"Gremlin Nob","floor":6,"turns":4},{"damage":0,"enemies":"3 Sentries","floor":10,"turns":7},{"damage":0,"enemies":"Cultist","floor":12,"turns":3},{"damage":0,"enemies":"Looter","floor":13,"turns":1},{"damage":0,"enemies":"Lagavulin","floor":14,"turns":3},{"damage":1,"enemies":"Slime Boss","floor":16,"turns":6},{"damage":0,"enemies":"Chosen","floor":18,"turns":2},{"damage":5,"enemies":"2 Thieves","floor":19,"turns":3},{"damage":12,"enemies":"Centurion and Healer","floor":21,"turns":5},{"damage":3,"enemies":"Gremlin Leader","floor":23,"turns":4},{"damage":3,"enemies":"Snecko","floor":24,"turns":3},{"damage":9,"enemies":"Slavers","floor":25,"turns":4},{"damage":0,"enemies":"Snake Plant","floor":31,"turns":1},{"damage":15,"enemies":"Automaton","floor":33,"turns":5},{"damage":13,"enemies":"3 Shapes","floor":35,"turns":3},{"damage":10,"enemies":"Orb Walker","floor":36,"turns":2},{"damage":16,"enemies":"Mind Bloom Boss Battle","floor":38,"turns":4},{"damage":0,"enemies":"Sphere and 2 Shapes","floor":39,"turns":2},{"damage":7,"enemies":"Giant Head","floor":40,"turns":4},{"damage":24,"enemies":"R_Hoarder","floor":42,"turns":3},{"damage":0,"enemies":"Reptomancer","floor":44,"turns":1},{"damage":0,"enemies":"Maw","floor":46,"turns":4},{"damage":0,"enemies":"Spire Growth","floor":47,"turns":3},{"damage":4,"enemies":"Nemesis","floor":48,"turns":3},{"damage":29,"enemies":"Time Eater","floor":50,"turns":6}],"seed_played":"3592453119059602249","potions_obtained":[{"floor":5,"key":"Swift Potion"},{"floor":13,"key":"Swift Potion"},{"floor":14,"key":"EssenceOfSteel"},{"floor":17,"key":"Regen Potion"},{"floor":19,"key":"Flashbang"},{"floor":38,"key":"AttackPotion"},{"floor":44,"key":"Block Potion"}],"is_trial":true,"path_per_floor":["M","$","?","?","M","E","R","?","T","E","?","M","M","E","R","B",null,"M","M","$","M","T","E","M","E","T","R","?","?","$","M","R","B",null,"M","M","?","?","M","E","R","E","T","E","?","M","M","E","R","B",null],"character_chosen":"GUARDIAN","items_purchased":["Guardian:BronzeOrb","Matryoshka","Guardian:PrismaticBeam","Guardian:MultiBeam+1","Guardian:Orbwalk"],"campfire_rested":2,"item_purchase_floors":[2,20,20,30,30],"current_hp_per_floor":[79,79,63,63,63,53,53,42,42,42,42,42,42,42,42,41,85,85,80,80,68,68,65,62,53,63,63,63,63,63,63,63,48,95,82,72,62,46,46,39,67,43,43,43,43,43,43,39,67,53],"gold":448,"neow_bonus":"","is_daily":false,"chose_seed":false,"campfire_upgraded":4,"win_rate":0.0,"timestamp":1609014351,"path_taken":["M","$","?","?","?","E","R","?","T","E","?","M","M","E","R","BOSS","M","M","$","M","?","E","?","E","T","R","?","?","$","M","R","BOSS","M","M","?","?","M","E","R","E","T","E","?","M","M","E","R","BOSS"],"items_purchased_type":["Card","Relic","Card","Card","Card"],"build_version":"2020-12-22","purchased_purges":1,"victory":true,"max_hp_per_floor":[80,80,80,80,80,80,80,80,80,80,80,80,80,80,80,80,85,85,85,85,85,85,85,85,85,95,95,95,95,95,95,95,95,95,95,95,95,95,95,95,95,95,95,95,95,95,95,95,95,95],"relic_stats":{"counters":[27,92],"Shuriken":[35],"Blue Candle":[0],"PreservedInsect":417,"Bag of Preparation":[40],"Letter Opener":[46],"Whetstone":["Guardian:Strike_Guardian","Guardian:Strike_Guardian"],"Ginger":[5],"obtain_stats":[{"Guardian:DefensiveModeMoreBlock":6,"Ice Cream":10,"Lantern":25,"Tiny House":17,"Pear":26,"Blue Candle":43,"Guardian:ModeShifter":0,"Ring of Chaos":0,"PreservedInsect":11,"Bag of Preparation":14,"Letter Opener":22,"Replay:Kaleidoscope":22,"Whetstone":26,"Ginger":38,"Pet Ghost":44,"Replay:Wanted Poster":34,"Bottled Flame":42,"Matryoshka":20,"Shuriken":29,"ReplayTheSpireMod:TigerMarble":9,"Replay:Bottled Eggs":48,"ReplayTheSpireMod:Lightbulb":23,"TungstenRod":40},{"Guardian:DefensiveModeMoreBlock":3,"Ice Cream":4,"Lantern":14,"Tiny House":8,"Pear":14,"Blue Candle":22,"Guardian:ModeShifter":0,"Ring of Chaos":0,"PreservedInsect":4,"Bag of Preparation":7,"Letter Opener":11,"Replay:Kaleidoscope":11,"Whetstone":14,"Ginger":19,"Pet Ghost":23,"Replay:Wanted Poster":16,"Bottled Flame":22,"Matryoshka":10,"Shuriken":14,"ReplayTheSpireMod:TigerMarble":3,"Replay:Bottled Eggs":26,"ReplayTheSpireMod:Lightbulb":12,"TungstenRod":21},{"Guardian:DefensiveModeMoreBlock":10,"Ice Cream":17,"Lantern":51,"Tiny House":30,"Pear":51,"Blue Candle":75,"Guardian:ModeShifter":0,"Ring of Chaos":0,"PreservedInsect":17,"Bag of Preparation":24,"Letter Opener":40,"Replay:Kaleidoscope":40,"Whetstone":51,"Ginger":66,"Pet Ghost":76,"Replay:Wanted Poster":57,"Bottled Flame":75,"Matryoshka":35,"Shuriken":51,"ReplayTheSpireMod:TigerMarble":10,"Replay:Bottled Eggs":86,"ReplayTheSpireMod:Lightbulb":44,"TungstenRod":72}],"TungstenRod":7},"card_choices":[{"not_picked":["Guardian:FloatingOrbs","Guardian:ArmoredProtocol"],"picked":"Guardian:ChargeCore","floor":1},{"not_picked":["Guardian:Recover","Guardian:ChargeUp"],"picked":"Guardian:PrimingBeam","floor":5},{"not_picked":["Guardian:CrystalBeam","Guardian:Incinerate"],"picked":"Guardian:Reroute","floor":6},{"not_picked":["Guardian:TemporalShield","Guardian:PiercingHide"],"picked":"Guardian:TimeSifter","floor":10},{"not_picked":["Guardian:PolyBeam","Guardian:Gem_Red"],"picked":"Guardian:Gem_Blue","floor":12},{"not_picked":["Guardian:Gem_Green","Guardian:Suspension"],"picked":"Guardian:SentryBeam","floor":13},{"not_picked":["Guardian:Incinerate","Guardian:Recover"],"picked":"Guardian:Gem_Red","floor":14},{"not_picked":["Guardian:FastForward","Guardian:CompilePackage"],"picked":"Guardian:BaubleBeam","floor":16},{"not_picked":["Guardian:VentSteam","Guardian:Emergency"],"picked":"Guardian:Gem_Crimson","floor":17},{"not_picked":["Guardian:Gem_Cyan","Guardian:ShieldCharger"],"picked":"Guardian:PrimingBeam","floor":18},{"not_picked":["Guardian:SpikerProtocol+1","Guardian:Incinerate","Guardian:EvasiveProtocol"],"picked":"SKIP","floor":19},{"not_picked":["Guardian:ShieldCharger","Guardian:SpikerProtocol","Guardian:Gem_Green"],"picked":"SKIP","floor":21},{"not_picked":["Guardian:ArmoredProtocol","Guardian:TemporalStrike"],"picked":"Guardian:Gem_Orange","floor":23},{"not_picked":["Guardian:ShieldCharger","Guardian:VentSteam"],"picked":"Guardian:TimeCapacitor","floor":24},{"not_picked":["Guardian:Gem_Purple","Guardian:GemFire"],"picked":"Guardian:Gem_White","floor":25},{"not_picked":["Guardian:PiercingHide","Guardian:RollAttack"],"picked":"Guardian:Gem_Purple","floor":31},{"not_picked":["Guardian:HyperBeam_Guardian","Guardian:GemFire"],"picked":"Guardian:FierceBash","floor":33},{"not_picked":["Guardian:WalkerClaw+1","Guardian:Recover"],"picked":"Guardian:MultiBeam","floor":35},{"not_picked":["Guardian:CrystalBeam","Guardian:PrismaticBeam"],"picked":"Guardian:Planning+1","floor":36},{"not_picked":["ReplayTheSpireMod:Uncanny Aura","Thinking Ahead"],"picked":"Apotheosis","floor":37},{"not_picked":["HandOfGreed","Transmutation"],"picked":"Violence","floor":37},{"not_picked":["Guardian:FuturePlans+1","Guardian:Harden+1"],"picked":"Guardian:Gem_Yellow","floor":38},{"not_picked":["Guardian:Suspension","Guardian:Clone+1"],"picked":"Guardian:FuturePlans+1","floor":39},{"not_picked":["Guardian:DecasProtection","Guardian:Gem_Synthetic"],"picked":"Guardian:Gem_Red","floor":40},{"not_picked":["Guardian:Suspension","Guardian:RollAttack+1"],"picked":"Guardian:Gem_Crimson","floor":42},{"not_picked":["Guardian:Planning+1","Guardian:GuardianWhirl"],"picked":"Guardian:Reroute","floor":44},{"not_picked":["Guardian:Suspension","Guardian:Planning+1","Guardian:Incinerate+1"],"picked":"SKIP","floor":46},{"not_picked":["Guardian:GuardianWhirl+1","Guardian:Gem_Green","Guardian:TemporalShield+1"],"picked":"SKIP","floor":47},{"not_picked":["Guardian:PrismaticBeam+1","Guardian:CompilePackage","Guardian:PrismaticBarrier+1"],"picked":"SKIP","floor":48}],"player_experience":441172,"relics_obtained":[{"floor":6,"key":"Guardian:DefensiveModeMoreBlock"},{"floor":9,"key":"ReplayTheSpireMod:TigerMarble"},{"floor":10,"key":"Ice Cream"},{"floor":14,"key":"Bag of Preparation"},{"floor":22,"key":"Letter Opener"},{"floor":22,"key":"Replay:Kaleidoscope"},{"floor":23,"key":"ReplayTheSpireMod:Lightbulb"},{"floor":25,"key":"Lantern"},{"floor":26,"key":"Whetstone"},{"floor":26,"key":"Pear"},{"floor":38,"key":"Ginger"},{"floor":40,"key":"TungstenRod"},{"floor":42,"key":"Bottled Flame"},{"floor":43,"key":"Blue Candle"},{"floor":44,"key":"Pet Ghost"},{"floor":48,"key":"Replay:Bottled Eggs"}],"event_choices":[{"damage_healed":79,"gold_gain":0,"player_choice":"Upgrade","damage_taken":16,"max_hp_gain":0,"max_hp_loss":80,"event_name":"betterThird:BetterShining","floor":3,"gold_loss":0,"cards_upgraded":["Guardian:Defend_Guardian","Guardian:Defend_Guardian"]},{"cards_removed":["Guardian:Strike_Guardian"],"damage_healed":0,"gold_gain":0,"player_choice":"Offered Basic","damage_taken":0,"max_hp_gain":0,"max_hp_loss":0,"event_name":"Bonfire Elementals","floor":4,"gold_loss":0},{"damage_healed":0,"gold_gain":75,"player_choice":"Gold","damage_taken":11,"max_hp_gain":0,"max_hp_loss":0,"event_name":"betterThird:BetterGoop","floor":8,"gold_loss":0},{"damage_healed":0,"gold_gain":0,"player_choice":"Paid Gold","damage_taken":0,"relics_obtained":["PreservedInsect"],"max_hp_gain":0,"max_hp_loss":0,"event_name":"WeMeetAgain","floor":11,"gold_loss":53},{"damage_healed":0,"gold_gain":0,"player_choice":"Memory 3","damage_taken":10,"max_hp_gain":0,"max_hp_loss":0,"event_name":"SensoryStone","floor":37,"gold_loss":0},{"damage_healed":0,"gold_gain":0,"player_choice":"Fight","damage_taken":0,"max_hp_gain":0,"max_hp_loss":0,"event_name":"MindBloom","floor":38,"gold_loss":0},{"damage_healed":0,"gold_gain":0,"player_choice":"0 cards matched","damage_taken":0,"max_hp_gain":0,"max_hp_loss":0,"event_name":"Match and Keep!","floor":45,"gold_loss":0,"cards_obtained":[]}],"is_beta":false,"boss_relics":[{"not_picked":["Ring of Chaos","Coffee Dripper"],"picked":"Tiny House"},{"not_picked":["Runic Pyramid","Guardian:ModeShifterPlus"],"picked":"Replay:Wanted Poster"}],"items_purged_floors":[30],"is_endless":false,"potions_floor_spawned":[5,13,14,18,19,31,33,38,39,42,44,46],"ascension_level":1}}