{"host":"Brown Brick","time":1609020056,"event":{"mods":["BaseMod","Melee Mod","Minty Spire (QoL Compilation)","Rare Cards Sparkle","Relic Stats","Robot Space Explorer","StSLib","The Marked","Unceasing Turn Reminder","everything is the same but u backflip on backflip"],"gold_per_floor":[114,114,127,127,127,127,127],"floor_reached":6,"playtime":321,"items_purged":[],"score":34,"play_id":"774be8b7-0d27-4925-9ed3-5fc9ef691d7a","local_time":"20201226230056","is_ascension_mode":false,"campfire_choices":[],"circlet_count":0,"master_deck":["theMarked:Strike","theMarked:Strike","theMarked:Strike","theMarked:Strike","theMarked:Defend","theMarked:Defend","theMarked:Defend","theMarked:Defend","theMarked:SoldierOfQuellstein","theMarked:Levitate","theMarked:SwordAndMagic"],"relics":["theMarked:ArtifactOfAir","Eternal Feather"],"acts_visited":["Exordium"],"potions_floor_usage":[],"damage_taken":[{"damage":0,"enemies":"2 Louse","floor":1,"turns":3},{"damage":0,"enemies":"Cultist","floor":3,"turns":3},{"damage":52,"enemies":"Lagavulin","floor":6,"turns":8}],"seed_played":"-4933909320075999180","potions_obtained":[],"is_trial":false,"path_per_floor":["M","?","M","T","$","E"],"character_chosen":"THE_DEFAULT","items_purchased":[],"campfire_rested":0,"item_purchase_floors":[],"current_hp_per_floor":[49,49,49,49,49,0,0],"gold":127,"neow_bonus":"THREE_RARE_CARDS","is_daily":false,"chose_seed":false,"campfire_upgraded":0,"win_rate":0.0,"timestamp":1609020056,"path_taken":["M","?","?","?","?","E"],"items_purchased_type":[],"build_version":"2020-12-18","purchased_purges":0,"victory":false,"max_hp_per_floor":[70,70,70,70,70,70,70],"relic_stats":{"counters":[3,14],"Eternal Feather":0,"obtain_stats":[{"theMarked:ArtifactOfAir":0,"Eternal Feather":4},{"theMarked:ArtifactOfAir":0,"Eternal Feather":2},{"theMarked:ArtifactOfAir":0,"Eternal Feather":6}]},"card_choices":[{"not_picked":["theMarked:Defy","theMarked:TakeOffHeels"],"picked":"theMarked:Levitate","floor":0},{"not_picked":["theMarked:Frustration","theMarked:RepellingDischarge","theMarked:WardOff"],"picked":"SKIP","floor":1},{"not_picked":["theMarked:BanishingWave","theMarked:ReduceFriction"],"picked":"theMarked:SwordAndMagic","floor":3}],"player_experience":646212,"relics_obtained":[{"floor":4,"key":"Eternal Feather"}],"event_choices":[{"cards_removed":["theMarked:Strike"],"damage_healed":0,"gold_gain":0,"player_choice":"Card Removal","damage_taken":0,"max_hp_gain":0,"max_hp_loss":0,"event_name":"Wheel of Change","floor":2,"gold_loss":0}],"is_beta":true,"boss_relics":[],"items_purged_floors":[],"is_endless":false,"potions_floor_spawned":[],"killed_by":"Lagavulin","ascension_level":0}}