{"host":"uq7j81ocmf0ebuur","time":1609027051,"event":{"mods":["AchievementEnabler","BaseMod","Better Match","Better Note","Better Third Choice","Block Reminder","Colored Map","Colored Powertips","Defuse TimeMaze Blight","Googly Eyes","Minty Spire (QoL Compilation)","Relic Stats","StSLib","SuperFastMode","everything is the same but u backflip on backflip","slay the spire mod where everything is the same but ironclad has a cowboy hat"],"gold_per_floor":[115,115,134,209,230,266,297,297,343,343,356,356,356],"floor_reached":12,"playtime":292,"items_purged":[],"score":94,"play_id":"6c53e922-7fad-4423-beb5-35a282087a4f","local_time":"20201227015731","is_ascension_mode":true,"campfire_choices":[{"data":"Defragment","floor":8,"key":"SMITH"},{"data":"Loop","floor":10,"key":"SMITH"}],"circlet_count":0,"master_deck":["Strike_B","Strike_B","Strike_B","Strike_B","Defend_B","Defend_B","Defend_B","Defend_B","Zap+1","Dualcast+1","Genetic Algorithm","Rebound","Doom and Gloom","Defragment+1","Loop+1","Self Repair"],"relics":["Cracked Core","War Paint","Golden Idol","MealTicket","Odd Mushroom","Bronze Scales"],"acts_visited":["Exordium"],"potions_floor_usage":[7],"damage_taken":[{"damage":0,"enemies":"Small Slimes","floor":1,"turns":2},{"damage":0,"enemies":"2 Louse","floor":3,"turns":2},{"damage":2,"enemies":"Jaw Worm","floor":5,"turns":3},{"damage":25,"enemies":"Lagavulin","floor":6,"turns":5},{"damage":0,"enemies":"The Mushroom Lair","floor":7,"turns":2},{"damage":24,"enemies":"Exordium Thugs","floor":11,"turns":3},{"damage":25,"enemies":"Gremlin Nob","floor":12,"turns":3}],"seed_played":"-8565026691873512777","potions_obtained":[{"floor":1,"key":"ColorlessPotion"},{"floor":5,"key":"Dexterity Potion"}],"is_trial":false,"path_per_floor":["M","?","M","?","M","E","?","R","T","R","M","E"],"character_chosen":"DEFECT","items_purchased":[],"campfire_rested":0,"item_purchase_floors":[],"current_hp_per_floor":[75,69,69,58,56,31,31,31,31,31,7,0,0],"gold":356,"neow_bonus":"RANDOM_COMMON_RELIC","is_daily":false,"chose_seed":false,"campfire_upgraded":2,"win_rate":0.0,"timestamp":1609027051,"path_taken":["M","?","M","?","M","E","?","R","T","R","M","E"],"items_purchased_type":[],"build_version":"2020-12-22","purchased_purges":0,"victory":false,"max_hp_per_floor":[75,69,69,69,69,69,69,69,69,69,69,69,69],"relic_stats":{"counters":[7,20],"Golden Idol":24,"Bronze Scales":[12],"MealTicket":0,"War Paint":["Zap","Dualcast"],"obtain_stats":[{"Golden Idol":2,"Bronze Scales":9,"MealTicket":6,"War Paint":0,"Odd Mushroom":7,"Cracked Core":0},{"Golden Idol":1,"Bronze Scales":5,"MealTicket":4,"War Paint":0,"Odd Mushroom":5,"Cracked Core":0},{"Golden Idol":2,"Bronze Scales":14,"MealTicket":12,"War Paint":0,"Odd Mushroom":14,"Cracked Core":0}]},"card_choices":[{"not_picked":["Reprogram","Compile Driver"],"picked":"Genetic Algorithm","floor":1},{"not_picked":["Compile Driver","Turbo"],"picked":"Rebound","floor":3},{"not_picked":["Hologram","Steam"],"picked":"Doom and Gloom","floor":5},{"not_picked":["Coolheaded","Sunder"],"picked":"Defragment","floor":6},{"not_picked":["Auto Shields","Melter"],"picked":"Loop","floor":7},{"not_picked":["Loop","Sweeping Beam"],"picked":"Self Repair","floor":11}],"player_experience":323014,"relics_obtained":[{"floor":6,"key":"MealTicket"},{"floor":7,"key":"Odd Mushroom"},{"floor":9,"key":"Bronze Scales"}],"event_choices":[{"damage_healed":0,"gold_gain":0,"player_choice":"Lose Max HP","damage_taken":0,"relics_obtained":["Golden Idol"],"max_hp_gain":0,"max_hp_loss":6,"event_name":"Golden Idol","floor":2,"gold_loss":0},{"damage_healed":0,"gold_gain":75,"player_choice":"Gold","damage_taken":11,"max_hp_gain":0,"max_hp_loss":0,"event_name":"betterThird:BetterGoop","floor":4,"gold_loss":0},{"damage_healed":0,"gold_gain":0,"player_choice":"Fought Mushrooms","damage_taken":0,"max_hp_gain":0,"max_hp_loss":0,"event_name":"Mushrooms","floor":7,"gold_loss":0}],"is_beta":false,"boss_relics":[],"items_purged_floors":[],"is_endless":false,"potions_floor_spawned":[1,5],"killed_by":"Gremlin Nob","ascension_level":4}}