{"host":"2lo6hma6kymb0g9i","time":1609009446,"event":{"mods":["BaseMod","Colored Map","DeckTracker","Minty Spire (QoL Compilation)"],"gold_per_floor":[118,118,118,168,186,216,216,251,251,284,296,296,308,308,308,384,384,397,397,322,322,342,342,342,342,342,342,190,202,227,237,237,308,308,324,161,161],"floor_reached":36,"playtime":2221,"items_purged":[],"score":846,"play_id":"85d78af2-937b-43b0-9a7a-422d021cbbcf","local_time":"20201227040406","is_ascension_mode":true,"campfire_choices":[{"data":"Terror","floor":7.0,"key":"SMITH"},{"floor":12.0,"key":"REST"},{"floor":15.0,"key":"REST"},{"data":"Blade Dance","floor":23,"key":"SMITH"},{"data":"Phantasmal Killer","floor":25,"key":"SMITH"},{"data":"Calculated Gamble","floor":27,"key":"SMITH"},{"data":"Wraith Form v2","floor":32,"key":"SMITH"}],"circlet_count":0,"master_deck":["AscendersBane","Survivor","Neutralize","Quick Slash","Dagger Spray","Predator","Terror+1","Footwork","Calculated Gamble+1","Blade Dance+1","Wraith Form v2+1","Phantasmal Killer+1","Well Laid Plans","Blur","After Image","Tactician","Glass Knife","Crippling Poison","Tactician","PiercingWail+1","Dagger Throw","Caltrops","Acrobatics","Underhanded Strike","PiercingWail+1","Night Terror","Acrobatics+1"],"relics":["Ring of the Snake","NeowsBlessing","Gambling Chip","Pear","Kunai","Centennial Puzzle","Pandora\u0027s Box","MutagenicStrength","Question Card","Incense Burner","SlaversCollar","Bronze Scales"],"acts_visited":["Exordium","TheCity","TheBeyond"],"potions_floor_usage":[30,33],"damage_taken":[{"damage":0.0,"enemies":"2 Louse","floor":1.0,"turns":1.0},{"damage":0.0,"enemies":"Small Slimes","floor":5.0,"turns":1.0},{"damage":0.0,"enemies":"Gremlin Nob","floor":6.0,"turns":1.0},{"damage":12.0,"enemies":"3 Sentries","floor":8.0,"turns":6.0},{"damage":40.0,"enemies":"Lagavulin","floor":10.0,"turns":5.0},{"damage":0.0,"enemies":"Cultist","floor":11.0,"turns":2.0},{"damage":6.0,"enemies":"2 Fungi Beasts","floor":13.0,"turns":2.0},{"damage":12.0,"enemies":"Slime Boss","floor":16.0,"turns":7.0},{"damage":0.0,"enemies":"Chosen","floor":18.0,"turns":3.0},{"damage":19,"enemies":"Spheric Guardian","floor":22,"turns":6},{"damage":8,"enemies":"Centurion and Healer","floor":29,"turns":4},{"damage":12,"enemies":"Book of Stabbing","floor":30,"turns":3},{"damage":0,"enemies":"Cultist and Chosen","floor":31,"turns":3},{"damage":37,"enemies":"Automaton","floor":33,"turns":8},{"damage":1,"enemies":"3 Shapes","floor":35,"turns":2}],"seed_played":"-5714415050608015142","potions_obtained":[{"floor":1.0,"key":"LiquidBronze"},{"floor":5.0,"key":"DuplicationPotion"},{"floor":8.0,"key":"Ancient Potion"},{"floor":11.0,"key":"SteroidPotion"},{"floor":29,"key":"Regen Potion"},{"floor":30,"key":"SkillPotion"},{"floor":35,"key":"SkillPotion"}],"is_trial":false,"path_per_floor":["M","?","?","?","M","E","R","E","T","E","M","R","M","?","R","B",null,"M","?","?","?","M","R","?","R","T","R","$","M","E","M","R","B",null,"M","$"],"character_chosen":"THE_SILENT","items_purchased":["Caltrops","FairyPotion","Bronze Scales"],"campfire_rested":2,"item_purchase_floors":[28,28,36],"current_hp_per_floor":[59,59,52,52,52,52,52,50,50,10,10,32,26,3,25,13,60,60,60,60,60,41,41,41,41,41,41,41,33,30,30,30,22,63,62,62,62],"gold":161,"neow_bonus":"THREE_ENEMY_KILL","is_daily":false,"chose_seed":false,"campfire_upgraded":5,"win_rate":0.0,"timestamp":1609009446,"path_taken":["M","?","?","?","M","E","R","E","T","E","M","R","?","?","R","BOSS","M","?","?","?","?","R","?","R","T","R","$","M","E","M","R","BOSS","M","$"],"items_purchased_type":["Card","Potion","Relic"],"build_version":"2020-12-22","purchased_purges":0,"victory":false,"max_hp_per_floor":[66,66,66,66,66,66,66,76,76,76,76,76,76,76,76,76,76,76,76,76,76,76,76,76,76,76,76,76,76,76,76,76,76,76,76,76,76],"card_choices":[{"not_picked":["Setup","Catalyst"],"picked":"Quick Slash","floor":1.0},{"not_picked":["Acrobatics","Crippling Poison"],"picked":"Predator","floor":5.0},{"not_picked":["After Image","Footwork"],"picked":"Terror","floor":6.0},{"not_picked":["Backflip","Quick Slash"],"picked":"Footwork","floor":8.0},{"not_picked":["Deadly Poison","Poisoned Stab"],"picked":"Calculated Gamble","floor":10.0},{"not_picked":["Quick Slash","Sucker Punch"],"picked":"Blade Dance","floor":11.0},{"not_picked":["Escape Plan","Dash"],"picked":"Wraith Form v2","floor":13.0},{"not_picked":["Tools of the Trade","Storm of Steel"],"picked":"Phantasmal Killer","floor":16.0},{"not_picked":["Skewer","Blade Dance"],"picked":"PiercingWail+1","floor":18.0},{"not_picked":["Footwork","Well Laid Plans"],"picked":"Dagger Throw","floor":22},{"not_picked":["Dagger Spray","Eviscerate","Masterful Stab"],"picked":"Acrobatics","floor":29},{"not_picked":["Masterful Stab","Catalyst","Choke"],"picked":"Underhanded Strike","floor":30},{"not_picked":["Backstab","Dodge and Roll","Bane+1"],"picked":"PiercingWail+1","floor":31},{"not_picked":["Tools of the Trade","Adrenaline","Phantasmal Killer"],"picked":"Night Terror","floor":33},{"not_picked":["Skewer+1","Slice","PiercingWail"],"picked":"Acrobatics+1","floor":35}],"player_experience":896930,"relics_obtained":[{"floor":6.0,"key":"Gambling Chip"},{"floor":8.0,"key":"Pear"},{"floor":9.0,"key":"Kunai"},{"floor":10.0,"key":"Centennial Puzzle"},{"floor":26,"key":"Question Card"},{"floor":30,"key":"Incense Burner"}],"event_choices":[{"damage_healed":0.0,"max_hp_gain":0.0,"max_hp_loss":0.0,"gold_gain":0.0,"cards_transformed":["Strike_G"],"event_name":"Living Wall","player_choice":"Change","floor":2.0,"gold_loss":0.0,"damage_taken":0.0,"cards_obtained":["Dagger Spray"]},{"cards_removed":["Strike_G"],"damage_healed":0.0,"max_hp_gain":0.0,"max_hp_loss":0.0,"gold_gain":0.0,"event_name":"Golden Wing","player_choice":"Card Removal","floor":3.0,"gold_loss":0.0,"damage_taken":7.0},{"damage_healed":0.0,"max_hp_gain":0.0,"max_hp_loss":0.0,"gold_gain":50.0,"event_name":"Golden Shrine","player_choice":"Pray","floor":4.0,"gold_loss":0.0,"damage_taken":0.0},{"damage_healed":0.0,"max_hp_gain":0.0,"max_hp_loss":0.0,"gold_gain":0.0,"event_name":"Shining Light","player_choice":"Entered Light","floor":14.0,"gold_loss":0.0,"damage_taken":23.0,"cards_upgraded":["Defend_G","Strike_G"]},{"damage_healed":0.0,"max_hp_gain":0.0,"max_hp_loss":0.0,"gold_gain":0.0,"event_name":"Ghosts","player_choice":"Ignored","floor":19.0,"gold_loss":0.0,"damage_taken":0.0},{"cards_removed":["Sucker Punch"],"damage_healed":0.0,"max_hp_gain":0.0,"max_hp_loss":0.0,"gold_gain":0.0,"event_name":"Beggar","player_choice":"Gave Gold","floor":20.0,"gold_loss":75.0,"damage_taken":0.0},{"damage_healed":0,"gold_gain":0,"player_choice":"Ignored","damage_taken":0,"max_hp_gain":0,"max_hp_loss":0,"event_name":"Purifier","floor":21,"gold_loss":0},{"damage_healed":0,"gold_gain":0,"player_choice":"Inject Mutagens","damage_taken":0,"relics_obtained":["MutagenicStrength"],"max_hp_gain":0,"max_hp_loss":0,"event_name":"Drug Dealer","floor":24,"gold_loss":0}],"is_beta":false,"boss_relics":[{"not_picked":["Runic Pyramid","Cursed Key"],"picked":"Pandora\u0027s Box"},{"not_picked":["Velvet Choker","WristBlade"],"picked":"SlaversCollar"}],"items_purged_floors":[],"is_endless":false,"potions_floor_spawned":[1,5,8,11,13,29,30,31,35],"ascension_level":20}}