{"host":"ya94u95moedzeoqz","time":1609023028,"event":{"mods":["2.2 Compatiblity","Abigail Mod","Act Like it!","Aspiration","BaseMod","Better Altar","Better Match","Better Note","Better Sensory Stone","Better Skull","BetterRewards","ChefMod","Energized Spire","Filter the Spire","GifTheSpireLib","Infinite Spire","KinomotoSakuraMod(????)","Lobotomy","LobotomyExtend","Luminous","Minty Spire (QoL Compilation)","Permanent Neow","Railgun Mod","Replay The Spire","Spicy Shops","StSLib","The Alterego","The Fake Hero","The Florist","The Forsaken","The Juggle","The Marked","The Senshi","TheArtist","TheSwordswoman","TheVelvet","Yuri Mod"],"gold_per_floor":[271,282,301,319,334,366,366,386,386,386,386,386,386,398,398,501,501,520,520,9,28,46,46,46,58,58,58,71,71,71,87,87,87,87],"floor_reached":33,"playtime":5703,"items_purged":[],"score":301,"play_id":"4e5cd4e9-3065-46dc-9a80-ff2e1939281f","local_time":"20201226175028","is_ascension_mode":false,"campfire_choices":[{"data":"theMarked:EternalStudent","floor":7,"key":"SMITH"},{"floor":10,"key":"REST"},{"data":"theMarked:MagicAdept","floor":12,"key":"SMITH"},{"data":"theMarked:FavorableWinds","floor":15,"key":"SMITH"},{"data":"theMarked:WardOff","floor":23,"key":"SMITH"},{"floor":27,"key":"REST"},{"data":"theMarked:SoldierForm","floor":32,"key":"SMITH"}],"circlet_count":0,"master_deck":["theMarked:Strike","theMarked:Strike","theMarked:Strike","theMarked:Strike","theMarked:Strike","theMarked:Defend","theMarked:Defend","theMarked:Defend","theMarked:Defend","theMarked:SoldierOfQuellstein","theMarked:MagicAdept+1","theMarked:Electrocute","theMarked:BanishingStrike","theMarked:EternalStudent+1","theMarked:Electrocute","theMarked:ChainLightning","theMarked:RogueSparks","theMarked:FavorableWinds+1","theMarked:Defy","theMarked:BanishingWave","theMarked:WardOff+1","theMarked:MagicAdept","theMarked:EmpowerWeapon","theMarked:EmpowerWeapon","theMarked:BanishingStrike+1","theMarked:StartUp+1","theMarked:TunnelVision+1","theMarked:SoldierForm+1","theMarked:Reabsorb+1"],"relics":["theMarked:ArtifactOfAir","LetterFromLob","yuri:PortableGlitches","Toy Ornithopter","NeowsBlessing","Velvet Choker","infinitespire:Lucky Rock","Molten Egg 2","Iron Hammer","Toxic Egg 2"],"acts_visited":["Exordium","TheCity"],"potions_floor_usage":[5,5,8,25,31],"damage_taken":[{"damage":1,"enemies":"Jaw Worm","floor":1,"turns":3},{"damage":0,"enemies":"Cultist","floor":2,"turns":5},{"damage":0,"enemies":"2 Louse","floor":3,"turns":3},{"damage":8,"enemies":"2 Fungi Beasts","floor":4,"turns":4},{"damage":0,"enemies":"Red Slaver","floor":5,"turns":4},{"damage":21,"enemies":"Lagavulin","floor":6,"turns":7},{"damage":6,"enemies":"Blue Slaver","floor":8,"turns":3},{"damage":0,"enemies":"Exordium Thugs","floor":14,"turns":1},{"damage":0,"enemies":"Hexaghost","floor":16,"turns":1},{"damage":0,"enemies":"Chosen","floor":18,"turns":1},{"damage":20,"enemies":"Spheric Guardian","floor":21,"turns":4},{"damage":0,"enemies":"Cultist and Chosen","floor":22,"turns":4},{"damage":11,"enemies":"3 Cultists","floor":25,"turns":5},{"damage":0,"enemies":"Snecko","floor":28,"turns":3},{"damage":3,"enemies":"Chosen and Byrds","floor":31,"turns":5},{"damage":86,"enemies":"Automaton","floor":33,"turns":6}],"seed_played":"976207691858467016","potions_obtained":[{"floor":3,"key":"LiquidMemories"},{"floor":4,"key":"Block Potion"},{"floor":6,"key":"FearPotion"},{"floor":8,"key":"SpeedPotion"},{"floor":28,"key":"EssenceOfSteel"},{"floor":31,"key":"SteroidPotion"}],"is_trial":false,"path_per_floor":["M","M","M","M","M","E","R","M","T","R","E","R","?","M","R","B",null,"M","?","$","M","M","R","$","M","T","R","M","?","T","M","R","B"],"character_chosen":"THE_DEFAULT","items_purchased":["theMarked:WardOff","theMarked:MagicAdept","infinitespire:Lucky Rock","Molten Egg 2","theMarked:EmpowerWeapon"],"campfire_rested":2,"item_purchase_floors":[20,20,20,20,20],"current_hp_per_floor":[69,69,69,61,61,40,40,34,34,55,55,55,55,55,55,55,70,70,70,70,50,50,50,50,44,44,65,65,65,65,67,67,0,0],"gold":87,"neow_bonus":"THREE_ENEMY_KILL","is_daily":false,"chose_seed":false,"campfire_upgraded":5,"win_rate":0.0,"timestamp":1609023028,"path_taken":["M","M","M","M","M","E","R","M","T","R","E","R","?","M","R","BOSS","M","?","$","M","M","R","$","M","T","R","M","?","?","M","R","BOSS"],"items_purchased_type":["Card","Card","Relic","Relic","Card"],"build_version":"2020-12-22","purchased_purges":0,"victory":false,"max_hp_per_floor":[70,70,70,70,70,70,70,70,70,70,70,70,70,70,70,70,70,70,70,70,70,70,70,70,70,70,70,70,70,70,70,70,70,70],"card_choices":[{"not_picked":["theMarked:HeightenedSenses","theMarked:ResourceFulStrike"],"picked":"theMarked:MagicAdept","floor":1},{"not_picked":["theMarked:WastefulAttack","theMarked:Improvise"],"picked":"theMarked:Electrocute","floor":2},{"not_picked":["theMarked:Improvise","theMarked:ResourceFulStrike"],"picked":"theMarked:BanishingStrike","floor":3},{"not_picked":["theMarked:LightningStrikesTwice","theMarked:Opportunist"],"picked":"theMarked:EternalStudent","floor":4},{"not_picked":["theMarked:ElectricStrings","theMarked:EmpowerWeapon"],"picked":"theMarked:Electrocute","floor":5},{"not_picked":["theMarked:Reabsorb","theMarked:ShockingTouch"],"picked":"theMarked:ChainLightning","floor":6},{"not_picked":["theMarked:EmpowerWeapon","theMarked:WardOff"],"picked":"theMarked:RogueSparks","floor":8},{"not_picked":["theMarked:ParalyzingBlade","theMarked:ResourceFulStrike"],"picked":"theMarked:FavorableWinds","floor":14},{"not_picked":["theMarked:Levitate","theMarked:FavorableWinds"],"picked":"theMarked:Defy","floor":16},{"not_picked":["theMarked:SwordAndMagic","theMarked:ContemptForTheProud"],"picked":"theMarked:BanishingWave","floor":18},{"not_picked":["theMarked:SwordAndMagic+1","theMarked:RepellingDischarge"],"picked":"theMarked:BanishingStrike+1","floor":21},{"not_picked":["theMarked:RepellingDischarge+1","theMarked:ResourceFulStrike+1"],"picked":"theMarked:StartUp+1","floor":22},{"not_picked":["theMarked:Improvise","theMarked:Aftermath+1"],"picked":"theMarked:TunnelVision+1","floor":25},{"not_picked":["theMarked:BanishingStrike+1","theMarked:EnhancedHearing+1"],"picked":"theMarked:SoldierForm","floor":28},{"not_picked":["theMarked:GodGivenPower","theMarked:ShockingTouch+1"],"picked":"theMarked:Reabsorb+1","floor":31}],"player_experience":485870,"relics_obtained":[{"floor":1,"key":"LetterFromLob"},{"floor":6,"key":"yuri:PortableGlitches"},{"floor":9,"key":"Toy Ornithopter"},{"floor":26,"key":"Iron Hammer"},{"floor":30,"key":"Toxic Egg 2"}],"event_choices":[{"damage_healed":0,"gold_gain":0,"player_choice":"Leave","damage_taken":0,"max_hp_gain":0,"max_hp_loss":0,"event_name":"FaceTrader","floor":13,"gold_loss":0},{"damage_healed":0,"gold_gain":0,"player_choice":"Ignored","damage_taken":0,"max_hp_gain":0,"max_hp_loss":0,"event_name":"betterNote:BetterNote","floor":19,"gold_loss":0,"cards_obtained":["blazmod:PerennialBeauty"]}],"is_beta":false,"boss_relics":[{"not_picked":["energizedSpire:SpiderWeb","aspiration:RitualDagger"],"picked":"Velvet Choker"}],"items_purged_floors":[],"is_endless":false,"potions_floor_spawned":[3,4,6,8,28,31],"killed_by":"Automaton","ascension_level":0}}