{"host":"uflv0e3ja7hvnij7","time":1609010032,"event":{"mods":["BaseMod","Better Altar","Better Match","Better Note","Better Sensory Stone","Better Skull","Better Third Choice","Infinite Spire","Minty Spire (QoL Compilation)","Permanent Neow","Replay The Spire","Shop Mod","StSLib"],"gold_per_floor":[50,50,88,139,176,176,221,221,267,192,233,321,339,378,378,506,506,548,643,643,643,643],"floor_reached":21,"playtime":1241,"items_purged":["Defend_R","Defend_R"],"score":221,"play_id":"2598ee53-9c67-441a-991b-b454be722857","local_time":"20201226141352","is_ascension_mode":true,"campfire_choices":[{"data":"HandOfGreed","floor":6,"key":"SMITH"},{"data":"Perfected Strike","floor":8,"key":"SMITH"},{"data":"Berserk","floor":15,"key":"SMITH"}],"circlet_count":0,"master_deck":["Strike_R","Strike_R","Strike_R","Defend_R","Defend_R","Bash","HandOfGreed+1","Inflame","Shrug It Off","Berserk+1","Perfected Strike+1","Disarm","Seeing Red","Pommel Strike","Berserk","infinitespire:OneForAll","Warcry+1","infinitespire:SealOfDarkness+"],"relics":["Burning Blood","Bag of Preparation","Empty Cage","Incense Burner"],"acts_visited":["Exordium","TheCity"],"potions_floor_usage":[16,18,19],"damage_taken":[{"damage":6,"enemies":"2 Louse","floor":1,"turns":3},{"damage":7,"enemies":"Jaw Worm","floor":3,"turns":2},{"damage":4,"enemies":"Small Slimes","floor":4,"turns":4},{"damage":9,"enemies":"Red Slaver","floor":5,"turns":6},{"damage":9,"enemies":"Looter","floor":7,"turns":3},{"damage":4,"enemies":"2 Fungi Beasts","floor":11,"turns":3},{"damage":19,"enemies":"Lots of Slimes","floor":12,"turns":6},{"damage":3,"enemies":"Blue Slaver","floor":13,"turns":3},{"damage":4,"enemies":"Exordium Wildlife","floor":14,"turns":3},{"damage":52,"enemies":"Hexaghost","floor":16,"turns":8},{"damage":6,"enemies":"Spheric Guardian","floor":18,"turns":3},{"damage":44,"enemies":"3 Byrds","floor":19,"turns":9},{"damage":36,"enemies":"Snake Plant","floor":21,"turns":3}],"seed_played":"8094917230232724519","potions_obtained":[{"floor":11,"key":"Languid Potion"},{"floor":12,"key":"Weak Potion"},{"floor":13,"key":"Adrenaline Potion"},{"floor":16,"key":"Dexterity Potion"},{"floor":19,"key":"PowerPotion"}],"is_trial":false,"path_per_floor":["M","?","M","M","M","R","M","R","T","$","M","M","M","M","R","B",null,"M","M","AVR","M"],"character_chosen":"IRONCLAD","items_purchased":[],"campfire_rested":0,"item_purchase_floors":[],"current_hp_per_floor":[80,85,84,85,82,82,79,79,79,79,81,68,71,73,73,27,71,71,33,33,0,0],"gold":643,"neow_bonus":"RANDOM_COLORLESS_2","is_daily":false,"chose_seed":false,"campfire_upgraded":3,"win_rate":0.0,"timestamp":1609010032,"path_taken":["M","?","M","M","M","R","M","R","T","$","M","M","M","M","R","BOSS","M","M","AVR","M"],"items_purchased_type":[],"build_version":"2020-12-22","purchased_purges":2,"victory":false,"max_hp_per_floor":[80,85,85,85,85,85,85,85,85,85,85,85,85,85,85,85,85,85,85,85,85,85],"card_choices":[{"not_picked":["Magnetism","Secret Technique"],"picked":"HandOfGreed","floor":0},{"not_picked":["Armaments","True Grit"],"picked":"Inflame","floor":1},{"not_picked":["Havoc","Armaments"],"picked":"Shrug It Off","floor":3},{"not_picked":["Dark Embrace","Havoc"],"picked":"Berserk","floor":4},{"not_picked":["Flex","Heavy Blade"],"picked":"Perfected Strike","floor":5},{"not_picked":["Heavy Blade","Warcry","Iron Wave"],"picked":"SKIP","floor":7},{"not_picked":["Wild Strike","Bloodletting","True Grit"],"picked":"SKIP","floor":11},{"not_picked":["Clash","Intimidate"],"picked":"Disarm","floor":12},{"not_picked":["Dropkick","Evolve"],"picked":"Seeing Red","floor":13},{"not_picked":["Body Slam","Fire Breathing"],"picked":"Pommel Strike","floor":14},{"not_picked":["Reaper","Fiend Fire"],"picked":"Berserk","floor":16},{"not_picked":["Carnage","Pommel Strike+1"],"picked":"infinitespire:OneForAll","floor":18},{"not_picked":["Shrug It Off","Heavy Blade"],"picked":"Warcry+1","floor":19}],"player_experience":413261,"relics_obtained":[{"floor":9,"key":"Bag of Preparation"}],"event_choices":[{"damage_healed":0,"gold_gain":0,"player_choice":"Donut","damage_taken":0,"max_hp_gain":5,"max_hp_loss":0,"event_name":"Big Fish","floor":2,"gold_loss":0}],"is_beta":false,"boss_relics":[{"not_picked":["Astrolabe","Runic Cube"],"picked":"Empty Cage"}],"items_purged_floors":[10,20],"is_endless":false,"potions_floor_spawned":[11,12,13,16,19],"killed_by":"Snake Plant","ascension_level":5}}