{"host":"ywt8u9kq80n9hc8s","time":1609026498,"event":{"mods":["AchievementEnabler","Alarm Clock","BaseMod","Better Altar","Better Match","Better Note","Better Sensory Stone","Better Skull","Better Third Choice","BetterRewards","Filter the Spire","Minty Spire (QoL Compilation)","Permanent Neow","Rare Cards Sparkle","StSLib"],"gold_per_floor":[116,128,143,174,203,215,227,270,331,376,92,121,121,148,148,253,253,270,195,175,249,266,295,327,327,327,357,385,418,451,479,479,582,582,601,615,161,179,194,219,551,582,582,608,608,641,675,708,708,708],"floor_reached":51,"playtime":5663,"items_purged":[],"score":1467,"play_id":"f90a50d8-a7e4-498b-aab1-95ddd308d4e1","local_time":"20201227014818","daily_mods":["Draft","Vintage","Diverse","Heirloom","Time Dilation","Flight","DeadlyEvents","Elite Swarm"],"is_ascension_mode":false,"campfire_choices":[{"data":"Echo Form","floor":6,"key":"SMITH"},{"data":"DevaForm","floor":7,"key":"SMITH"},{"data":"Hello World","floor":15,"key":"SMITH"},{"data":"Wraith Form v2","floor":25,"key":"SMITH"},{"data":"Demon Form","floor":32,"key":"SMITH"},{"floor":49,"key":"DIG"}],"circlet_count":0,"master_deck":["Demon Form+1","Wraith Form v2+1","Echo Form+1","DevaForm+1","Dagger Spray","Coolheaded","Quick Slash","Dagger Spray","Conserve Battery+1","Shrug It Off","Distraction+1","Ball Lightning","Rampage+1","ThirdEye","BowlingBash","JustLucky","Exhume","Omniscience","Hello World+1","MasterReality","Exhume","Meteor Strike","Meteor Strike","Fusion+1","Redo+1","FTL+1","Meteor Strike+1","Corruption"],"relics":["Snecko Eye","FossilizedHelix","Blood Vial","InkBottle","MawBank","Bottled Flame","Vajra","Ornamental Fan","Tiny Chest","Meat on the Bone","Sundial","Mango","Bird Faced Urn","Black Star","Orichalcum","Singing Bowl","StrikeDummy","Toy Ornithopter","Unceasing Top","Matryoshka","Centennial Puzzle","Whetstone","Blue Candle","Happy Flower","War Paint","Question Card","Mercury Hourglass","The Courier","Ancient Tea Set","Dream Catcher","Bottled Tornado","Eternal Feather","PreservedInsect","Astrolabe","Gremlin Horn","Nunchaku","Paper Crane","Oddly Smooth Stone","Pen Nib","Kunai","Shovel","Bronze Scales","Anchor","Old Coin","Art of War","Ninja Scroll","Lantern","Bag of Preparation","Dead Branch","Gambling Chip","Molten Egg 2","Calipers","Ice Cream","Boot","CeramicFish","Torii","MealTicket","Incense Burner"],"acts_visited":["Exordium","TheCity","TheBeyond"],"potions_floor_usage":[14],"damage_taken":[{"damage":0,"enemies":"Small Slimes","floor":1,"turns":3},{"damage":0,"enemies":"Jaw Worm","floor":2,"turns":3},{"damage":0,"enemies":"Cultist","floor":3,"turns":3},{"damage":0,"enemies":"3 Louse","floor":4,"turns":2},{"damage":0,"enemies":"Large Slime","floor":5,"turns":4},{"damage":0,"enemies":"Gremlin Nob","floor":8,"turns":4},{"damage":0,"enemies":"Lagavulin","floor":10,"turns":4},{"damage":13,"enemies":"Gremlin Nob","floor":12,"turns":4},{"damage":0,"enemies":"Lagavulin","floor":14,"turns":3},{"damage":5,"enemies":"The Guardian","floor":16,"turns":5},{"damage":13,"enemies":"2 Thieves","floor":18,"turns":4},{"damage":4,"enemies":"Shell Parasite","floor":22,"turns":5},{"damage":4,"enemies":"Gremlin Leader","floor":23,"turns":4},{"damage":0,"enemies":"Book of Stabbing","floor":24,"turns":5},{"damage":0,"enemies":"Gremlin Leader","floor":27,"turns":3},{"damage":33,"enemies":"Slavers","floor":28,"turns":3},{"damage":20,"enemies":"Gremlin Leader","floor":29,"turns":5},{"damage":1,"enemies":"Book of Stabbing","floor":30,"turns":4},{"damage":0,"enemies":"Slavers","floor":31,"turns":2},{"damage":0,"enemies":"Automaton","floor":33,"turns":4},{"damage":11,"enemies":"3 Shapes","floor":35,"turns":3},{"damage":0,"enemies":"3 Darklings","floor":36,"turns":2},{"damage":0,"enemies":"Spire Growth","floor":38,"turns":3},{"damage":0,"enemies":"4 Shapes","floor":39,"turns":3},{"damage":9,"enemies":"Reptomancer","floor":40,"turns":2},{"damage":0,"enemies":"Giant Head","floor":41,"turns":3},{"damage":0,"enemies":"Nemesis","floor":42,"turns":3},{"damage":0,"enemies":"Giant Head","floor":44,"turns":4},{"damage":0,"enemies":"Nemesis","floor":46,"turns":1},{"damage":0,"enemies":"Reptomancer","floor":47,"turns":1},{"damage":0,"enemies":"Giant Head","floor":48,"turns":1},{"damage":13,"enemies":"Donu and Deca","floor":50,"turns":3}],"seed_played":"-4670885269774280352","potions_obtained":[{"floor":4,"key":"GhostInAJar"},{"floor":8,"key":"SteroidPotion"},{"floor":12,"key":"GamblersBrew"},{"floor":14,"key":"Fruit Juice"},{"floor":16,"key":"ColorlessPotion"},{"floor":23,"key":"Fire Potion"},{"floor":35,"key":"FearPotion"},{"floor":46,"key":"Energy Potion"}],"is_trial":true,"path_per_floor":["M","M","M","M","M","R","R","E","T","E","$","E","?","E","R","B",null,"M","?","?","T","M","E","E","R","T","E","E","E","E","E","R","B",null,"M","M","$","M","M","E","E","E","T","E","?","E","E","E","R","B",null],"character_chosen":"THE_SILENT","items_purchased":["Sundial","Hello World","Paper Crane","Oddly Smooth Stone","Pen Nib"],"campfire_rested":0,"item_purchase_floors":[11,11,37,37,37],"current_hp_per_floor":[70,70,70,70,70,70,70,70,70,70,70,71,76,83,83,92,94,83,83,83,83,93,94,96,96,96,98,71,67,80,96,100,102,102,97,102,102,102,102,101,106,108,108,108,103,105,105,107,107,100],"gold":708,"neow_bonus":"","is_daily":false,"chose_seed":false,"campfire_upgraded":5,"win_rate":0.0,"timestamp":1609026498,"path_taken":["M","M","M","M","M","R","R","E","T","E","$","E","?","E","R","BOSS","M","?","?","?","M","E","E","R","T","E","E","E","E","E","R","BOSS","M","M","$","M","M","E","E","E","T","E","?","E","E","E","R","BOSS"],"items_purchased_type":["Relic","Card","Relic","Relic","Relic"],"build_version":"2020-12-22","purchased_purges":0,"victory":true,"max_hp_per_floor":[70,70,70,70,70,70,70,70,70,70,70,84,89,94,94,94,94,94,94,94,94,94,94,96,96,96,98,98,98,98,100,100,102,102,102,102,102,102,102,104,106,108,108,108,103,105,105,107,107,107],"card_choices":[{"not_picked":["Steam","Dagger Throw"],"picked":"Dagger Spray","floor":0},{"not_picked":["Blade Dance","FTL"],"picked":"Coolheaded","floor":0},{"not_picked":["Sever Soul","PathToVictory"],"picked":"Gash","floor":0},{"not_picked":["Dagger Spray","Crescendo"],"picked":"JustLucky","floor":0},{"not_picked":["PiercingWail","Consecrate"],"picked":"Quick Slash","floor":0},{"not_picked":["Sword Boomerang","Endless Agony"],"picked":"Dagger Spray","floor":0},{"not_picked":["Havoc","Dropkick"],"picked":"Conserve Battery","floor":0},{"not_picked":["Spot Weakness","Caltrops"],"picked":"Cold Snap","floor":0},{"not_picked":["Backflip","Weave"],"picked":"Shrug It Off","floor":0},{"not_picked":["BowlingBash","PiercingWail"],"picked":"Distraction","floor":0},{"not_picked":["FTL","EmptyMind"],"picked":"Ball Lightning","floor":0},{"not_picked":["Cleave","Cold Snap"],"picked":"Rampage","floor":0},{"not_picked":["Sever Soul","Intimidate"],"picked":"ThirdEye","floor":0},{"not_picked":["Second Wind","ThirdEye"],"picked":"BowlingBash","floor":0},{"not_picked":["ClearTheMind","Flying Knee"],"picked":"JustLucky","floor":0},{"not_picked":["Offering","All For One"],"picked":"Exhume","floor":8},{"not_picked":["Seek","Tools of the Trade"],"picked":"Omniscience","floor":10},{"not_picked":["Scrawl","Adrenaline","Glass Knife"],"picked":"SKIP","floor":12},{"not_picked":["Biased Cognition","Electrodynamics","Echo Form"],"picked":"SKIP","floor":14},{"not_picked":["Hyperbeam","Brilliance"],"picked":"MasterReality","floor":23},{"not_picked":["Glass Knife","Venomology","Night Terror"],"picked":"Singing Bowl","floor":24},{"not_picked":["All For One","Offering","Doppelganger"],"picked":"Singing Bowl","floor":27},{"not_picked":["DeusExMachina","Tools of the Trade"],"picked":"Exhume","floor":28},{"not_picked":["SpiritShield","Die Die Die","Alpha"],"picked":"Meteor Strike","floor":29},{"not_picked":["Rainbow","Judgement","Multi-Cast"],"picked":"Meteor Strike","floor":30},{"not_picked":["A Thousand Cuts","Venomology","Immolate","Fiend Fire"],"picked":"Singing Bowl","floor":31},{"not_picked":["Buffer","Wraith Form v2","Reboot","Judgement"],"picked":"Singing Bowl","floor":33},{"not_picked":["MasterReality","DeusExMachina","Adrenaline","Die Die Die"],"picked":"Singing Bowl","floor":40},{"not_picked":["ConjureBlade","Fission","Exhume","Grand Finale"],"picked":"Singing Bowl","floor":41},{"not_picked":["Double Tap","DeusExMachina","Meteor Strike","Biased Cognition"],"picked":"Singing Bowl","floor":42},{"not_picked":["Fission","Storm of Steel","After Image"],"picked":"Meteor Strike+1","floor":44},{"not_picked":["Wish","Malaise","Seek","Storm of Steel"],"picked":"Singing Bowl","floor":46},{"not_picked":["Brilliance+1","Double Tap","Phantasmal Killer"],"picked":"Corruption","floor":47},{"not_picked":["Wish","Hyperbeam+1","Doppelganger","Rainbow"],"picked":"Singing Bowl","floor":48}],"player_experience":82428,"relics_obtained":[{"floor":1,"key":"Blood Vial"},{"floor":2,"key":"InkBottle"},{"floor":3,"key":"MawBank"},{"floor":4,"key":"Bottled Flame"},{"floor":5,"key":"Vajra"},{"floor":8,"key":"Ornamental Fan"},{"floor":9,"key":"Tiny Chest"},{"floor":10,"key":"Meat on the Bone"},{"floor":12,"key":"Mango"},{"floor":14,"key":"Bird Faced Urn"},{"floor":18,"key":"Orichalcum"},{"floor":21,"key":"Singing Bowl"},{"floor":22,"key":"StrikeDummy"},{"floor":23,"key":"Toy Ornithopter"},{"floor":23,"key":"Unceasing Top"},{"floor":24,"key":"Matryoshka"},{"floor":24,"key":"Centennial Puzzle"},{"floor":26,"key":"Whetstone"},{"floor":26,"key":"Blue Candle"},{"floor":27,"key":"Happy Flower"},{"floor":27,"key":"War Paint"},{"floor":28,"key":"Question Card"},{"floor":28,"key":"Mercury Hourglass"},{"floor":29,"key":"The Courier"},{"floor":29,"key":"Ancient Tea Set"},{"floor":30,"key":"Dream Catcher"},{"floor":30,"key":"Bottled Tornado"},{"floor":31,"key":"Eternal Feather"},{"floor":31,"key":"PreservedInsect"},{"floor":35,"key":"Gremlin Horn"},{"floor":36,"key":"Nunchaku"},{"floor":38,"key":"Kunai"},{"floor":39,"key":"Shovel"},{"floor":40,"key":"Bronze Scales"},{"floor":40,"key":"Anchor"},{"floor":41,"key":"Old Coin"},{"floor":41,"key":"Art of War"},{"floor":42,"key":"Ninja Scroll"},{"floor":42,"key":"Lantern"},{"floor":43,"key":"Bag of Preparation"},{"floor":43,"key":"Dead Branch"},{"floor":44,"key":"Gambling Chip"},{"floor":44,"key":"Molten Egg 2"},{"floor":46,"key":"Calipers"},{"floor":46,"key":"Ice Cream"},{"floor":47,"key":"Boot"},{"floor":47,"key":"CeramicFish"},{"floor":48,"key":"Torii"},{"floor":48,"key":"MealTicket"},{"floor":49,"key":"Incense Burner"}],"event_choices":[{"damage_healed":0,"gold_gain":0,"player_choice":"Donut","damage_taken":0,"max_hp_gain":5,"max_hp_loss":0,"event_name":"Big Fish","floor":13,"gold_loss":0},{"damage_healed":0,"gold_gain":0,"player_choice":"1","damage_taken":0,"max_hp_gain":0,"max_hp_loss":0,"event_name":"betterMatch:BetterMatch","floor":19,"gold_loss":0,"cards_obtained":[]},{"damage_healed":0,"gold_gain":0,"player_choice":"Bought 1 Potion","damage_taken":0,"max_hp_gain":0,"max_hp_loss":0,"event_name":"The Woman in Blue","floor":20,"gold_loss":0},{"damage_healed":0,"gold_gain":0,"player_choice":"Max HP","damage_taken":0,"max_hp_gain":0,"max_hp_loss":5,"event_name":"Winding Halls","floor":45,"gold_loss":0}],"is_beta":false,"boss_relics":[{"not_picked":["Runic Dome","Runic Pyramid"],"picked":"Black Star"},{"not_picked":["WristBlade","Busted Crown"],"picked":"Astrolabe"}],"items_purged_floors":[],"is_endless":false,"potions_floor_spawned":[4,8,12,14,16,22,23,29,30,31,35,36,39,44,46,47,48],"ascension_level":0}}