{"host":"uq7j81ocmf0ebuur","time":1609005198,"event":{"mods":["AchievementEnabler","BaseMod","Better Match","Better Note","Better Third Choice","Block Reminder","Colored Map","Colored Powertips","Defuse TimeMaze Blight","Googly Eyes","Minty Spire (QoL Compilation)","Relic Stats","StSLib","SuperFastMode","everything is the same but u backflip on backflip","slay the spire mod where everything is the same but ironclad has a cowboy hat"],"gold_per_floor":[110,163,173,185,197,197,231,231,231,260,115,115,128,144,144,249,249,249],"floor_reached":17,"playtime":442,"items_purged":[],"score":209,"play_id":"de92901a-f118-457b-bde5-65c6b67b0918","local_time":"20201226195318","is_ascension_mode":true,"campfire_choices":[{"data":"Combust","floor":6.0,"key":"SMITH"},{"data":"Uppercut","floor":8.0,"key":"SMITH"},{"data":"Anger","floor":15.0,"key":"SMITH"}],"circlet_count":0,"master_deck":["Strike_R","Strike_R","Strike_R","Strike_R","Strike_R","Defend_R","Defend_R","Defend_R","Defend_R","Bash+1","Uppercut+1","Combust+1","Feel No Pain","Anger+1","Pommel Strike","Immolate","Battle Trance","Sword Boomerang","Power Through","Offering"],"relics":["Burning Blood","MealTicket","HornCleat","Orrery","Empty Cage"],"acts_visited":["Exordium","TheCity"],"potions_floor_usage":[16],"damage_taken":[{"damage":9.0,"enemies":"Jaw Worm","floor":1.0,"turns":3.0},{"damage":1.0,"enemies":"Cultist","floor":3.0,"turns":3.0},{"damage":11.0,"enemies":"2 Louse","floor":4.0,"turns":2.0},{"damage":7.0,"enemies":"Large Slime","floor":5.0,"turns":4.0},{"damage":33.0,"enemies":"Lagavulin","floor":7.0,"turns":4.0},{"damage":14.0,"enemies":"Gremlin Nob","floor":10.0,"turns":3.0},{"damage":2.0,"enemies":"3 Louse","floor":13.0,"turns":3.0},{"damage":5.0,"enemies":"Exordium Wildlife","floor":14.0,"turns":3.0},{"damage":31,"enemies":"Hexaghost","floor":16,"turns":7}],"seed_played":"5414213197892860571","potions_obtained":[{"floor":1.0,"key":"SmokeBomb"},{"floor":5.0,"key":"FairyPotion"},{"floor":7.0,"key":"Dexterity Potion"},{"floor":12.0,"key":"Strength Potion"}],"is_trial":false,"path_per_floor":["M","?","M","M","M","R","E","R","T","E","$","?","M","M","R","B",null],"character_chosen":"IRONCLAD","items_purchased":["Orrery"],"campfire_rested":0,"item_purchase_floors":[11],"current_hp_per_floor":[77,77,80,75,74,74,47,47,47,39,54,54,58,59,59,34,69,69],"gold":249,"neow_bonus":"UPGRADE_CARD","is_daily":false,"chose_seed":false,"campfire_upgraded":3,"win_rate":0.0,"timestamp":1609005198,"path_taken":["M","?","M","M","M","R","E","R","T","E","$","?","M","?","R","BOSS"],"items_purchased_type":["Relic"],"build_version":"2020-12-22","purchased_purges":0,"victory":false,"max_hp_per_floor":[80,80,80,80,80,80,80,80,80,80,80,80,80,80,80,80,80,80],"relic_stats":{"counters":[9,32],"MealTicket":15,"obtain_stats":[{"HornCleat":10,"Orrery":11,"MealTicket":7,"Empty Cage":17,"Burning Blood":0},{"HornCleat":6,"Orrery":6,"MealTicket":5,"Empty Cage":9,"Burning Blood":0},{"HornCleat":19,"Orrery":19,"MealTicket":16,"Empty Cage":32,"Burning Blood":0}],"Burning Blood":52},"card_choices":[{"not_picked":["Dual Wield","Thunderclap"],"picked":"Uppercut","floor":1.0},{"not_picked":["Heavy Blade","Body Slam"],"picked":"Combust","floor":3.0},{"not_picked":["Thunderclap","Wild Strike"],"picked":"Feel No Pain","floor":4.0},{"not_picked":["Rampage","Havoc"],"picked":"Anger","floor":5.0},{"not_picked":["Sever Soul","Sentinel"],"picked":"Pommel Strike","floor":7.0},{"not_picked":["Armaments","Pommel Strike"],"picked":"Immolate","floor":10.0},{"not_picked":["Cleave","Dropkick"],"picked":"Battle Trance","floor":11.0},{"not_picked":["Flex","Armaments"],"picked":"Entrench","floor":11.0},{"not_picked":["Disarm","Headbutt"],"picked":"Entrench","floor":11.0},{"not_picked":["Intimidate","Clothesline"],"picked":"Sword Boomerang","floor":11.0},{"not_picked":["Blood for Blood","Rupture","Armaments"],"picked":"SKIP","floor":13.0},{"not_picked":["Warcry","Double Tap"],"picked":"Power Through","floor":14.0},{"not_picked":["Impervious","Feed"],"picked":"Offering","floor":16}],"player_experience":318360,"relics_obtained":[{"floor":7.0,"key":"MealTicket"},{"floor":10.0,"key":"HornCleat"}],"event_choices":[{"damage_healed":0.0,"max_hp_gain":0.0,"max_hp_loss":0.0,"gold_gain":53.0,"event_name":"Golden Wing","player_choice":"Gained Gold","floor":2.0,"gold_loss":0.0,"damage_taken":0.0},{"damage_healed":0.0,"max_hp_gain":0.0,"max_hp_loss":0.0,"gold_gain":0.0,"event_name":"Lab","player_choice":"Got Potions","floor":12.0,"gold_loss":0.0,"damage_taken":0.0}],"is_beta":false,"boss_relics":[{"not_picked":["Fusion Hammer","Calling Bell"],"picked":"Empty Cage"}],"items_purged_floors":[],"is_endless":false,"potions_floor_spawned":[1,5,7,10,13],"ascension_level":5}}