{"host":"kdt6w7ix8lwe69i9","time":1609001147,"event":{"mods":["Bartender","BaseMod","Downfall","Fiend Mod","Jorbs\u0027s Wanderer Trilogy","Minty Spire (QoL Compilation)","Reimu（博丽灵梦）","Robot Space Explorer","StSLib","The Cursed","The Disciple","The Dragon Tamer","The Druid","The Elementalist","The Forsaken","The Gatherer","The Judge","TheBandit"],"gold_per_floor":[110,70,90,90,108,139,139,139,209,229,229,229,229,270,270,401,401,422,445,464,152,175,216,229,229,281,297,297,297],"floor_reached":28,"playtime":2513,"items_purged":[],"score":250,"play_id":"71402538-c146-4f4a-9e02-e284759227c0","local_time":"20201226114547","is_ascension_mode":false,"campfire_choices":[{"floor":8.0,"key":"REST"},{"data":"RobotSpaceExplorer:StarDust","floor":11.0,"key":"SMITH"},{"floor":13.0,"key":"REST"},{"data":"RobotSpaceExplorer:PlasmaMissile","floor":15.0,"key":"SMITH"}],"circlet_count":0,"master_deck":["RobotSpaceExplorer:Strike","RobotSpaceExplorer:Strike","RobotSpaceExplorer:Strike","RobotSpaceExplorer:Strike","RobotSpaceExplorer:Defend","RobotSpaceExplorer:Defend","RobotSpaceExplorer:Defend","RobotSpaceExplorer:Defend","RobotSpaceExplorer:Scan","RobotSpaceExplorer:MiniLasers","RobotSpaceExplorer:StarDust+1","RobotSpaceExplorer:PlasmaMissile+1","RobotSpaceExplorer:GlueShot","RobotSpaceExplorer:MiniDrones","RobotSpaceExplorer:ScrapMissile","RobotSpaceExplorer:LuckyStrike","RobotSpaceExplorer:DroneSwarm","RobotSpaceExplorer:PowerGlove","RobotSpaceExplorer:ScrapMissile+1","RobotSpaceExplorer:BigMissile","expansioncontent:Corrupt","RobotSpaceExplorer:StarLightning","RobotSpaceExplorer:MiniBoosters","RobotSpaceExplorer:Probe","RobotSpaceExplorer:SurgingStrike+1"],"relics":["RobotSpaceExplorer:RoboCore","Lizard Tail","PaintedHorse:ReiMu","Bag of Preparation","Golden Idol","RobotSpaceExplorer:PlasmaHourglass","Strawberry","Black Star","Omamori","Protect_Vest","Anchor","Nilry\u0027s Codex"],"acts_visited":["Exordium","TheCity"],"potions_floor_usage":[23,23,28],"damage_taken":[{"damage":1.0,"enemies":"2 Louse","floor":1.0,"turns":3.0},{"damage":1.0,"enemies":"Small Slimes","floor":3.0,"turns":3.0},{"damage":0.0,"enemies":"Cultist","floor":5.0,"turns":3.0},{"damage":37.0,"enemies":"3 Sentries","floor":6.0,"turns":7.0},{"damage":0.0,"enemies":"Exordium Wildlife","floor":10.0,"turns":2.0},{"damage":1.0,"enemies":"Gremlin Nob","floor":14.0,"turns":3.0},{"damage":25.0,"enemies":"The Guardian","floor":16.0,"turns":8.0},{"damage":2,"enemies":"Spheric Guardian","floor":18,"turns":3},{"damage":0,"enemies":"Chosen","floor":19,"turns":3},{"damage":12,"enemies":"3 Cultists","floor":20,"turns":4},{"damage":12,"enemies":"Snecko","floor":22,"turns":5},{"damage":36,"enemies":"Slavers","floor":23,"turns":5},{"damage":0,"enemies":"Chosen and Byrds","floor":24,"turns":4},{"damage":7,"enemies":"Snake Plant","floor":27,"turns":4},{"damage":55,"enemies":"Gremlin Leader","floor":28,"turns":4}],"seed_played":"3645312804216020276","potions_obtained":[{"floor":5.0,"key":"SteroidPotion"},{"floor":6.0,"key":"Weak Potion"},{"floor":18,"key":"champ:CounterPotion"},{"floor":20,"key":"hexamod:EctoCoolerPotion"},{"floor":27,"key":"Energy Potion"}],"is_trial":false,"path_per_floor":["M","?","M","?","M","E","?","R","T","M","R","?","R","E","R","B",null,"M","M","M","$","M","E","M","?","T","M","E"],"character_chosen":"RobotSpaceExplorer","items_purchased":["RobotSpaceExplorer:Exploration","expansioncontent:Corrupt"],"campfire_rested":2,"item_purchase_floors":[21,21],"current_hp_per_floor":[74,74,73,73,73,36,36,58,58,58,58,58,75,81,81,56,82,80,80,68,68,56,20,20,4,4,41,0,0],"gold":297,"neow_bonus":"ONE_RARE_RELIC","is_daily":false,"chose_seed":false,"campfire_upgraded":2,"win_rate":0.0,"timestamp":1609001147,"path_taken":["M","?","M","?","?","E","?","R","T","M","R","?","R","E","R","BOSS","M","M","?","?","M","E","M","?","T","M","E"],"items_purchased_type":["Card","Card"],"build_version":"2020-12-22","purchased_purges":0,"victory":false,"max_hp_per_floor":[75,75,75,75,75,75,75,75,75,75,75,75,75,82,82,82,82,82,82,82,82,82,82,82,82,82,82,82,82],"card_choices":[{"not_picked":["RobotSpaceExplorer:ShockKick","RobotSpaceExplorer:Probe"],"picked":"RobotSpaceExplorer:StarDust","floor":1.0},{"not_picked":["RobotSpaceExplorer:FreezingShield","RobotSpaceExplorer:SelfCleaning"],"picked":"RobotSpaceExplorer:PlasmaMissile","floor":3.0},{"not_picked":["RobotSpaceExplorer:MetalStrike","RobotSpaceExplorer:SurgingShield"],"picked":"RobotSpaceExplorer:GlueShot","floor":5.0},{"not_picked":["RobotSpaceExplorer:RigExplosive","RobotSpaceExplorer:ShockKick"],"picked":"RobotSpaceExplorer:MiniDrones","floor":6.0},{"not_picked":["RobotSpaceExplorer:Jetpack","RobotSpaceExplorer:GlueShot"],"picked":"RobotSpaceExplorer:ScrapMissile","floor":10.0},{"not_picked":["RobotSpaceExplorer:FreezingShield","RobotSpaceExplorer:Pulsar"],"picked":"RobotSpaceExplorer:LuckyStrike","floor":14.0},{"not_picked":["RobotSpaceExplorer:ShockMissile","RobotSpaceExplorer:Arsenal"],"picked":"RobotSpaceExplorer:DroneSwarm","floor":16.0},{"not_picked":["RobotSpaceExplorer:SwiftStep","RobotSpaceExplorer:FrostMissile"],"picked":"RobotSpaceExplorer:PowerGlove","floor":18},{"not_picked":["RobotSpaceExplorer:Ammunition","RobotSpaceExplorer:FrostMissile"],"picked":"RobotSpaceExplorer:ScrapMissile+1","floor":19},{"not_picked":["RobotSpaceExplorer:ShovelStrike","RobotSpaceExplorer:Calculate"],"picked":"RobotSpaceExplorer:BigMissile","floor":20},{"not_picked":["RobotSpaceExplorer:FreezeRay","RobotSpaceExplorer:MiniDrones"],"picked":"RobotSpaceExplorer:StarLightning","floor":22},{"not_picked":["RobotSpaceExplorer:Electroshield+1","RobotSpaceExplorer:Comet"],"picked":"RobotSpaceExplorer:MiniBoosters","floor":23},{"not_picked":["RobotSpaceExplorer:ShovelStrike","RobotSpaceExplorer:BigMissile+1"],"picked":"RobotSpaceExplorer:Probe","floor":24},{"not_picked":["RobotSpaceExplorer:StunGrenade","RobotSpaceExplorer:FreezingShield"],"picked":"RobotSpaceExplorer:SurgingStrike+1","floor":27}],"player_experience":1608581,"relics_obtained":[{"floor":6.0,"key":"Bag of Preparation"},{"floor":9.0,"key":"RobotSpaceExplorer:PlasmaHourglass"},{"floor":14.0,"key":"Strawberry"},{"floor":22,"key":"Omamori"},{"floor":23,"key":"Protect_Vest"},{"floor":23,"key":"Anchor"},{"floor":25,"key":"Nilry\u0027s Codex"}],"event_choices":[{"damage_healed":0.0,"max_hp_gain":0.0,"max_hp_loss":0.0,"gold_gain":0.0,"event_name":"yidonshenshe","player_choice":"Donate","floor":2.0,"gold_loss":40.0,"damage_taken":0.0,"relics_obtained":["PaintedHorse:ReiMu"]},{"damage_healed":0.0,"max_hp_gain":0.0,"max_hp_loss":0.0,"gold_gain":0.0,"event_name":"NoteForYourself","player_choice":"Ignored","floor":4.0,"gold_loss":0.0,"damage_taken":0.0},{"damage_healed":0.0,"max_hp_gain":0.0,"max_hp_loss":0.0,"gold_gain":0.0,"event_name":"Golden Idol","player_choice":"Take Wound","floor":7.0,"gold_loss":0.0,"damage_taken":0.0,"relics_obtained":["Golden Idol"],"cards_obtained":["Injury"]},{"cards_removed":["Injury","Doubt"],"damage_healed":0.0,"max_hp_gain":0.0,"max_hp_loss":0.0,"gold_gain":0.0,"event_name":"Fountain of Cleansing","player_choice":"Removed Curses","floor":12.0,"gold_loss":0.0,"damage_taken":0.0},{"damage_healed":0,"gold_gain":0,"player_choice":"Obtained Book","damage_taken":16,"max_hp_gain":0,"max_hp_loss":0,"event_name":"Cursed Tome","floor":25,"gold_loss":0}],"is_beta":false,"boss_relics":[{"not_picked":["Runic Pyramid","Coffee Dripper"],"picked":"Black Star"}],"items_purged_floors":[],"is_endless":false,"potions_floor_spawned":[5,6,18,20,27],"killed_by":"Gremlin Leader","ascension_level":0}}