{"host":"u2grshebrc5rdzdn","time":1609019506,"event":{"mods":["AchievementEnabler","BaseMod","Minty Spire (QoL Compilation)","StSLib"],"gold_per_floor":[115,135,68,88,88,116,181,227,239,261,36,36,61,74,74,169,169,169,169,169,169,94,94,94,94,94,94,94,94,94,94,94],"floor_reached":31,"playtime":1776,"items_purged":["Strike_R"],"score":407,"play_id":"ffb11dfd-920e-4450-9f27-4d1f5ecfb6bd","local_time":"20201226225146","is_ascension_mode":true,"campfire_choices":[{"data":"Whirlwind","floor":12,"key":"SMITH"},{"floor":15,"key":"REST"},{"floor":24,"key":"REST"},{"floor":29,"key":"REST"}],"circlet_count":0,"master_deck":["Defend_R","Defend_R","Defend_R","Defend_R","Bash","Metallicize","Whirlwind+1","Iron Wave","Metallicize","Seeing Red","Immolate","Entrench","Demon Form","Double Tap","Shrug It Off","Corruption","Clothesline","Disarm","Burning Pact+1","Bite","Bite","Bite","Bite","Bite"],"relics":["Burning Blood","NeowsBlessing","MawBank","Whetstone","Tiny Chest","Oddly Smooth Stone","Gremlin Horn","Ectoplasm","Ornamental Fan","Ancient Tea Set","StrikeDummy"],"acts_visited":["Exordium","TheCity"],"potions_floor_usage":[14,16,31,31],"damage_taken":[{"damage":0,"enemies":"Cultist","floor":1,"turns":1},{"damage":0,"enemies":"2 Louse","floor":2,"turns":2},{"damage":0,"enemies":"Jaw Worm","floor":4,"turns":1},{"damage":49,"enemies":"Lagavulin","floor":6,"turns":10},{"damage":27,"enemies":"Gremlin Nob","floor":8,"turns":6},{"damage":2,"enemies":"Red Slaver","floor":10,"turns":5},{"damage":14,"enemies":"3 Sentries","floor":13,"turns":6},{"damage":7,"enemies":"Large Slime","floor":14,"turns":7},{"damage":22,"enemies":"The Guardian","floor":16,"turns":13},{"damage":25,"enemies":"Chosen","floor":18,"turns":6},{"damage":28,"enemies":"Book of Stabbing","floor":23,"turns":7},{"damage":24,"enemies":"3 Byrds","floor":25,"turns":5},{"damage":12,"enemies":"Snecko","floor":27,"turns":5},{"damage":5,"enemies":"Cultist and Chosen","floor":30,"turns":5},{"damage":43,"enemies":"Colosseum Slavers","floor":31,"turns":6},{"damage":49,"enemies":"Colosseum Nobs","floor":31,"turns":5}],"seed_played":"-1073966958256926629","potions_obtained":[{"floor":1,"key":"Ancient Potion"},{"floor":4,"key":"SpeedPotion"},{"floor":10,"key":"SpeedPotion"},{"floor":13,"key":"LiquidBronze"},{"floor":27,"key":"Energy Potion"},{"floor":30,"key":"ElixirPotion"}],"is_trial":false,"path_per_floor":["M","M","$","M","?","E","T","E","T","M","$","R","E","M","R","B",null,"M","?","?","T","$","E","R","M","T","M","?","R","M","?"],"character_chosen":"IRONCLAD","items_purchased":["Whirlwind","Immolate","Entrench"],"campfire_rested":3,"item_purchase_floors":[3,11,11],"current_hp_per_floor":[78,80,80,80,85,42,42,21,21,25,25,25,17,16,41,25,70,51,35,35,35,35,13,40,22,22,16,16,34,47,0,0],"gold":94,"neow_bonus":"THREE_ENEMY_KILL","is_daily":false,"chose_seed":false,"campfire_upgraded":1,"win_rate":0.0,"timestamp":1609019506,"path_taken":["M","?","$","?","?","E","?","E","T","?","$","R","E","M","R","BOSS","M","?","?","?","$","E","R","M","T","M","?","R","?","?"],"items_purchased_type":["Card","Card","Card"],"build_version":"2020-12-22","purchased_purges":1,"victory":false,"max_hp_per_floor":[80,80,80,80,85,85,85,85,85,85,85,85,85,85,85,85,85,85,90,90,90,90,90,90,90,90,90,62,62,62,62,62],"card_choices":[{"not_picked":["Carnage","Armaments"],"picked":"Metallicize","floor":1},{"not_picked":["Headbutt","Sever Soul","Clash"],"picked":"SKIP","floor":2},{"not_picked":["Warcry","Headbutt"],"picked":"Iron Wave","floor":4},{"not_picked":["Clothesline","Flame Barrier"],"picked":"Metallicize","floor":6},{"not_picked":["Sword Boomerang","Searing Blow","True Grit"],"picked":"SKIP","floor":8},{"not_picked":["Headbutt","Shrug It Off"],"picked":"Seeing Red","floor":10},{"not_picked":["Thunderclap","Anger"],"picked":"Demon Form","floor":13},{"not_picked":["Iron Wave","Infernal Blade","Clothesline"],"picked":"SKIP","floor":14},{"not_picked":["Offering","Brutality"],"picked":"Double Tap","floor":16},{"not_picked":["Armaments","Pummel+1"],"picked":"Shrug It Off","floor":18},{"not_picked":["Perfected Strike+1","Warcry+1","Headbutt"],"picked":"SKIP","floor":23},{"not_picked":["Second Wind","True Grit"],"picked":"Disarm","floor":25},{"not_picked":["Anger","Berserk"],"picked":"Burning Pact+1","floor":27},{"not_picked":["Headbutt","Clash","Fire Breathing"],"picked":"SKIP","floor":30}],"player_experience":374859,"relics_obtained":[{"floor":6,"key":"MawBank"},{"floor":7,"key":"Whetstone"},{"floor":8,"key":"Tiny Chest"},{"floor":9,"key":"Oddly Smooth Stone"},{"floor":13,"key":"Gremlin Horn"},{"floor":21,"key":"Ornamental Fan"},{"floor":23,"key":"Ancient Tea Set"},{"floor":26,"key":"StrikeDummy"}],"event_choices":[{"damage_healed":0,"gold_gain":0,"player_choice":"Donut","damage_taken":0,"max_hp_gain":5,"max_hp_loss":0,"event_name":"Big Fish","floor":5,"gold_loss":0},{"damage_healed":0,"gold_gain":0,"player_choice":"Shed Blood","damage_taken":21,"max_hp_gain":5,"max_hp_loss":0,"event_name":"Forgotten Altar","floor":19,"gold_loss":0},{"damage_healed":0,"gold_gain":0,"player_choice":"2 cards matched","damage_taken":0,"max_hp_gain":0,"max_hp_loss":0,"event_name":"Match and Keep!","floor":20,"gold_loss":0,"cards_obtained":["Corruption","Clothesline"]},{"damage_healed":0,"gold_gain":0,"player_choice":"Became a vampire","damage_taken":0,"max_hp_gain":0,"max_hp_loss":28,"event_name":"Vampires","floor":28,"gold_loss":0,"cards_obtained":["Bite","Bite","Bite","Bite","Bite"]},{"damage_healed":0,"gold_gain":0,"player_choice":"Fight","damage_taken":0,"max_hp_gain":0,"max_hp_loss":0,"event_name":"Colosseum","floor":31,"gold_loss":0},{"damage_healed":0,"gold_gain":0,"player_choice":"Fought Nobs","damage_taken":0,"max_hp_gain":0,"max_hp_loss":0,"event_name":"Colosseum","floor":31,"gold_loss":0}],"is_beta":false,"boss_relics":[{"not_picked":["SlaversCollar","Black Star"],"picked":"Ectoplasm"}],"items_purged_floors":[22],"is_endless":false,"potions_floor_spawned":[1,4,10,13,27,30],"killed_by":"Colosseum Nobs","ascension_level":8}}