{"host":"951sez6ulsv0fw1i","time":1609019254,"event":{"mods":["2.2 Compatiblity","Act Like it!","Aspiration","BaseMod","Better Third Choice","BetterRewards","CCEM","CapriCore","Conspire","Downfall","Gensokyo","Googly Eyes","Hermit","Infinite Spire","JesterMod","Luminous","Marisa????????","Minty Spire (QoL Compilation)","Potionbrewer","Reimu??????","Spicy Shops","StSLib","The Cursed","The Immortal","The Marked","The Runesmith","The Servant 0.9.4","TheVacant"],"gold_per_floor":[111,111,61,61,71,71,103,103,156,156,8,25,67,111,111,242,242,288,288,288,332,0,0,33,33,33,43,80,330,359,359],"floor_reached":30,"playtime":1813,"items_purged":["Injury"],"score":281,"play_id":"fafad97a-3104-4cd0-a8f6-39709359802c","local_time":"20201226224734","is_ascension_mode":false,"campfire_choices":[{"data":"conspire:SpireCoStock","floor":6,"key":"SMITH"},{"data":"TightArray:ReiMu","floor":8,"key":"SMITH"},{"data":"Intuition:ReiMu","floor":15,"key":"SMITH"},{"floor":23,"key":"RECALL"},{"data":"Amulet:ReiMu","floor":25,"key":"SMITH"}],"circlet_count":0,"master_deck":["Strike_Lin:ReiMu","Strike_Lin:ReiMu","Strike_Lin:ReiMu","Strike_Lin:ReiMu","Defend_Lin:ReiMu","Defend_Lin:ReiMu","Defend_Lin:ReiMu","Defend_Lin:ReiMu","NB:ReiMu","Stagnation:ReiMu","Intuition:ReiMu+1","conspire:SpireCoStock+1","SpringWay:ReiMu","FineLineFantasy:ReiMu","Free:ReiMu","LovePray:ReiMu","KamiRite:ReiMu","UniversalSpiritual:ReiMu","Amulet:ReiMu+1","Gensokyo:TarnishedGold","Gensokyo:LockedMedkit","Gensokyo:OverchargedCore","Gensokyo:ReactiveArmor","AirStrike:ReiMu","Enchanting:ReiMu+1","RainPray2:ReiMu"],"relics":["FlyPower:ReiMu","NeowsBlessing","conspire:DeflatedDodgeball","potionbrewer:Torch","CCEMRelics:PorcelainBowl","Gensokyo:Mercy","CCEMRelics:HistoryBook","Lizard Tail","aspiration:RitualDagger","Gensokyo:DirgeOfMelancholy","Gensokyo:RedStar","aspiration:HiddenCompartment","Potion Belt","Torii"],"acts_visited":["Exordium","Gensokyo:Gensokyo"],"potions_floor_usage":[28,30],"damage_taken":[{"damage":0,"enemies":"Gensokyo:3_Fairies","floor":1,"turns":2},{"damage":0,"enemies":"Gensokyo:Python","floor":5,"turns":1},{"damage":0,"enemies":"Gensokyo:Aya","floor":7,"turns":1},{"damage":0,"enemies":"Gensokyo:2_Kodama","floor":12,"turns":3},{"damage":14,"enemies":"Gensokyo:Mamizou","floor":13,"turns":11},{"damage":1,"enemies":"Gensokyo:Gryphon_and_Rabbit","floor":14,"turns":7},{"damage":12,"enemies":"Gensokyo:Yukari","floor":16,"turns":11},{"damage":42,"enemies":"Gensokyo:Chomper","floor":18,"turns":8},{"damage":36,"enemies":"Gensokyo:2_Gloops","floor":21,"turns":9},{"damage":80,"enemies":"Nightmare","floor":24,"turns":12},{"damage":29,"enemies":"Gensokyo:Slime_Group","floor":27,"turns":6},{"damage":15,"enemies":"Gensokyo:Chomper_and_Gloop","floor":28,"turns":5},{"damage":40,"enemies":"Gensokyo:Tenshi","floor":30,"turns":7}],"seed_played":"-1831459885742468697","potions_obtained":[{"floor":1,"key":"potionbrewer:NoxiousPotion"},{"floor":12,"key":"Fire Potion"},{"floor":16,"key":"Energy Potion"},{"floor":18,"key":"potionbrewer:MidasPotion"},{"floor":27,"key":"SpeedPotion"}],"is_trial":false,"path_per_floor":["M","?","?","$","M","R","E","R","T","?","$","M","E","M","R","B",null,"M","?","?","M","COS","R","NM","R","T","M","M","?","E"],"character_chosen":"REIMU","items_purchased":["CCEMRelics:HistoryBook"],"campfire_rested":0,"item_purchase_floors":[11],"current_hp_per_floor":[65,65,65,65,65,65,65,65,65,65,65,65,51,50,50,38,65,23,23,23,36,36,36,40,40,40,29,30,30,0,0],"gold":359,"neow_bonus":"THREE_ENEMY_KILL","is_daily":false,"chose_seed":false,"campfire_upgraded":4,"win_rate":0.0,"timestamp":1609019254,"path_taken":["M","?","?","?","M","R","E","R","T","?","?","M","E","M","R","BOSS","M","?","?","M","COS","R","NM","R","T","M","?","?","E"],"items_purchased_type":["Relic"],"build_version":"2020-12-22","purchased_purges":1,"victory":false,"max_hp_per_floor":[65,65,65,65,65,65,65,65,65,65,65,65,65,65,65,65,65,65,65,65,65,65,65,65,65,65,65,65,62,62,62],"card_choices":[{"not_picked":["BarrageOfMoneybags:ReiMu","OrbThrow:ReiMu"],"picked":"Intuition:ReiMu","floor":1},{"not_picked":["SpreadBorder2:ReiMu","EmergencyTakeOff:ReiMu"],"picked":"TightArray:ReiMu","floor":5},{"not_picked":["FineLineFantasy:ReiMu","UpKicking:ReiMu"],"picked":"SpringWay:ReiMu","floor":7},{"not_picked":["Crusade:ReiMu","SubAcupoint:ReiMu"],"picked":"FineLineFantasy:ReiMu","floor":12},{"not_picked":["MikOfLucky:ReiMu","Enchanting:ReiMu"],"picked":"Free:ReiMu","floor":13},{"not_picked":["TightArray:ReiMu","SubcavityInstant:ReiMu"],"picked":"LovePray:ReiMu","floor":14},{"not_picked":["Free:ReiMu","RunawayExorcism:ReiMu"],"picked":"KamiRite:ReiMu","floor":16},{"not_picked":["CareerPray:ReiMu","Crusade:ReiMu"],"picked":"UniversalSpiritual:ReiMu","floor":18},{"not_picked":["SubcavityInstant:ReiMu","CareerPray:ReiMu"],"picked":"Amulet:ReiMu","floor":21},{"not_picked":["DependentForm:ReiMu","KamiSacrifice:ReiMu"],"picked":"AirStrike:ReiMu","floor":24},{"not_picked":["Amulet:ReiMu","SubcavityInstant:ReiMu"],"picked":"Enchanting:ReiMu+1","floor":27},{"not_picked":["SubAcupoint:ReiMu+1","ManaGlint:ReiMu+1"],"picked":"RainPray2:ReiMu","floor":28}],"player_experience":531902,"relics_obtained":[{"floor":7,"key":"potionbrewer:Torch"},{"floor":9,"key":"CCEMRelics:PorcelainBowl"},{"floor":13,"key":"Lizard Tail"},{"floor":24,"key":"aspiration:HiddenCompartment"}],"event_choices":[{"damage_healed":0,"gold_gain":0,"player_choice":"Invest 1","damage_taken":0,"max_hp_gain":0,"max_hp_loss":0,"event_name":"conspire:Investor","floor":3,"gold_loss":0}],"is_beta":false,"boss_relics":[{"not_picked":["infinitespire:Cupcake","Tiny House"],"picked":"aspiration:RitualDagger"}],"items_purged_floors":[11],"is_endless":false,"potions_floor_spawned":[1,12,16,18,24,27],"killed_by":"Gensokyo:Tenshi","ascension_level":0}}