{"host":"86c6vgocyjlprmyx","time":1609014481,"event":{"mods":["BaseMod","Downfall","Hermit","Minty Spire (QoL Compilation)","Replay The Spire","Shade Mod","StSLib","The Cursed","The Hierophant","The Necromancer","The Servant 0.9.4"],"gold_per_floor":[115,6,25,37,37,37,51,86,86,96,111,111,126,137,137,235,285,305,319,319,331,344,344,344],"floor_reached":23,"playtime":2200,"items_purged":["Shade:Strike_Shade"],"score":224,"play_id":"701e8669-9d70-4650-8300-b8b744f8f755","local_time":"20201226212801","is_ascension_mode":false,"campfire_choices":[{"data":"Shade:Bonestorm","floor":6,"key":"SMITH"},{"data":"Shade:PressTheAttack","floor":12,"key":"SMITH"},{"data":"Shade:FingerOfDeath","floor":15,"key":"SMITH"}],"circlet_count":0,"master_deck":["Shade:Strike_Shade","Shade:Strike_Shade","Shade:Strike_Shade","Shade:Defend_Shade","Shade:Defend_Shade","Shade:Defend_Shade","Shade:Defend_Shade","Shade:AnimateDead","Shade:CarefulCut+1","Shade:FingerOfDeath+1","Shade:Brains","Shade:CommandSoldier","Shade:Bonestorm+1","Shade:CommandSoldier","Shade:GraveStillness","Shade:PressTheAttack+1","Shade:WallOfFlesh","Shade:Bonestorm","Shade:Frenzy","Shade:UnbarTheGrave","Shade:Carnophage","Shade:CoffinDance","Shade:Carnophage+1","Clumsy","Shade:LyeBath","Shade:PressTheAttack+1"],"relics":["Shade:YorickSkull","ReplayTheSpireMod:Ninjato","Darkstone Periapt","Tiny House","Chameleon Ring"],"acts_visited":["Exordium","TheCity"],"potions_floor_usage":[14,16,19,23],"damage_taken":[{"damage":0,"enemies":"2 Louse","floor":1,"turns":2},{"damage":0,"enemies":"Jaw Worm","floor":3,"turns":3},{"damage":0,"enemies":"Cultist","floor":4,"turns":3},{"damage":0,"enemies":"Gremlin Gang","floor":7,"turns":3},{"damage":18,"enemies":"Gremlin Nob","floor":8,"turns":4},{"damage":0,"enemies":"Looter","floor":10,"turns":3},{"damage":2,"enemies":"Exordium Thugs","floor":11,"turns":3},{"damage":0,"enemies":"2 Fungi Beasts","floor":13,"turns":4},{"damage":0,"enemies":"Looter","floor":14,"turns":2},{"damage":29,"enemies":"The Guardian","floor":16,"turns":11},{"damage":10,"enemies":"Spheric Guardian","floor":18,"turns":4},{"damage":10,"enemies":"Shell Parasite","floor":19,"turns":4},{"damage":6,"enemies":"Cultist and Chosen","floor":21,"turns":8},{"damage":7,"enemies":"Centurion and Healer","floor":22,"turns":6},{"damage":54,"enemies":"Book of Stabbing","floor":23,"turns":7}],"seed_played":"5797094024129440558","potions_obtained":[{"floor":3,"key":"Block Potion"},{"floor":8,"key":"champ:CounterPotion"},{"floor":11,"key":"SneckoOil"},{"floor":13,"key":"Reflective Coating"},{"floor":14,"key":"FearPotion"},{"floor":17,"key":"ColorlessPotion"},{"floor":18,"key":"champ:CounterPotion"},{"floor":21,"key":"Reflective Coating"}],"is_trial":false,"path_per_floor":["M","$","M","M","?","R","M","E","T","M","M","R","M","M","R","B",null,"M","M","?","M","M","E"],"character_chosen":"SHADE","items_purchased":["Shade:Brains"],"campfire_rested":0,"item_purchase_floors":[2],"current_hp_per_floor":[71,71,71,71,71,71,71,53,53,53,51,51,51,51,51,22,76,66,56,62,56,49,0,0],"gold":344,"neow_bonus":"TEN_PERCENT_HP_BONUS","is_daily":false,"chose_seed":false,"campfire_upgraded":3,"win_rate":0.0,"timestamp":1609014481,"path_taken":["M","$","M","M","?","R","M","E","T","M","M","R","M","M","R","BOSS","M","M","?","?","M","E"],"items_purchased_type":["Card"],"build_version":"2020-12-22","purchased_purges":1,"victory":false,"max_hp_per_floor":[71,71,71,71,71,71,71,71,71,71,71,71,71,71,71,71,76,76,76,82,82,82,82,82],"card_choices":[{"not_picked":["Shade:Premonition","Shade:Frenzy"],"picked":"Shade:FingerOfDeath","floor":1},{"not_picked":["Shade:FingerOfDeath","Shade:FleshToFlesh"],"picked":"Shade:CommandSoldier","floor":3},{"not_picked":["Shade:Patience","Shade:FreshBones"],"picked":"Shade:Bonestorm","floor":4},{"not_picked":["Shade:SpectralStrikes","Shade:OminousRitual"],"picked":"Shade:CommandSoldier","floor":7},{"not_picked":["Shade:Doomsay","Shade:SelfBurial"],"picked":"Shade:GraveStillness","floor":8},{"not_picked":["Shade:SkeletonHug","Shade:FleshOffering"],"picked":"Shade:PressTheAttack","floor":10},{"not_picked":["Shade:Doomsay","Shade:Premonition"],"picked":"Shade:WallOfFlesh","floor":11},{"not_picked":["Shade:CloudOfShrapnel","Shade:GoDigging"],"picked":"Shade:Bonestorm","floor":13},{"not_picked":["Shade:FuneraryArmor","Shade:SkeletonHug"],"picked":"Shade:Frenzy","floor":14},{"not_picked":["Shade:SelfBurial","Shade:LastGasp"],"picked":"Shade:UnbarTheGrave","floor":16},{"not_picked":["Shade:TouchOfTheGrave","Shade:WallOfFlesh"],"picked":"Shade:Carnophage","floor":17},{"not_picked":["Shade:FuneraryArmor","Shade:StitchTogether+1"],"picked":"Shade:CoffinDance","floor":18},{"not_picked":["Shade:Frenzy+1","Shade:Trample"],"picked":"Shade:Carnophage+1","floor":19},{"not_picked":["Shade:Excise","Shade:Trample"],"picked":"Shade:LyeBath","floor":21},{"not_picked":["Shade:GreyBargain","Shade:FingerOfDeath"],"picked":"Shade:PressTheAttack+1","floor":22}],"player_experience":181369,"relics_obtained":[{"floor":8,"key":"ReplayTheSpireMod:Ninjato"},{"floor":9,"key":"Darkstone Periapt"}],"event_choices":[{"damage_healed":0,"gold_gain":0,"player_choice":"Ignored","damage_taken":0,"max_hp_gain":0,"max_hp_loss":0,"event_name":"Liars Game","floor":5,"gold_loss":0}],"is_beta":false,"boss_relics":[{"not_picked":["Ectoplasm","Busted Crown"],"picked":"Tiny House"}],"items_purged_floors":[2],"is_endless":false,"potions_floor_spawned":[3,8,11,13,14,18,21],"killed_by":"Book of Stabbing","ascension_level":0}}