{"host":"ezkqjaqywejtjag1","time":1609018816,"event":{"mods":["BaseMod","BetterRewards","Colored Map","Infinite Spire","Minty Spire (QoL Compilation)","Replay The Spire","StSLib"],"gold_per_floor":[119,135,100,100,110,110,127,127,150,181,181,200,226,226,226,325,325,344,344,75,93,113,113,131,131,131,148,148,148],"floor_reached":28,"playtime":1249,"items_purged":[],"score":230,"play_id":"cb39f68f-f437-4fc8-92f2-b75165910f03","local_time":"20201226164016","is_ascension_mode":false,"campfire_choices":[{"data":"BasicCrystalCard","floor":6,"key":"SMITH"},{"data":"Defragment","floor":8,"key":"SMITH"},{"data":"BasicCrystalCard","floor":11,"key":"SMITH"},{"floor":15,"key":"REST"},{"floor":23,"key":"REST"}],"circlet_count":0,"master_deck":["Strike_B","Strike_B","Strike_B","Defend_B","Defend_B","Defend_B","Defend_B","Zap","Dualcast","BasicCrystalCard+1","Defragment+1","Gash","BasicCrystalCard+1","ReplayGash","Cold Snap","Mirror Shield","Turbo","Voices","White Noise","Gash","Pot Of Greed","Pot Of Greed","Buffer","Lockon+1","Defragment","Streamline","Pot Of Greed"],"relics":["Cracked Core","Strawberry","Replay:Rubber Ducky","infinitespire:Lucky Rock","Ginger","Ring of Chaos","Ring of Fury","Ring of Panic","Grinning Jar","Solar Panel","Pocketwatch"],"acts_visited":["Exordium","TheCity"],"potions_floor_usage":[13,13],"damage_taken":[{"damage":0,"enemies":"Cultist","floor":1,"turns":4},{"damage":0,"enemies":"Small Slimes","floor":2,"turns":2},{"damage":9,"enemies":"2 Louse","floor":5,"turns":3},{"damage":3,"enemies":"Red Slaver","floor":7,"turns":3},{"damage":18,"enemies":"3 Sentries","floor":10,"turns":6},{"damage":1,"enemies":"Blue Slaver","floor":12,"turns":4},{"damage":22,"enemies":"Gremlin Nob","floor":13,"turns":4},{"damage":47,"enemies":"The Guardian","floor":16,"turns":9},{"damage":2,"enemies":"Chosen","floor":18,"turns":6},{"damage":11,"enemies":"Spheric Guardian","floor":21,"turns":5},{"damage":38,"enemies":"Chosen and Byrds","floor":22,"turns":7},{"damage":28,"enemies":"3 Cultists","floor":24,"turns":7},{"damage":17,"enemies":"Sentry and Sphere","floor":27,"turns":4},{"damage":0,"enemies":"Cultist and Chosen","floor":28,"turns":1}],"seed_played":"-4911441446594585319","potions_obtained":[{"floor":10,"key":"FearPotion"},{"floor":12,"key":"EssenceOfSteel"},{"floor":13,"key":"SpeedPotion"},{"floor":22,"key":"Elixir"},{"floor":27,"key":"Elixir"}],"is_trial":true,"path_per_floor":["M","M","$","?","M","R","M","R","T","E","R","M","E","?","R","B",null,"M","?","$","M","M","R","M","?","T","M","M"],"character_chosen":"DEFECT","items_purchased":["Defragment","White Noise","Gash","Grinning Jar"],"campfire_rested":2,"item_purchase_floors":[3,20,20,20],"current_hp_per_floor":[75,75,75,82,73,73,70,70,70,52,52,51,29,29,53,6,82,80,80,80,69,31,55,27,27,27,14,14,14],"gold":148,"neow_bonus":"","is_daily":false,"chose_seed":false,"campfire_upgraded":3,"win_rate":0.0,"timestamp":1609018816,"path_taken":["M","M","?","?","?","R","M","R","T","E","R","M","E","?","R","BOSS","M","?","$","M","M","R","M","?","T","M","M"],"items_purchased_type":["Card","Card","Card","Relic"],"build_version":"2020-12-22","purchased_purges":0,"victory":false,"max_hp_per_floor":[75,75,75,82,82,82,82,82,82,82,82,82,82,82,82,82,82,82,82,82,82,82,82,82,82,82,82,82,82],"card_choices":[{"not_picked":["ReplayTheSpireMod:Reroute Power","Panic Button"],"picked":"Skim","floor":1},{"not_picked":["Barrage","Defragment"],"picked":"BasicCrystalCard","floor":2},{"not_picked":["Coolheaded","Darkness"],"picked":"Gash","floor":5},{"not_picked":["Streamline","ReplayTheSpireMod:Reroute Power","Darkness"],"picked":"SKIP","floor":7},{"not_picked":["Streamline","ReplayTheSpireMod:Reroute Power","Darkness"],"picked":"SKIP","floor":7},{"not_picked":["Aggregate","Auto Shields"],"picked":"BasicCrystalCard","floor":10},{"not_picked":["Barrage","ReplayTheSpireMod:Repulse"],"picked":"ReplayGash","floor":12},{"not_picked":["Darkness","Hyperbeam"],"picked":"Cold Snap","floor":13},{"not_picked":["Amplify","Rainbow"],"picked":"Mirror Shield","floor":16},{"not_picked":["Ball Lightning","BasicCrystalCard"],"picked":"Turbo","floor":18},{"not_picked":["Conserve Battery+1","Sweeping Beam"],"picked":"Buffer","floor":21},{"not_picked":["Storm","Stack"],"picked":"Lockon+1","floor":22},{"not_picked":["Streamline","Redo"],"picked":"Defragment","floor":24},{"not_picked":["BasicCrystalCard","Reinforced Body"],"picked":"Streamline","floor":27}],"player_experience":168637,"relics_obtained":[{"floor":9,"key":"Replay:Rubber Ducky"},{"floor":10,"key":"infinitespire:Lucky Rock"},{"floor":13,"key":"Ginger"},{"floor":19,"key":"Ring of Fury"},{"floor":19,"key":"Ring of Panic"},{"floor":25,"key":"Solar Panel"},{"floor":26,"key":"Pocketwatch"}],"event_choices":[{"cards_removed":["Skim"],"damage_healed":0,"gold_gain":0,"player_choice":"Gave Card","damage_taken":0,"relics_obtained":["Strawberry"],"max_hp_gain":0,"max_hp_loss":0,"event_name":"WeMeetAgain","floor":4,"gold_loss":0},{"damage_healed":0,"gold_gain":0,"player_choice":"Relic","damage_taken":0,"max_hp_gain":0,"max_hp_loss":0,"event_name":"Wheel of Change","floor":25,"gold_loss":0}],"is_beta":false,"boss_relics":[{"not_picked":["Busted Crown","Runic Pyramid"],"picked":"Ring of Chaos"}],"items_purged_floors":[],"is_endless":false,"potions_floor_spawned":[10,12,13,22,27],"killed_by":"Cultist and Chosen","ascension_level":0}}