{"host":"Terry","time":1609009439,"event":{"mods":["BaseMod","Downfall","Hubris","Minty Spire (QoL Compilation)","Replay The Spire","StSLib"],"gold_per_floor":[199,212,229,229,248,39,39,39,70,81,15,15,0,12,25,124,124,49,66,51,51,66,85,85,97,123,136,61,75,104,104,121,231,231,231,251,236,286,286,286,286,286,304,679,679,697,19,33,49,49],"floor_reached":51,"playtime":4880,"items_purged":["hexamod:Strike"],"score":741,"play_id":"9a358c6f-ce1d-4e6b-bad2-37c0b36c070f","local_time":"20201226140359","is_ascension_mode":false,"campfire_choices":[{"data":"hexamod:Incineration","floor":12,"key":"SMITH"},{"data":"hexamod:GhostflameInferno","floor":18,"key":"SMITH"},{"floor":28,"key":"REST"},{"floor":40,"key":"REST"},{"data":"hexamod:TimeWarp","floor":42,"key":"SMITH"},{"data":"hexamod:EmpoweringStance","floor":45,"key":"SMITH"}],"circlet_count":0,"master_deck":["hexamod:Defend","hexamod:Defend","hexamod:Defend","hexamod:Defend","hexamod:Sear","hexamod:Float","hexamod:CatchUp","hexamod:SwordOfDarkness","hexamod:FourthSeal","hexamod:InspiringFlames","hexamod:Incineration+1","hexamod:PowerFromBeyond","hexamod:AdvancingGuard","hexamod:NightmareGuise","hexamod:FastForward","hexamod:FirstSeal","hexamod:PowerFromBeyond+1","hexamod:SpectersWail","hexamod:GhostOfSpirePresent","hexamod:GhostflameInferno+1","hexamod:SwordOfDarkness+1","hexamod:NightmareGuise+1","hexamod:SwordOfDarkness+1","hexamod:HauntingEcho+1","hexamod:ThirdSeal","hexamod:StepThrough+1","hexamod:FastForward+1","hexamod:EmpoweringStance","hexamod:CrushingStance","hexamod:ShieldOfDarkness+1","hexamod:EmpoweredFlame+1","hexamod:TimeWarp+1","hexamod:GhostLash+1","hexamod:SecondSeal","hexamod:EmpoweringStance+1","hexamod:GhostOfSpireFuture+1","hexamod:HauntingEcho+1","hexamod:HeatMetal+1","hexamod:GhostLash+1","hexamod:Firestarter","hexamod:GhostShield+1","hexamod:BacktrackSmack+1","hexamod:VolcanoVisage","hexamod:BacktrackSmack+1","hexamod:Rewind+1","hexamod:HeatCrush","Transmutation","expansioncontent:StudyTheSpire","hexamod:GiftsFromTheDead","hexamod:Hexaguard+1","hexamod:HeatCrush+1","hexamod:Firestarter+1","hexamod:FlamesFromBeyond+1"],"relics":["hexamod:SpiritBrand","Pen Nib","hubris:Towel","Pantograph","Replay:Grab Bag","Velvet Choker","hexamod:IceCube","hubris:ScarierMask","Astrolabe","downfall:HeartBlessingGreen","The Courier","hexamod:MatchstickCase","downfall:HeartBlessingBlue","MealTicket","hubris:Icosahedron","Snecko Eye","Prayer Wheel","hubris:MysteriousPyramids","Oddly Smooth Stone","Centennial Puzzle","hubris:SlimyHat"],"acts_visited":["Exordium","TheCity","TheBeyond"],"potions_floor_usage":[16,23,26,30,33,33,50,50],"damage_taken":[{"damage":0,"enemies":"2 Louse","floor":2,"turns":3},{"damage":0,"enemies":"Jaw Worm","floor":3,"turns":3},{"damage":0,"enemies":"Small Slimes","floor":5,"turns":3},{"damage":0,"enemies":"downfall:FleeingMerchant","floor":6,"turns":4},{"damage":22,"enemies":"Lagavulin","floor":9,"turns":6},{"damage":0,"enemies":"Exordium Thugs","floor":10,"turns":3},{"damage":0,"enemies":"downfall:FleeingMerchant","floor":11,"turns":4},{"damage":9,"enemies":"downfall:FleeingMerchant","floor":13,"turns":4},{"damage":2,"enemies":"Red Slaver","floor":14,"turns":3},{"damage":5,"enemies":"Exordium Wildlife","floor":15,"turns":5},{"damage":38,"enemies":"downfall:Defect","floor":16,"turns":9},{"damage":0,"enemies":"Chosen","floor":19,"turns":4},{"damage":19,"enemies":"downfall:FleeingMerchant","floor":20,"turns":4},{"damage":5,"enemies":"3 Byrds","floor":22,"turns":5},{"damage":26,"enemies":"Snake Plant","floor":23,"turns":4},{"damage":6,"enemies":"Centurion and Healer","floor":25,"turns":3},{"damage":20,"enemies":"Book of Stabbing","floor":26,"turns":6},{"damage":0,"enemies":"3 Cultists","floor":27,"turns":4},{"damage":4,"enemies":"Cultist and Chosen","floor":29,"turns":5},{"damage":21,"enemies":"Gremlin Leader","floor":30,"turns":7},{"damage":0,"enemies":"Centurion and Healer","floor":32,"turns":3},{"damage":34,"enemies":"downfall:Silent","floor":33,"turns":9},{"damage":4,"enemies":"3 Darklings","floor":36,"turns":4},{"damage":5,"enemies":"downfall:FleeingMerchant","floor":37,"turns":4},{"damage":42,"enemies":"Mind Bloom Boss Battle","floor":38,"turns":5},{"damage":0,"enemies":"Orb Walker","floor":43,"turns":3},{"damage":0,"enemies":"downfall:FleeingMerchant","floor":44,"turns":1},{"damage":18,"enemies":"3 Darklings","floor":46,"turns":3},{"damage":9,"enemies":"Jaw Worm Horde","floor":48,"turns":3},{"damage":34,"enemies":"Spire Growth","floor":49,"turns":6},{"damage":29,"enemies":"downfall:Ironclad","floor":50,"turns":8}],"seed_played":"1850407895508333015","potions_obtained":[{"floor":2,"key":"ColorlessPotion"},{"floor":5,"key":"FearPotion"},{"floor":5,"key":"PowerPotion"},{"floor":6,"key":"Flashbang"},{"floor":9,"key":"Fire Potion"},{"floor":16,"key":"Adrenaline Potion"},{"floor":20,"key":"BlessingOfTheForge"},{"floor":23,"key":"Fruit Juice"},{"floor":23,"key":"SkillPotion"},{"floor":27,"key":"Elixir"},{"floor":29,"key":"Block Potion"},{"floor":30,"key":"SneckoOil"},{"floor":33,"key":"Guardian:BlockOnCardUsePotion"},{"floor":33,"key":"Dexterity Potion"}],"is_trial":false,"path_per_floor":["R","M","M","?","M","$","T","?","E","M","$","R","$","M","M","B",null,"R","M","$","?","M","M","T","M","E","M","R","M","E","?","M","B",null,"R","M","$","?","?","R","T","R","M","$","R","M","?","M","M","B",null],"character_chosen":"THE_SPIRIT","items_purchased":["hexamod:PowerFromBeyond","hexamod:AdvancingGuard","hexamod:PowerFromBeyond+1","Oddly Smooth Stone","hexamod:HeatCrush","Transmutation","expansioncontent:StudyTheSpire","Centennial Puzzle","hubris:SlimyHat"],"campfire_rested":2,"item_purchase_floors":[6,6,11,47,47,47,47,47,47],"current_hp_per_floor":[70,70,70,70,70,70,70,70,48,48,48,48,46,44,39,26,70,70,70,58,58,53,32,32,26,13,20,55,58,37,37,37,35,85,85,81,85,43,43,68,68,68,75,85,85,67,67,58,31,27],"gold":49,"neow_bonus":"RANDOM_COMMON_RELIC","is_daily":false,"chose_seed":false,"campfire_upgraded":4,"win_rate":0.0,"timestamp":1609009439,"path_taken":["R","M","M","?","M","$","T","?","E","?","$","R","?","M","M","BOSS","R","M","?","?","M","M","T","M","E","M","R","M","E","?","M","BOSS","R","M","$","?","?","R","T","R","?","$","R","M","?","M","M","BOSS"],"items_purchased_type":["Card","Card","Card","Relic","Card","Card","Card","Relic","Relic"],"build_version":"2020-12-18","purchased_purges":1,"victory":true,"max_hp_per_floor":[70,70,70,70,70,70,70,70,70,70,70,70,70,70,70,70,70,70,70,70,70,70,75,75,75,75,75,85,85,85,85,85,85,85,85,85,85,85,85,85,85,85,85,85,85,85,85,85,85,85],"card_choices":[{"not_picked":["hexamod:ExtraCrispy","hexamod:NightmareStrike"],"picked":"hexamod:CatchUp","floor":2},{"not_picked":["hexamod:Firestarter","hexamod:GhostShield"],"picked":"hexamod:SwordOfDarkness","floor":3},{"not_picked":["hexamod:Rewind","hexamod:GhostLash"],"picked":"hexamod:InspiringFlames","floor":5},{"not_picked":["hexamod:BurningTouch","hexamod:Firestarter"],"picked":"hexamod:Incineration","floor":6},{"not_picked":["hexamod:GhostShield","hexamod:FourthSeal"],"picked":"hexamod:NightmareGuise","floor":9},{"not_picked":["hexamod:SwordOfDarkness","hexamod:NightmareGuise"],"picked":"hexamod:FastForward","floor":10},{"not_picked":["hexamod:EtherealExpedition","hexamod:SwordOfDarkness"],"picked":"hexamod:FirstSeal","floor":11},{"not_picked":["hexamod:RainOfEmbers","hexamod:HeatMetal"],"picked":"hexamod:SpectersWail","floor":13},{"not_picked":["hexamod:ThermalTransfer","hexamod:SwordOfDarkness","hexamod:FourthSeal"],"picked":"SKIP","floor":14},{"not_picked":["hexamod:ShieldOfDarkness","hexamod:Firestarter"],"picked":"hexamod:GhostOfSpirePresent","floor":15},{"not_picked":["hexamod:WildfireWeapon","hexamod:GiftsFromTheDead"],"picked":"hexamod:GhostflameInferno","floor":16},{"not_picked":["hexamod:GhostShield","hexamod:SpectersWail"],"picked":"hexamod:HauntingEcho+1","floor":19},{"not_picked":["hexamod:FourthSeal","hexamod:SpectersWail"],"picked":"hexamod:ThirdSeal","floor":20},{"not_picked":["hexamod:HauntingEcho","hexamod:Rewind"],"picked":"hexamod:StepThrough+1","floor":22},{"not_picked":["hexamod:PhantomCloak","hexamod:NightmareStrike","hexamod:HauntingEcho"],"picked":"SKIP","floor":22},{"not_picked":["hexamod:InspiringFlames","hexamod:FourthSeal"],"picked":"hexamod:FastForward+1","floor":23},{"not_picked":["hexamod:HauntingEcho","hexamod:BurningTouch","hexamod:NightmareStrike"],"picked":"SKIP","floor":25},{"not_picked":["hexamod:SwordOfDarkness+1","hexamod:GhostflameInferno"],"picked":"hexamod:EmpoweringStance","floor":26},{"not_picked":["hexamod:AdvancingGuard","hexamod:InspiringFlames+1"],"picked":"hexamod:CrushingStance","floor":26},{"not_picked":["hexamod:BurningTouch+1","hexamod:NecessarySacrifice+1"],"picked":"hexamod:ShieldOfDarkness+1","floor":27},{"not_picked":["hexamod:ThermalTransfer","hexamod:FourthSeal"],"picked":"hexamod:EmpoweredFlame+1","floor":29},{"not_picked":["hexamod:SkipABeat","hexamod:FirstSeal"],"picked":"hexamod:TimeWarp","floor":30},{"not_picked":["hexamod:GhostShield","hexamod:ThermalTransfer"],"picked":"hexamod:GhostLash+1","floor":32},{"not_picked":["hexamod:DynamicBlow","hexamod:ShieldOfDarkness"],"picked":"hexamod:SecondSeal","floor":32},{"not_picked":["hexamod:TurnItUp","hexamod:VolcanoVisage"],"picked":"hexamod:EmpoweringStance","floor":33},{"not_picked":["hexamod:FlamesFromBeyond","hexamod:SwordOfDarkness+1"],"picked":"hexamod:GhostOfSpireFuture+1","floor":36},{"not_picked":["hexamod:SecondSeal","hexamod:SwordOfDarkness"],"picked":"hexamod:HauntingEcho+1","floor":37},{"not_picked":["hexamod:FlamesFromBeyond","hexamod:InspiringFlames+1"],"picked":"hexamod:HeatMetal+1","floor":37},{"not_picked":["hexamod:GhostShield","hexamod:SwordOfDarkness"],"picked":"hexamod:GhostLash+1","floor":38},{"not_picked":["hexamod:NightmareStrike","hexamod:GhostOfSpireFuture"],"picked":"hexamod:GhostShield+1","floor":43},{"not_picked":["hexamod:ShieldOfDarkness+1","hexamod:SoulSteal"],"picked":"hexamod:BacktrackSmack+1","floor":43},{"not_picked":["hexamod:SwordOfDarkness","hexamod:FourthSeal"],"picked":"hexamod:VolcanoVisage","floor":44},{"not_picked":["hexamod:SkipABeat+1","hexamod:HauntingEcho"],"picked":"hexamod:BacktrackSmack+1","floor":46},{"not_picked":["hexamod:RetreatToShadows","hexamod:FastForward"],"picked":"hexamod:Rewind+1","floor":46},{"not_picked":["hexamod:SwordOfDarkness","hexamod:CatchUp+1"],"picked":"hexamod:GiftsFromTheDead","floor":48},{"not_picked":["hexamod:SpectersWail","hexamod:SwordOfDarkness+1"],"picked":"hexamod:Hexaguard+1","floor":48},{"not_picked":["hexamod:Firestarter+1","hexamod:EtherealExpedition"],"picked":"hexamod:HeatCrush+1","floor":49},{"not_picked":["hexamod:ShieldOfDarkness","hexamod:Rewind"],"picked":"hexamod:Firestarter+1","floor":49},{"not_picked":["hexamod:FourthSeal","hexamod:SwordOfDarkness"],"picked":"hexamod:FlamesFromBeyond+1","floor":49}],"player_experience":572847,"relics_obtained":[{"floor":9,"key":"Pantograph"},{"floor":24,"key":"The Courier"},{"floor":26,"key":"hexamod:MatchstickCase"},{"floor":30,"key":"MealTicket"},{"floor":38,"key":"Prayer Wheel"},{"floor":41,"key":"hubris:MysteriousPyramids"}],"event_choices":[{"damage_healed":0,"gold_gain":0,"player_choice":"Ignored","damage_taken":0,"max_hp_gain":0,"max_hp_loss":0,"event_name":"Vampires","floor":21,"gold_loss":0}],"is_beta":true,"boss_relics":[{"not_picked":["Calling Bell","Replay:Wanted Poster"],"picked":"Replay:Grab Bag"},{"not_picked":["hubris:CrackedHourglass","Philosopher\u0027s Stone"],"picked":"Velvet Choker"},{"not_picked":["ReplayTheSpireMod:DimensionalGlitch","Fusion Hammer"],"picked":"hexamod:IceCube"},{"not_picked":["expansioncontent:StudyCardRelic","Kintsugi"],"picked":"hubris:ScarierMask"},{"not_picked":["Runic Pyramid","hubris:HollowSoul"],"picked":"Astrolabe"},{"not_picked":["Replay:Ancient Bell","Honey Jar"],"picked":"Snecko Eye"}],"items_purged_floors":[6],"is_endless":false,"potions_floor_spawned":[2,5,9,15,16,23,27,29,33,43,46,48,49],"ascension_level":0}}