{"host":"o47f52ks9l6zljgg","time":1609001419,"event":{"mods":["Abigail Mod","BaseMod","Colored Map","Dota2Spire","Friendly Minions","Grow up Mod","Kiyohime£®«Âºß£©","Marisa£®ÏF”Í°°ƒß¿Ì…≥£©","Minty Spire (QoL Compilation)","Relic Stats","StSLib","SuperFastMode","Yakumo Yukari mod","Youmu£®ªÍ∆«—˝√Œ£©","Yuyuko"],"gold_per_floor":[117,127,127,77,77,117,129,156,243,255,301,388,400,446,458,600,612,638,674,785,722,734,790,816,859,871,918,559,594,594,619,619,745,745,761,775,838,33,47,47,113,113,113,113,136,170,170,203,203,203],"floor_reached":51,"playtime":1635,"items_purged":["Writhe"],"score":1294,"play_id":"4935faec-5e69-42c7-9ee9-5416b76335a1","local_time":"20201227015019","is_ascension_mode":true,"campfire_choices":[{"data":"KiyohimeMod:Track","floor":7.0,"key":"SMITH"},{"data":"KiyohimeMod:CommandCard_Arts","floor":10.0,"key":"SMITH"},{"data":"KiyohimeMod:RedBlackKey","floor":13.0,"key":"SMITH"},{"data":"KiyohimeMod:BlueBlackKey","floor":15.0,"key":"SMITH"},{"data":"KiyohimeMod:JeweledSword","floor":32,"key":"SMITH"},{"data":"KiyohimeMod:JeweledSword","floor":40,"key":"SMITH"},{"data":"KiyohimeMod:JeweledSword","floor":44,"key":"SMITH"},{"data":"KiyohimeMod:FlameKiss","floor":47,"key":"SMITH"},{"data":"KiyohimeMod:ImaginaryAround","floor":49,"key":"SMITH"}],"circlet_count":0,"master_deck":["KiyohimeMod:Strike","KiyohimeMod:Strike","KiyohimeMod:Strike","KiyohimeMod:Strike","KiyohimeMod:Defend","KiyohimeMod:Defend","KiyohimeMod:Defend","KiyohimeMod:Track+1","KiyohimeMod:FlameKiss+1","KiyohimeMod:Shapeshift","KiyohimeMod:CelestialInvertedMoon","KiyohimeMod:GreenBlackKey","KiyohimeMod:RedBlackKey+1","KiyohimeMod:CommandCard_Arts+1","KiyohimeMod:BlueBlackKey+1","KiyohimeMod:JeweledSword+1","KiyohimeMod:GreenBlackKey+1","KiyohimeMod:Berserker","KiyohimeMod:FormalCraft+1","KiyohimeMod:Berserker","KiyohimeMod:CommandCard_Quick+1","KiyohimeMod:JeweledSword+1","KiyohimeMod:JeweledSword+1","KiyohimeMod:ImaginaryAround+1","KiyohimeMod:CommandCard_Buster+1","KiyohimeMod:GreenBlackKey+1","KiyohimeMod:Berserker+1","KiyohimeMod:BlueBlackKey+1","KiyohimeMod:RedBlackKey","Magnetism","KiyohimeMod:BlueBlackKey+1","KiyohimeMod:Berserker","Doubt","KiyohimeMod:AgainstMagic+1","KiyohimeMod:CommandCard_Buster+1","KiyohimeMod:RedBlackKey+1","KiyohimeMod:AgainstMagic+1"],"relics":["Cursed Key","Golden Idol","Dota2Spire:MagicBottle","MawBank","KiyohimeMod:HolyShroudOfMagdalene","Pen Nib","Regal Pillow","KiyohimeMod:TheBlackGrail","HornCleat","Dota2Spire:UrnOfShadows","Calipers","Dota2Spire:ArmletOfMordiggian","Dota2Spire:DrumOfEndurance","ClockworkSouvenir","KiyohimeMod:Divinity","KiyohimeMod:Bond","CaptainsWheel","Orrery","Prayer Wheel","Ancient Tea Set","Dota2Spire:Satanic","Molten Egg 2","Dota2Spire:OctarineCore","Question Card"],"acts_visited":["Exordium","TheCity","TheBeyond"],"potions_floor_usage":[23,50,50],"damage_taken":[{"damage":0.0,"enemies":"Small Slimes","floor":1.0,"turns":3.0},{"damage":4.0,"enemies":"Jaw Worm","floor":2.0,"turns":4.0},{"damage":37.0,"enemies":"3 Sentries","floor":6.0,"turns":10.0},{"damage":1.0,"enemies":"Cultist","floor":8.0,"turns":3.0},{"damage":20.0,"enemies":"Lagavulin","floor":11.0,"turns":4.0},{"damage":13.0,"enemies":"3 Sentries","floor":14.0,"turns":5.0},{"damage":85.0,"enemies":"Hexaghost","floor":16.0,"turns":8.0},{"damage":14.0,"enemies":"Chosen","floor":18.0,"turns":3.0},{"damage":1.0,"enemies":"Spheric Guardian","floor":19.0,"turns":3.0},{"damage":31,"enemies":"Book of Stabbing","floor":23,"turns":4},{"damage":10,"enemies":"Centurion and Healer","floor":24,"turns":3},{"damage":55,"enemies":"Slavers","floor":25,"turns":5},{"damage":17,"enemies":"Gremlin Leader","floor":27,"turns":3},{"damage":23,"enemies":"Slavers","floor":29,"turns":3},{"damage":1,"enemies":"Snake Plant","floor":31,"turns":2},{"damage":42,"enemies":"Champ","floor":33,"turns":5},{"damage":10,"enemies":"3 Darklings","floor":35,"turns":2},{"damage":25,"enemies":"3 Shapes","floor":36,"turns":2},{"damage":26,"enemies":"Mind Bloom Boss Battle","floor":37,"turns":4},{"damage":13,"enemies":"3 Darklings","floor":39,"turns":3},{"damage":30,"enemies":"2 Orb Walkers","floor":41,"turns":3},{"damage":17,"enemies":"4 Shapes","floor":45,"turns":3},{"damage":43,"enemies":"Nemesis","floor":46,"turns":5},{"damage":5,"enemies":"Giant Head","floor":48,"turns":3},{"damage":61,"enemies":"Awakened One","floor":50,"turns":5}],"seed_played":"-5030823434819990797","potions_obtained":[{"floor":6.0,"key":"Explosive Potion"},{"floor":8.0,"key":"Fire Potion"},{"floor":14.0,"key":"CultistPotion"},{"floor":23,"key":"Fruit Juice"},{"floor":24,"key":"Strength Potion"},{"floor":27,"key":"LiquidMemories"},{"floor":30,"key":"FairyPotion"},{"floor":30,"key":"ColorlessPotion"},{"floor":31,"key":"PowerPotion"}],"is_trial":false,"path_per_floor":["M","M","?","?","?","E","R","M","T","R","E","?","R","E","R","B",null,"M","M","?","?","?","E","M","E","T","E","$","E","?","M","R","B",null,"M","M","?","$","M","R","?","?","T","R","M","E","R","E","R","B",null],"character_chosen":"Kiyohime","items_purchased":["Dota2Spire:DrumOfEndurance","ClockworkSouvenir","Orrery","Prayer Wheel","Magnetism","Ancient Tea Set"],"campfire_rested":0,"item_purchase_floors":[28,28,38,38,38,38],"current_hp_per_floor":[74,80,68,78,70,61,71,80,90,100,90,82,92,98,108,33,191,187,196,206,216,226,210,210,165,175,171,181,168,178,187,197,165,355,355,340,324,334,331,341,321,331,341,351,344,311,321,326,336,285],"gold":203,"neow_bonus":"BOSS_RELIC","is_daily":false,"chose_seed":false,"campfire_upgraded":9,"win_rate":0.0,"timestamp":1609001419,"path_taken":["M","M","?","?","?","E","R","?","T","R","E","?","R","E","R","BOSS","M","M","?","?","?","E","M","E","T","E","$","E","?","?","R","BOSS","M","?","?","$","M","R","?","?","T","R","M","E","R","E","R","BOSS"],"items_purchased_type":["Relic","Relic","Relic","Relic","Card","Relic"],"build_version":"2020-12-22","purchased_purges":1,"victory":true,"max_hp_per_floor":[80,90,100,110,120,130,140,150,160,170,180,190,200,210,220,230,240,250,260,270,280,290,305,315,325,335,345,355,365,375,385,395,405,415,425,435,445,455,465,475,485,495,505,515,525,535,545,555,565,575],"relic_stats":{"Regal Pillow":0,"counters":[25,98],"Golden Idol":201,"Prayer Wheel":2,"Pen Nib":[19],"Cursed Key":3,"MawBank":264,"Question Card":0,"obtain_stats":[{"Regal Pillow":14,"Calipers":26,"Dota2Spire:ArmletOfMordiggian":27,"Dota2Spire:DrumOfEndurance":28,"KiyohimeMod:HolyShroudOfMagdalene":9,"Cursed Key":0,"Ancient Tea Set":38,"ClockworkSouvenir":28,"Dota2Spire:MagicBottle":5,"KiyohimeMod:FireDragon":0,"Dota2Spire:Satanic":41,"HornCleat":23,"Prayer Wheel":38,"Dota2Spire:UrnOfShadows":25,"Golden Idol":3,"KiyohimeMod:TheBlackGrail":17,"Pen Nib":11,"MawBank":6,"Question Card":48,"CaptainsWheel":37,"KiyohimeMod:Bond":34,"Orrery":38,"Molten Egg 2":43,"KiyohimeMod:Divinity":29,"Dota2Spire:OctarineCore":46},{"Regal Pillow":6,"Calipers":12,"Dota2Spire:ArmletOfMordiggian":13,"Dota2Spire:DrumOfEndurance":13,"KiyohimeMod:HolyShroudOfMagdalene":4,"Cursed Key":0,"Ancient Tea Set":19,"ClockworkSouvenir":13,"Dota2Spire:MagicBottle":2,"KiyohimeMod:FireDragon":0,"Dota2Spire:Satanic":21,"HornCleat":10,"Prayer Wheel":19,"Dota2Spire:UrnOfShadows":12,"Golden Idol":2,"KiyohimeMod:TheBlackGrail":7,"Pen Nib":5,"MawBank":3,"Question Card":24,"CaptainsWheel":19,"KiyohimeMod:Bond":16,"Orrery":19,"Molten Egg 2":21,"KiyohimeMod:Divinity":14,"Dota2Spire:OctarineCore":23},{"Regal Pillow":29,"Calipers":55,"Dota2Spire:ArmletOfMordiggian":58,"Dota2Spire:DrumOfEndurance":58,"KiyohimeMod:HolyShroudOfMagdalene":20,"Cursed Key":0,"Ancient Tea Set":76,"ClockworkSouvenir":58,"Dota2Spire:MagicBottle":7,"KiyohimeMod:FireDragon":0,"Dota2Spire:Satanic":82,"HornCleat":47,"Prayer Wheel":76,"Dota2Spire:UrnOfShadows":55,"Golden Idol":7,"KiyohimeMod:TheBlackGrail":37,"Pen Nib":24,"MawBank":17,"Question Card":93,"CaptainsWheel":76,"KiyohimeMod:Bond":68,"Orrery":76,"Molten Egg 2":82,"KiyohimeMod:Divinity":61,"Dota2Spire:OctarineCore":90}]},"card_choices":[{"not_picked":["KiyohimeMod:Preemptive","KiyohimeMod:EatSoul"],"picked":"KiyohimeMod:CelestialInvertedMoon","floor":1.0},{"not_picked":["KiyohimeMod:AgainstMagic","KiyohimeMod:WaterTurn"],"picked":"KiyohimeMod:GreenBlackKey","floor":2.0},{"not_picked":["KiyohimeMod:Servant_Osakabehime","KiyohimeMod:EatSoul"],"picked":"KiyohimeMod:RedBlackKey","floor":6.0},{"not_picked":["KiyohimeMod:RealityMarble","KiyohimeMod:SteelTraining"],"picked":"KiyohimeMod:CommandCard_Arts","floor":8.0},{"not_picked":["KiyohimeMod:CelestialInvertedMoon","KiyohimeMod:EatSoul"],"picked":"KiyohimeMod:BlueBlackKey","floor":11.0},{"not_picked":["KiyohimeMod:Projection","KiyohimeMod:SteelTraining","KiyohimeMod:Barrier"],"picked":"SKIP","floor":14.0},{"not_picked":["KiyohimeMod:GoldenCarpFigure","KiyohimeMod:Servant_Osakabehime"],"picked":"KiyohimeMod:JeweledSword","floor":16.0},{"not_picked":["KiyohimeMod:BeastOfBillows","KiyohimeMod:EatSoul+1"],"picked":"KiyohimeMod:GreenBlackKey+1","floor":18.0},{"not_picked":["KiyohimeMod:WaterTurn","KiyohimeMod:RealityMarble"],"picked":"KiyohimeMod:Berserker","floor":19.0},{"not_picked":["KiyohimeMod:Fragarach","KiyohimeMod:ImaginaryAround"],"picked":"KiyohimeMod:FormalCraft+1","floor":23},{"not_picked":["KiyohimeMod:ExSpicyMapoTofu","KiyohimeMod:Servant_Osakabehime"],"picked":"KiyohimeMod:Berserker","floor":24},{"not_picked":["KiyohimeMod:EatSoul+1","KiyohimeMod:RedBlackKey"],"picked":"KiyohimeMod:CommandCard_Quick+1","floor":25},{"not_picked":["KiyohimeMod:SteelTraining","KiyohimeMod:BeastOfBillows"],"picked":"KiyohimeMod:JeweledSword","floor":27},{"not_picked":["KiyohimeMod:GreenBlackKey","KiyohimeMod:Grimoire+1","KiyohimeMod:DivineConstruct"],"picked":"SKIP","floor":29},{"not_picked":["KiyohimeMod:SteelTraining","KiyohimeMod:HydraDagger","KiyohimeMod:WaterTurn+1"],"picked":"SKIP","floor":31},{"not_picked":["KiyohimeMod:FacelessMoon","KiyohimeMod:GoldenCarpFigure"],"picked":"KiyohimeMod:JeweledSword","floor":33},{"not_picked":["KiyohimeMod:WaterTurn+1","KiyohimeMod:AndSoTheShipConquers"],"picked":"KiyohimeMod:ImaginaryAround","floor":35},{"not_picked":["KiyohimeMod:Berserker+1","KiyohimeMod:AgainstMagic"],"picked":"KiyohimeMod:CommandCard_Buster+1","floor":36},{"not_picked":["KiyohimeMod:Preemptive","KiyohimeMod:WaterTurn+1"],"picked":"KiyohimeMod:GreenBlackKey+1","floor":37},{"not_picked":["KiyohimeMod:Preemptive","KiyohimeMod:AndSoTheShipConquers+1"],"picked":"KiyohimeMod:Berserker+1","floor":38},{"not_picked":["KiyohimeMod:Grimoire","KiyohimeMod:SteelTraining+1"],"picked":"KiyohimeMod:BlueBlackKey+1","floor":38},{"not_picked":["KiyohimeMod:AgainstMagic","KiyohimeMod:AndSoTheShipConquers"],"picked":"KiyohimeMod:RedBlackKey","floor":38},{"not_picked":["KiyohimeMod:CommandCard_Quick","KiyohimeMod:WaterTurn"],"picked":"KiyohimeMod:BlueBlackKey+1","floor":39},{"not_picked":["KiyohimeMod:FragmentsOf2030","KiyohimeMod:BeastOfBillows+1","KiyohimeMod:EatSoul"],"picked":"SKIP","floor":39},{"not_picked":["KiyohimeMod:FormalCraft","KiyohimeMod:RedBlackKey+1"],"picked":"KiyohimeMod:Berserker","floor":41},{"not_picked":["KiyohimeMod:RedBlackKey+1","KiyohimeMod:Preemptive+1"],"picked":"KiyohimeMod:AgainstMagic+1","floor":45},{"not_picked":["KiyohimeMod:AndSoTheShipConquers+1","KiyohimeMod:EatSoul"],"picked":"KiyohimeMod:CommandCard_Buster+1","floor":45},{"not_picked":["KiyohimeMod:AndSoTheShipConquers+1","KiyohimeMod:Projection+1"],"picked":"KiyohimeMod:RedBlackKey+1","floor":46},{"not_picked":["KiyohimeMod:CelestialInvertedMoon+1","KiyohimeMod:HydraDagger+1"],"picked":"KiyohimeMod:AgainstMagic+1","floor":48}],"player_experience":511858,"relics_obtained":[{"floor":6.0,"key":"MawBank"},{"floor":9.0,"key":"KiyohimeMod:HolyShroudOfMagdalene"},{"floor":11.0,"key":"Pen Nib"},{"floor":14.0,"key":"Regal Pillow"},{"floor":23,"key":"HornCleat"},{"floor":25,"key":"Dota2Spire:UrnOfShadows"},{"floor":26,"key":"Calipers"},{"floor":27,"key":"Dota2Spire:ArmletOfMordiggian"},{"floor":29,"key":"KiyohimeMod:Divinity"},{"floor":37,"key":"CaptainsWheel"},{"floor":41,"key":"Dota2Spire:Satanic"},{"floor":43,"key":"Molten Egg 2"},{"floor":46,"key":"Dota2Spire:OctarineCore"},{"floor":48,"key":"Question Card"}],"event_choices":[{"damage_healed":0.0,"max_hp_gain":0.0,"max_hp_loss":0.0,"gold_gain":0.0,"event_name":"Golden Idol","player_choice":"Take Damage","floor":3.0,"gold_loss":0.0,"damage_taken":22.0,"relics_obtained":["Golden Idol"]},{"cards_removed":["KiyohimeMod:Defend"],"damage_healed":0.0,"max_hp_gain":0.0,"max_hp_loss":0.0,"gold_gain":0.0,"event_name":"The Cleric","player_choice":"Card Removal","floor":4.0,"gold_loss":50.0,"damage_taken":0.0},{"damage_healed":0.0,"max_hp_gain":0.0,"max_hp_loss":0.0,"gold_gain":0.0,"event_name":"Scrap Ooze","player_choice":"Success","floor":5.0,"gold_loss":0.0,"damage_taken":18.0,"relics_obtained":["Dota2Spire:MagicBottle"]},{"damage_healed":0.0,"max_hp_gain":0.0,"max_hp_loss":0.0,"gold_gain":75.0,"event_name":"FaceTrader","player_choice":"Touch","floor":12.0,"gold_loss":0.0,"damage_taken":18.0},{"damage_healed":0.0,"max_hp_gain":0.0,"max_hp_loss":0.0,"gold_gain":99.0,"event_name":"Nest","player_choice":"Stole From Cult","floor":20.0,"gold_loss":0.0,"damage_taken":0.0},{"cards_removed":["Clumsy"],"damage_healed":0.0,"max_hp_gain":0.0,"max_hp_loss":0.0,"gold_gain":0.0,"event_name":"Beggar","player_choice":"Gave Gold","floor":21.0,"gold_loss":75.0,"damage_taken":0.0},{"damage_healed":0,"gold_gain":0,"player_choice":"Ignored","damage_taken":0,"max_hp_gain":0,"max_hp_loss":0,"event_name":"Cursed Tome","floor":22,"gold_loss":0},{"damage_healed":0,"gold_gain":0,"player_choice":"Got Potions","damage_taken":0,"max_hp_gain":0,"max_hp_loss":0,"event_name":"Lab","floor":30,"gold_loss":0},{"damage_healed":0,"gold_gain":0,"player_choice":"Fight","damage_taken":0,"max_hp_gain":0,"max_hp_loss":0,"event_name":"MindBloom","floor":37,"gold_loss":0},{"damage_healed":0,"gold_gain":0,"player_choice":"Fight","damage_taken":0,"max_hp_gain":0,"max_hp_loss":0,"event_name":"Mysterious Sphere","floor":41,"gold_loss":0},{"damage_healed":0,"gold_gain":0,"player_choice":"0 cards matched","damage_taken":0,"max_hp_gain":0,"max_hp_loss":0,"event_name":"Match and Keep!","floor":42,"gold_loss":0,"cards_obtained":[]}],"is_beta":false,"boss_relics":[{"not_picked":["SacredBark","Runic Pyramid"],"picked":"KiyohimeMod:TheBlackGrail"},{"not_picked":["Pandora\u0027s Box","Runic Dome"],"picked":"KiyohimeMod:Bond"}],"items_purged_floors":[28],"is_endless":false,"potions_floor_spawned":[6,8,14,16,23,24,27,31,33,36,39,45],"ascension_level":9}}