{"host":"cyiefo55v5hz1ih5","time":1609023254,"event":{"mods":["2.2 Compatiblity","AchievementEnabler","Arknights The Spire","BaseMod","GifTheSpireLib","Hubris","Minty Spire (QoL Compilation)","Replay The Spire","Spicy Shops","StSLib"],"gold_per_floor":[114,130,130,130,141,141,216,227,227,246,246,266,295,295,295,391,391,406,406,406,299,299,227,216,216,216,234,234,251,251,269,269,366,366,376,198,198,214,214,243,253,253,280,155,179,198,198,216,216,216,216],"floor_reached":50,"playtime":3881,"items_purged":["ats:Strike C","ats:Strike S","ats:Strike V"],"score":517,"play_id":"cf0123a3-0713-4805-8683-70e12bb05426","local_time":"20201226175414","is_ascension_mode":false,"campfire_choices":[{"floor":6.0,"key":"RECALL"},{"floor":11.0,"key":"REST"},{"floor":15.0,"key":"REST"},{"floor":25.0,"key":"REST"},{"floor":28.0,"key":"REST"},{"data":"ats:Song Of Battle","floor":30.0,"key":"SMITH"},{"floor":32.0,"key":"REST"},{"floor":42.0,"key":"REST"},{"floor":49,"key":"REST"}],"circlet_count":0,"master_deck":["ats:Armor Crushing Shot","ats:Defend","ats:Defend","ats:Defend","ats:Defend","ats:Emotion Absorption+1","ats:Overload+1","ats:Thermite Blade","ats:Automatic Cover","ats:Shadow Assault","ats:Defend Order","ats:Thorns+1","ats:Magnetic Hammer","ats:Song Of Battle+1","ats:Apocalypse+1","ats:Demon Strength","ats:Calcification"],"relics":["ats:Sanity Plus","Eternal Feather","ats:Originium","hubris:BottledRain","ReplayTheSpireMod:CursedCoin","ats:MaxSp1","ats:Originium","Replay:Ringing Soul","Garlic","Fusion Hammer","ats:Cure","Quantum Egg","hubris:SlimyHat","MealTicket","hubris:Icosahedron"],"acts_visited":["Exordium","TheCity","TheBeyond"],"potions_floor_usage":[50],"damage_taken":[{"damage":8.0,"enemies":"Cultist","floor":1.0,"turns":5.0},{"damage":9.0,"enemies":"Small Slimes","floor":2.0,"turns":5.0},{"damage":1.0,"enemies":"Jaw Worm","floor":5.0,"turns":2.0},{"damage":3.0,"enemies":"Gremlin Gang","floor":8.0,"turns":4.0},{"damage":7.0,"enemies":"2 Fungi Beasts","floor":10.0,"turns":3.0},{"damage":0.0,"enemies":"Large Slime","floor":12.0,"turns":5.0},{"damage":26.0,"enemies":"Lagavulin","floor":13.0,"turns":5.0},{"damage":35.0,"enemies":"The Guardian","floor":16.0,"turns":12.0},{"damage":8.0,"enemies":"3 Byrds","floor":18.0,"turns":6.0},{"damage":38.0,"enemies":"Gremlin Leader","floor":23.0,"turns":12.0},{"damage":23.0,"enemies":"2 Thieves","floor":24.0,"turns":4.0},{"damage":16.0,"enemies":"Shelled Parasite and Fungi","floor":27.0,"turns":6.0},{"damage":24.0,"enemies":"Chosen and Byrds","floor":29.0,"turns":9.0},{"damage":21.0,"enemies":"Sentry and Sphere","floor":31.0,"turns":6.0},{"damage":71.0,"enemies":"hubris:MusketHawk","floor":33.0,"turns":10.0},{"damage":20.0,"enemies":"3 Darklings","floor":35.0,"turns":5.0},{"damage":20.0,"enemies":"Orb Walker","floor":38.0,"turns":5.0},{"damage":51.0,"enemies":"Nemesis","floor":40.0,"turns":11.0},{"damage":18.0,"enemies":"Sphere and 2 Shapes","floor":41.0,"turns":8.0},{"damage":9,"enemies":"Spire Growth","floor":46,"turns":7},{"damage":26,"enemies":"4 Shapes","floor":48,"turns":7},{"damage":96,"enemies":"hubris:GrandSnecko","floor":50,"turns":10}],"seed_played":"-4063134122101455302","potions_obtained":[{"floor":5.0,"key":"Strength Potion"},{"floor":12.0,"key":"Explosive Potion"},{"floor":27.0,"key":"ats:Top Emergency Sanity Potion"},{"floor":29.0,"key":"SteroidPotion"},{"floor":33.0,"key":"Dexterity Potion"},{"floor":38.0,"key":"Dexterity Potion"}],"is_trial":false,"path_per_floor":["M","M","?","?","M","R","?","M","T","M","R","M","E","?","R","B",null,"M","?","T","$","?","E","M","R","T","M","R","M","R","M","R","B",null,"M","$","?","M","?","E","M","R","T","$","T","M","?","M","R","B"],"character_chosen":"DOCTOR_CLASS","items_purchased":["ReplayTheSpireMod:CursedCoin","ats:MaxSp1","ats:Magnetic Hammer","ats:Cure"],"campfire_rested":7,"item_purchase_floors":[21,21,21,36],"current_hp_per_floor":[64,55,55,55,54,54,43,40,40,33,60,60,34,34,61,26,72,64,64,64,64,64,26,6,37,37,24,56,38,47,35,68,12,84,71,71,71,55,55,16,6,40,40,40,40,36,36,14,48,0,0],"gold":216,"neow_bonus":"UPGRADE_CARD","is_daily":false,"chose_seed":false,"campfire_upgraded":1,"win_rate":0.0,"timestamp":1609023254,"path_taken":["M","M","?","?","M","R","?","?","T","M","R","?","E","?","R","BOSS","M","?","?","$","?","E","M","R","T","?","R","M","R","M","R","BOSS","M","$","?","M","?","E","?","R","T","$","?","M","?","M","R","BOSS"],"items_purchased_type":["Relic","Relic","Card","Relic"],"build_version":"2020-12-22","purchased_purges":3,"victory":false,"max_hp_per_floor":[72,72,72,72,72,72,72,72,72,72,72,72,72,72,72,72,72,72,72,72,72,72,72,75,75,75,78,78,78,78,81,81,84,84,84,84,84,84,84,84,84,84,84,84,84,84,84,84,84,84,84],"card_choices":[{"not_picked":["ats:Ignite","ats:Explosion Area Strengthen","ats:Powerful Strike"],"picked":"SKIP","floor":1.0},{"not_picked":["ats:Curse Doll","ats:Flexible Camouflage"],"picked":"ats:Overload","floor":2.0},{"not_picked":["ats:Hammer On","ats:Poison Spread","ats:Childhood Dance"],"picked":"SKIP","floor":5.0},{"not_picked":["ats:Song Of Battle","ats:Cat Scratch"],"picked":"ats:Thermite Blade","floor":8.0},{"not_picked":["ats:Powerful Strike","ats:Apocalypse","ats:Durian"],"picked":"SKIP","floor":10.0},{"not_picked":["ats:Leaping Hammer","ats:Part Time Job"],"picked":"ats:Automatic Cover","floor":12.0},{"not_picked":["ats:Ignite","ats:Childhood Dance","ats:Counter Healing Mode"],"picked":"SKIP","floor":13.0},{"not_picked":["ats:True Silver Slash","ats:Durian"],"picked":"ats:Shadow Assault","floor":16.0},{"not_picked":["ats:Curse Doll","ats:Revitalization"],"picked":"ats:Defend Order","floor":18.0},{"not_picked":["ats:Assault Order","ats:Consecutive Shot Auto","ats:Part Time Job"],"picked":"SKIP","floor":23.0},{"not_picked":["ats:Blood Oath","ats:Steam Pump+1"],"picked":"ats:Song Of Battle","floor":24.0},{"not_picked":["ats:Powerful Strike","ats:Echo Reverb"],"picked":"ats:Apocalypse+1","floor":27.0},{"not_picked":["ats:Apocalypse+1","ats:Shell Defense","ats:Counter Healing Mode"],"picked":"SKIP","floor":29.0},{"not_picked":["ats:Poison Spread","ats:Thorns"],"picked":"ats:Demon Strength","floor":31.0},{"not_picked":["ats:Disruption Kick","ats:Shadow Assault"],"picked":"ats:Calcification","floor":33.0},{"not_picked":["ats:Hook Shot+1","ats:Flame Of Heaven","ats:Song Of Battle"],"picked":"SKIP","floor":35.0},{"not_picked":["ats:Healing Strengthening","ats:Ignite","ats:Thermite Blade"],"picked":"SKIP","floor":38.0},{"not_picked":["ats:Shell Defense","ats:Shadow Raid","ats:Dogmatic Field"],"picked":"SKIP","floor":40.0},{"not_picked":["ats:Sunburst","ats:Childhood Dance","ats:Very Hot Blade+1"],"picked":"SKIP","floor":41.0},{"not_picked":["ats:Automatic Cover","ats:Magnetic Hammer","ats:Sword Rain"],"picked":"SKIP","floor":46},{"not_picked":["ats:Neurotoxin+1","ats:Ignite","ats:Hammer On"],"picked":"SKIP","floor":48}],"player_experience":586253,"relics_obtained":[{"floor":9.0,"key":"Eternal Feather"},{"floor":13.0,"key":"ats:Originium"},{"floor":13.0,"key":"hubris:BottledRain"},{"floor":23.0,"key":"ats:Originium"},{"floor":23.0,"key":"Replay:Ringing Soul"},{"floor":26.0,"key":"Garlic"},{"floor":40.0,"key":"Quantum Egg"},{"floor":43.0,"key":"hubris:SlimyHat"},{"floor":45,"key":"MealTicket"}],"event_choices":[{"damage_healed":0.0,"max_hp_gain":0.0,"max_hp_loss":0.0,"gold_gain":75.0,"event_name":"World of Goop","player_choice":"Gather Gold","floor":7.0,"gold_loss":0.0,"damage_taken":11.0},{"damage_healed":0.0,"max_hp_gain":0.0,"max_hp_loss":0.0,"gold_gain":0.0,"event_name":"Liars Game","player_choice":"Ignored","floor":14.0,"gold_loss":0.0,"damage_taken":0.0},{"damage_healed":0.0,"max_hp_gain":0.0,"max_hp_loss":0.0,"gold_gain":0.0,"event_name":"The Library","player_choice":"Read","floor":19.0,"gold_loss":0.0,"damage_taken":0.0,"cards_obtained":["ats:Thorns"]},{"damage_healed":0.0,"max_hp_gain":0.0,"max_hp_loss":0.0,"gold_gain":0.0,"event_name":"Upgrade Shrine","player_choice":"Upgraded","floor":22.0,"gold_loss":0.0,"damage_taken":0.0,"cards_upgraded":["ats:Thorns"]},{"damage_healed":0.0,"max_hp_gain":0.0,"max_hp_loss":0.0,"gold_gain":0.0,"event_name":"NoteForYourself","player_choice":"Ignored","floor":39.0,"gold_loss":0.0,"damage_taken":0.0}],"is_beta":false,"boss_relics":[{"not_picked":["Replay:Wanted Poster","hubris:BlackHole"],"picked":"ats:Sanity Plus"},{"not_picked":["hubris:TerracottaHorce","Astrolabe"],"picked":"Fusion Hammer"}],"items_purged_floors":[21,36,44],"is_endless":false,"potions_floor_spawned":[5,12,27,29,33,38,40],"killed_by":"hubris:GrandSnecko","ascension_level":0}}