{"host":"97k5lqmr6aaz1p9r","time":1609003132,"event":{"mods":["BaseMod","Colored Map","Downfall","Jorbs\u0027s Wanderer Trilogy","Minty Spire (QoL Compilation)","StSLib"],"gold_per_floor":[99,99,99,99,84,84,84,34,34,34,34,19,19,19,19,19,19,19,19,19,19,19,19,19,19,19,19],"floor_reached":25,"playtime":1326,"items_purged":[],"score":201,"play_id":"4d31e597-b5ab-4a02-bd98-f11c47193f5d","local_time":"20201226171852","is_ascension_mode":false,"campfire_choices":[{"floor":1,"key":"RECALL"},{"data":"Slimebound:DisruptingSlam","floor":8,"key":"SMITH"},{"data":"Slimebound:Schlurp","floor":11,"key":"SMITH"},{"data":"Slimebound:RainOfGoop","floor":13,"key":"SMITH"},{"data":"Slimebound:WasteNot","floor":18,"key":"SMITH"}],"circlet_count":0,"master_deck":["Slimebound:Tackle","Slimebound:Defend_Slimebound","Slimebound:Defend_Slimebound","Slimebound:Defend_Slimebound","Slimebound:Defend_Slimebound","Slimebound:Split","Slimebound:CorrosiveSpit","Slimebound:Grow","Slimebound:Schlurp+1","Slimebound:DisruptingSlam+1","Slimebound:LeechingTouch","Slimebound:RainOfGoop+1","Slimebound:Schlurp","Slimebound:Equalize","Slimebound:HauntingLick","Slimebound:WasteNot+1","Slimebound:GoopSpray+1","Slimebound:Grow","Slimebound:PrepareCrush","Slimebound:Grow","Slimebound:PressTheAttack+1","Slimebound:Tackle+1","Slimebound:Tackle+1","Slimebound:Tackle+1"],"relics":["downfall:Hecktoplasm","Slimebound:GreedOozeRelic","downfall:ShatteredFragment","Strawberry","downfall:HeartBlessingRed","Prayer Wheel","SlaversCollar","downfall:HeartBlessingGreen"],"acts_visited":["Exordium","TheCity"],"potions_floor_usage":[15],"damage_taken":[{"damage":4,"enemies":"Small Slimes","floor":2,"turns":3},{"damage":4,"enemies":"downfall:FleeingMerchant","floor":5,"turns":4},{"damage":0,"enemies":"2 Louse","floor":6,"turns":2},{"damage":4,"enemies":"Jaw Worm","floor":9,"turns":2},{"damage":11,"enemies":"Exordium Thugs","floor":10,"turns":3},{"damage":5,"enemies":"downfall:FleeingMerchant","floor":12,"turns":4},{"damage":10,"enemies":"3 Sentries","floor":14,"turns":5},{"damage":5,"enemies":"Exordium Wildlife","floor":15,"turns":2},{"damage":17,"enemies":"downfall:Silent","floor":16,"turns":6},{"damage":13,"enemies":"Shell Parasite","floor":19,"turns":3},{"damage":2,"enemies":"Chosen","floor":20,"turns":3},{"damage":13,"enemies":"3 Cultists","floor":21,"turns":3},{"damage":43,"enemies":"Slavers","floor":25,"turns":2}],"seed_played":"1919183040052254962","potions_obtained":[{"floor":2,"key":"SpeedPotion"},{"floor":6,"key":"BlessingOfTheForge"},{"floor":9,"key":"Strength Potion"},{"floor":15,"key":"CultistPotion"},{"floor":19,"key":"Slimebound:SpawnSlimePotion"}],"is_trial":false,"path_per_floor":["R","M","?","?","$","M","T","R","M","M","R","$","R","E","M","B",null,"R","M","M","M","?","?","T","E"],"character_chosen":"SLIMEBOUND","items_purchased":[],"campfire_rested":0,"item_purchase_floors":[],"current_hp_per_floor":[60,60,60,42,42,42,49,49,49,42,42,41,41,35,30,21,67,67,58,58,49,49,37,37,0,0,0],"gold":19,"neow_bonus":"BOSS_RELIC","is_daily":false,"chose_seed":false,"campfire_upgraded":4,"win_rate":0.0,"timestamp":1609003132,"path_taken":["R","M","?","?","?","?","T","R","M","M","R","$","R","E","M","BOSS","R","M","M","M","?","?","T","E"],"items_purchased_type":[],"build_version":"2020-12-22","purchased_purges":0,"victory":false,"max_hp_per_floor":[60,60,60,60,60,60,67,67,67,67,67,67,67,67,67,67,67,67,67,67,67,67,72,72,72,72,72],"card_choices":[{"not_picked":["Slimebound:Replication","Slimebound:ServeAndProtect"],"picked":"Slimebound:Grow","floor":2},{"not_picked":["Slimebound:DivideAndConquer","Slimebound:Gluttony"],"picked":"Slimebound:Schlurp","floor":5},{"not_picked":["Slimebound:Schlurp","Slimebound:Chomp"],"picked":"Slimebound:DisruptingSlam","floor":6},{"not_picked":["Slimebound:Overexert","Slimebound:SlimeBrawl"],"picked":"Slimebound:LeechingTouch","floor":9},{"not_picked":["Slimebound:FirmFortitude","Slimebound:ComboTackle","Slimebound:RollThrough"],"picked":"SKIP","floor":10},{"not_picked":["Slimebound:MegaLick","Slimebound:SlimeBarrage"],"picked":"Slimebound:RainOfGoop","floor":12},{"not_picked":["Slimebound:FinishingTackle","Slimebound:PressTheAttack"],"picked":"Slimebound:Schlurp","floor":14},{"not_picked":["Slimebound:FinishingTackle","Slimebound:ComboTackle"],"picked":"Slimebound:Equalize","floor":15},{"not_picked":["Slimebound:LeechingTouch","Slimebound:PressTheAttack"],"picked":"Slimebound:HauntingLick","floor":15},{"not_picked":["Slimebound:OneTwoCombo","Slimebound:RallyTheTroops"],"picked":"Slimebound:WasteNot","floor":16},{"not_picked":["Slimebound:FinishingTackle","Slimebound:Repurpose"],"picked":"Slimebound:GoopSpray+1","floor":19},{"not_picked":["Slimebound:FinishingTackle+1","Slimebound:LeechingTouch"],"picked":"Slimebound:Grow","floor":19},{"not_picked":["Slimebound:PressTheAttack","Slimebound:Schlurp"],"picked":"Slimebound:PrepareCrush","floor":20},{"not_picked":["Slimebound:ItLooksTasty","Slimebound:FinishingTackle"],"picked":"Slimebound:Grow","floor":20},{"not_picked":["Slimebound:FinishingTackle","Slimebound:GrowthPunch+1"],"picked":"Slimebound:PressTheAttack+1","floor":21},{"not_picked":["Slimebound:GoopSpray","Slimebound:FirmFortitude","Slimebound:ServeAndProtect"],"picked":"SKIP","floor":21}],"player_experience":544465,"relics_obtained":[{"floor":7,"key":"Strawberry"},{"floor":14,"key":"Prayer Wheel"}],"event_choices":[],"is_beta":false,"boss_relics":[{"not_picked":["Coffee Dripper","Velvet Choker"],"picked":"SlaversCollar"}],"items_purged_floors":[],"is_endless":false,"potions_floor_spawned":[2,6,9,15,19,20],"killed_by":"Slavers","ascension_level":0}}