{"host":"3yynf0dn84873kbr","time":1609005706,"event":{"mods":["Act Like it!","BaseMod","CapriCore","Minty Spire (QoL Compilation)","Pale of the Ancients","StSLib","The Alterego","The Gatherer","Yakumo Yukari mod","[IsaacMod]ÒÔÈö¼âËþ"],"gold_per_floor":[109,40,40,55,101,126,147,147,147,160,160,180,205,224,224,350,350,371,392,392,392,392,392],"floor_reached":22,"playtime":1079,"items_purged":[],"score":180,"play_id":"a914ed89-1303-47e8-9b70-a69b15b112a6","local_time":"20201227020145","is_ascension_mode":false,"campfire_choices":[{"data":"Inflame","floor":8,"key":"SMITH"},{"data":"Wild Strike","floor":11,"key":"SMITH"},{"data":"Rampage","floor":15,"key":"SMITH"}],"circlet_count":0,"master_deck":["Strike_R","Strike_R","Strike_R","Strike_R","Strike_R","Defend_R","Defend_R","Defend_R","Defend_R","Bash","Headbutt","Evolve","Inflame+1","Shrug It Off","Rampage+1","Wild Strike+1","Wild Strike","Flex","Anger","Feed","Feel No Pain+1","Twin Strike+1"],"relics":["Burning Blood","HushsDoor","KeepersGift","NeowsBlessing","Golden Idol","Ancient Tea Set","Runic Pyramid","GuppysTail"],"acts_visited":["Exordium","TheCity"],"potions_floor_usage":[],"damage_taken":[{"damage":0,"enemies":"Cultist","floor":1,"turns":1},{"damage":0,"enemies":"Jaw Worm","floor":4,"turns":1},{"damage":0,"enemies":"2 Louse","floor":6,"turns":1},{"damage":12,"enemies":"Blue Slaver","floor":7,"turns":3},{"damage":16,"enemies":"Red Slaver","floor":10,"turns":3},{"damage":12,"enemies":"Gremlin Gang","floor":12,"turns":4},{"damage":10,"enemies":"Looter","floor":13,"turns":2},{"damage":5,"enemies":"3 Louse","floor":14,"turns":3},{"damage":44,"enemies":"Hexaghost","floor":16,"turns":9},{"damage":16,"enemies":"Chosen","floor":18,"turns":5},{"damage":30,"enemies":"Spheric Guardian","floor":19,"turns":4},{"damage":0,"enemies":"Snecko","floor":22,"turns":1}],"seed_played":"-4033904633236465690","potions_obtained":[{"floor":4,"key":"Weak Potion"},{"floor":7,"key":"Ancient Potion"},{"floor":12,"key":"Block Potion"},{"floor":19,"key":"SkillPotion"}],"is_trial":false,"path_per_floor":["M","$","?","M","T","M","M","R","T","M","R","M","M","M","R","B",null,"M","M","?","?","M"],"character_chosen":"IRONCLAD","items_purchased":["Evolve","GuppysTail"],"campfire_rested":0,"item_purchase_floors":[2,17],"current_hp_per_floor":[80,80,60,66,66,72,66,66,66,56,56,50,46,47,47,9,70,63,42,42,42,42,42],"gold":392,"neow_bonus":"THREE_ENEMY_KILL","is_daily":false,"chose_seed":false,"campfire_upgraded":3,"win_rate":0.0,"timestamp":1609005705,"path_taken":["M","?","?","M","?","M","M","R","T","?","R","M","?","M","R","BOSS","M","M","?","?","M"],"items_purchased_type":["Card","Relic"],"build_version":"2020-12-22","purchased_purges":0,"victory":false,"max_hp_per_floor":[80,80,80,80,80,80,80,80,80,80,80,80,80,80,80,80,70,73,76,76,76,76,76],"card_choices":[{"not_picked":[],"picked":"ChaosCard","floor":0},{"not_picked":["Whirlwind","Dropkick"],"picked":"Headbutt","floor":1},{"not_picked":["Cleave","Iron Wave"],"picked":"Inflame","floor":4},{"not_picked":["Dropkick","Intimidate"],"picked":"Shrug It Off","floor":6},{"not_picked":["Entrench","Shockwave"],"picked":"Rampage","floor":7},{"not_picked":["Rampage","Dual Wield"],"picked":"Wild Strike","floor":10},{"not_picked":["Body Slam","Second Wind"],"picked":"Wild Strike","floor":12},{"not_picked":["Bomb","Clothesline"],"picked":"Flex","floor":13},{"not_picked":["Ghostly Armor","Fiend Fire"],"picked":"Anger","floor":14},{"not_picked":["Brutality","Offering"],"picked":"Feed","floor":16},{"not_picked":["Thunderclap","Sentinel+1"],"picked":"Feel No Pain+1","floor":18},{"not_picked":["Flex","Warcry"],"picked":"Twin Strike+1","floor":19}],"player_experience":119429,"relics_obtained":[{"floor":5,"key":"Ancient Tea Set"}],"event_choices":[{"damage_healed":0,"gold_gain":0,"player_choice":"Take Damage","damage_taken":20,"relics_obtained":["Golden Idol"],"max_hp_gain":0,"max_hp_loss":0,"event_name":"Golden Idol","floor":3,"gold_loss":0},{"damage_healed":0,"gold_gain":0,"player_choice":"Ignored","damage_taken":0,"max_hp_gain":0,"max_hp_loss":0,"event_name":"Vampires","floor":20,"gold_loss":0},{"damage_healed":0,"gold_gain":0,"player_choice":"Ignored","damage_taken":0,"max_hp_gain":0,"max_hp_loss":0,"event_name":"Beggar","floor":21,"gold_loss":0}],"is_beta":false,"boss_relics":[{"not_picked":["Ectoplasm","Coffee Dripper"],"picked":"Runic Pyramid"},{"not_picked":[]}],"items_purged_floors":[],"is_endless":false,"potions_floor_spawned":[4,7,12,14,19],"killed_by":"Snecko","ascension_level":0}}