{"host":"iak1zw6udsaqx1iy","time":1609004265,"event":{"mods":["BaseMod","Minty Spire (QoL Compilation)","Remilia（蕾米莉亚）","Replay The Spire","StSLib","The Alterego","The Cursed","The Servant 0.9.4","WarShipGirlsR/战舰少女R mod","Youmu（魂魄妖梦）"],"gold_per_floor":[111,286,302,302,127,159,176,176,249,269,303,343,70,80,80,183,183,195,212,47,82,92,92,122,122,122,122,122,157,194,208,208,310,310,328,368,378,414,414,347,347,380,407,347,260,275,275,293,293,293,293,293,30,57,57],"floor_reached":56,"playtime":5599,"items_purged":["Doubt"],"score":1464,"play_id":"a1f6024e-3af0-4920-a221-8efc549974c6","local_time":"20201227013745","is_ascension_mode":false,"campfire_choices":[{"data":"Apotheosis","floor":8.0,"key":"SMITH"},{"floor":15.0,"key":"RECALL"},{"data":"ReplayTheSpireMod:Brewmster","floor":25.0,"key":"SMITH"},{"data":"GlobalNightmare","floor":28.0,"key":"SMITH"},{"floor":32.0,"key":"REST"},{"data":"QueenOfMidnight","floor":41.0,"key":"SMITH"},{"data":"RedRainbow","floor":47,"key":"SMITH"},{"data":"MastersStateliness","floor":49,"key":"SMITH"},{"data":"HunterOfTheNight","floor":52,"key":"SMITH"}],"circlet_count":0,"master_deck":["Strike_RM+1","Strike_RM+1","Strike_RM+1","Strike_RM+1","Defend_RM+1","Defend_RM+1","Defend_RM+1","Defend_RM+1","RedMoon+1","ScarletShoot+1","FavorOfDestiny","BloodHunter","Apotheosis+1","BloodyTrap+1","DiffusionOfMisfortune","MastersStateliness+1","RedRainbow+1","ChainGang","MiserableFate","BlasphemousPunishment","VampireKiss","Stigmanizer","BloodHunter","BloodRain","RedNightlessCastle+1","ReincarnationDial","ReplayTheSpireMod:Brewmster+1","GlobalNightmare+1","BloodAndWine+1","StarOfDavid","NightLord","Maim+1","VampireClaw","QueenOfMidnight+1","CurseOfTheBell","NightLord+1","UltimateOffering","UnstableMagic+1","BombardNight+1","ScarletDream+1","HunterOfTheNight+1","CharismaGuard+1","BloodyMagicSquare+1","UnstableMagic+1","GlobalNightmare+1","ReplayTheSpireMod:IOU","ReplayTheSpireMod:IOU","ReplayTheSpireMod:IOU","Apotheosis+1","ReplayTheSpireMod:IOU","LeisurelyOfLord+1"],"relics":["ScarletHat","NeowsBlessing","Tiny Chest","Painkiller Herb","Pear","Vajra","Calling Bell","Replay:Wax Seal","Frozen Egg 2","Bird Faced Urn","AntiCross","InkBottle","Bag of Preparation","War Paint","Replay:WaspNest","DollysMirror","Garlic","FairyMaid"],"acts_visited":["Exordium","TheCity","TheBeyond","TheEnding"],"potions_floor_usage":[50,50,54,55,55,55],"damage_taken":[{"damage":0.0,"enemies":"2 Louse","floor":1.0,"turns":2.0},{"damage":0.0,"enemies":"Jaw Worm","floor":3.0,"turns":1.0},{"damage":0.0,"enemies":"3 Sentries","floor":6.0,"turns":2.0},{"damage":0.0,"enemies":"Cultist","floor":7.0,"turns":6.0},{"damage":0.0,"enemies":"Blue Slaver","floor":10.0,"turns":2.0},{"damage":0.0,"enemies":"Lots of Slimes","floor":11.0,"turns":5.0},{"damage":1.0,"enemies":"Large Slime","floor":12.0,"turns":3.0},{"damage":0.0,"enemies":"Gremlin Gang","floor":14.0,"turns":2.0},{"damage":19.0,"enemies":"Slime Boss","floor":16.0,"turns":7.0},{"damage":15.0,"enemies":"2 Thieves","floor":18.0,"turns":3.0},{"damage":22.0,"enemies":"Spheric Guardian","floor":19.0,"turns":4.0},{"damage":15.0,"enemies":"Cultist and Chosen","floor":21.0,"turns":6.0},{"damage":7.0,"enemies":"Snake Plant","floor":22.0,"turns":5.0},{"damage":0.0,"enemies":"Centurion and Healer","floor":24.0,"turns":6.0},{"damage":79.0,"enemies":"Slavers","floor":29.0,"turns":10.0},{"damage":7.0,"enemies":"Sentry and Sphere","floor":30.0,"turns":5.0},{"damage":5.0,"enemies":"Snecko","floor":31.0,"turns":6.0},{"damage":30.0,"enemies":"Champ","floor":33.0,"turns":8.0},{"damage":0.0,"enemies":"Orb Walker","floor":35.0,"turns":2.0},{"damage":73.0,"enemies":"3 Shapes","floor":36.0,"turns":5.0},{"damage":7.0,"enemies":"Jaw Worm Horde","floor":37.0,"turns":4.0},{"damage":15.0,"enemies":"Spire Growth","floor":38.0,"turns":4.0},{"damage":43.0,"enemies":"Giant Head","floor":40.0,"turns":7.0},{"damage":31.0,"enemies":"Nemesis","floor":42.0,"turns":3.0},{"damage":81.0,"enemies":"Transient","floor":44.0,"turns":5.0},{"damage":5.0,"enemies":"Maw","floor":45.0,"turns":4.0},{"damage":47,"enemies":"Jaw Worm Horde","floor":46,"turns":1},{"damage":47,"enemies":"3 Darklings","floor":48,"turns":1},{"damage":92,"enemies":"Donu and Deca","floor":50,"turns":6},{"damage":52,"enemies":"Shield and Spear","floor":54,"turns":3},{"damage":118,"enemies":"The Heart","floor":55,"turns":3}],"seed_played":"4063557121056288256","potions_obtained":[{"floor":1.0,"key":"Fire Potion"},{"floor":7.0,"key":"Swift Potion"},{"floor":12.0,"key":"Fire Potion"},{"floor":14.0,"key":"Block Potion"},{"floor":16.0,"key":"Weak Potion"},{"floor":18.0,"key":"Languid Potion"},{"floor":19.0,"key":"Strength Potion"},{"floor":29.0,"key":"Block Potion"},{"floor":31.0,"key":"Ancient Potion"},{"floor":31.0,"key":"Milkshake"},{"floor":33.0,"key":"PowerPotion"},{"floor":36.0,"key":"EssenceOfSteel"},{"floor":37.0,"key":"PowerPotion"},{"floor":40.0,"key":"SteroidPotion"},{"floor":45.0,"key":"Energy Potion"},{"floor":48,"key":"Doom Potion"},{"floor":54,"key":"Dexterity Potion"}],"is_trial":false,"path_per_floor":["M","?","M","?","$","E","M","R","T","M","M","M","$","M","R","B",null,"?","?","T","?","?","?","?","T","T","?","T","E","?","?","T","B",null,"?","?","?","?","T","E","T","E","T","?","?","?","T","?","T","B",null,"T","T","E","B",null],"character_chosen":"REMILIA","items_purchased":["Apotheosis","MiserableFate","BlasphemousPunishment","VampireKiss","Stigmanizer","ReplayTheSpireMod:Brewmster","Replay:WaspNest","DollysMirror","Garlic"],"campfire_rested":1,"item_purchase_floors":[5,13,13,13,13,20,53,53,53],"current_hp_per_floor":[75,75,75,75,75,75,75,75,75,75,75,74,74,75,75,66,75,61,56,56,48,48,48,60,60,70,70,70,14,7,13,38,47,85,85,30,32,51,51,63,63,85,85,93,93,93,93,93,93,92,93,93,93,93,80],"gold":57,"neow_bonus":"THREE_ENEMY_KILL","is_daily":false,"chose_seed":false,"campfire_upgraded":7,"win_rate":0.0,"timestamp":1609004265,"path_taken":["M","?","M","?","?","E","M","R","T","M","M","M","$","M","R","BOSS","?","?","T","?","?","?","?","T","T","?","T","E","?","?","T","BOSS","?","?","?","?","?","E","T","E","T","?","?","?","T","?","T","BOSS","T","T","E","BOSS"],"items_purchased_type":["Card","Card","Card","Card","Card","Card","Relic","Relic","Relic"],"build_version":"2020-12-22","purchased_purges":1,"victory":true,"max_hp_per_floor":[75,75,75,75,75,75,75,75,75,75,75,75,75,75,75,75,75,75,75,75,75,75,75,75,75,85,85,85,85,85,85,85,85,85,85,85,85,89,89,89,89,93,93,93,93,93,93,93,93,93,93,93,93,93,93],"card_choices":[{"not_picked":["VampireClaw","StarOfDavid"],"picked":"FavorOfDestiny","floor":1.0},{"not_picked":["ScarletDevil","ScarletImprint"],"picked":"BloodHunter","floor":3.0},{"not_picked":["ScarletDevilSign","BombardNight"],"picked":"BloodyTrap","floor":6.0},{"not_picked":["NightDance","BloodHunter"],"picked":"DiffusionOfMisfortune","floor":7.0},{"not_picked":["BlasphemousPunishment","Septette"],"picked":"MastersStateliness","floor":10.0},{"not_picked":["ChaoticDestiny","UnderTheZenith"],"picked":"RedRainbow","floor":11.0},{"not_picked":["MillenniumVampire","VampireFantasy"],"picked":"ChainGang","floor":12.0},{"not_picked":["DiffusionOfMisfortune","BloodyTrap"],"picked":"BloodHunter","floor":14.0},{"not_picked":["BloodyHallows","CurseOfVladTepes"],"picked":"BloodRain","floor":16.0},{"not_picked":["ScarletGensokyo","CharismaGuard"],"picked":"RedNightlessCastle+1","floor":18.0},{"not_picked":["TwelveNightmare+1","ScarletDevil"],"picked":"ReincarnationDial","floor":19.0},{"not_picked":["VampireKiss","BloodyTrap"],"picked":"GlobalNightmare","floor":21.0},{"not_picked":["FavorOfDestiny","ScarletDream"],"picked":"BloodAndWine","floor":22.0},{"not_picked":["DiffusionOfMisfortune","BlasphemousPunishment"],"picked":"StarOfDavid","floor":24.0},{"not_picked":["ChainGang","ScarletDevil"],"picked":"NightLord","floor":29.0},{"not_picked":["VampireKiss","CharismaGuard"],"picked":"Maim+1","floor":30.0},{"not_picked":["MillenniumVampire","ScarletSymphony"],"picked":"VampireClaw","floor":31.0},{"not_picked":["DemonKingCradle","KillingBlow"],"picked":"QueenOfMidnight","floor":33.0},{"not_picked":["RedRainbow+1","AfternoonTea"],"picked":"NightLord+1","floor":35.0},{"not_picked":["StarOfDavid","VampireKiss+1"],"picked":"UltimateOffering","floor":36.0},{"not_picked":["ScarletDevil","MastersStateliness+1"],"picked":"UnstableMagic+1","floor":37.0},{"not_picked":["NightDance","VampireClaw"],"picked":"BombardNight+1","floor":38.0},{"not_picked":["ForecastOfChange","UnstableMagic"],"picked":"ScarletDream+1","floor":40.0},{"not_picked":["NightLord+1","BloodAndWine+1"],"picked":"HunterOfTheNight","floor":42.0},{"not_picked":["EndlessAdversity+1","VampireKiss+1"],"picked":"CharismaGuard+1","floor":44.0},{"not_picked":["StarOfDavid+1","EndlessAdversity+1"],"picked":"BloodyMagicSquare+1","floor":45.0},{"not_picked":["VampireKiss+1","Stigmanizer"],"picked":"UnstableMagic+1","floor":46},{"not_picked":["BloodHunter","UltimateOffering+1"],"picked":"GlobalNightmare+1","floor":48},{"not_picked":["ScarletDream+1","MillenniumVampire+1"],"picked":"LeisurelyOfLord+1","floor":54}],"player_experience":254426,"relics_obtained":[{"floor":6.0,"key":"Tiny Chest"},{"floor":26.0,"key":"Pear"},{"floor":29.0,"key":"Vajra"},{"floor":34.0,"key":"Replay:Wax Seal"},{"floor":34.0,"key":"Frozen Egg 2"},{"floor":34.0,"key":"Bird Faced Urn"},{"floor":39.0,"key":"AntiCross"},{"floor":40.0,"key":"InkBottle"},{"floor":42.0,"key":"Bag of Preparation"},{"floor":43.0,"key":"War Paint"},{"floor":54,"key":"FairyMaid"}],"event_choices":[{"damage_healed":0.0,"max_hp_gain":0.0,"max_hp_loss":0.0,"gold_gain":175.0,"event_name":"Liars Game","player_choice":"AGREE","floor":2.0,"gold_loss":0.0,"damage_taken":0.0,"cards_obtained":["Doubt"]},{"damage_healed":0.0,"max_hp_gain":0.0,"max_hp_loss":0.0,"gold_gain":0.0,"event_name":"Back to Basics","player_choice":"Simplicity","floor":23.0,"gold_loss":0.0,"damage_taken":0.0,"cards_upgraded":["Strike_RM","Strike_RM","Strike_RM","Strike_RM","Defend_RM","Defend_RM","Defend_RM","Defend_RM"]},{"damage_healed":0.0,"max_hp_gain":0.0,"max_hp_loss":0.0,"gold_gain":0.0,"event_name":"Upgrade Shrine","player_choice":"Upgraded","floor":27.0,"gold_loss":0.0,"damage_taken":0.0,"cards_upgraded":["BloodAndWine"]}],"is_beta":false,"boss_relics":[{"not_picked":["APieceOfRedMist","ScarletEmblem"],"picked":"Painkiller Herb"},{"not_picked":["Abe\u0027s Treasure","ReplayTheSpireMod:DimensionalGlitch"],"picked":"Calling Bell"}],"items_purged_floors":[13],"is_endless":false,"potions_floor_spawned":[1,7,12,14,18,29,31,33,36,37,45,46,48,54],"ascension_level":0}}