{"host":"dfaptdojq2t2jkjw","time":1609018190,"event":{"mods":["BaseMod","Better Match","BetterRewards","Colored Map","Colored Powertips","GifTheSpireLib","Marisa????????","Minty Spire (QoL Compilation)","Quick Restart","Rare Cards Sparkle","Replay The Spire","Shop Mod","StSLib","Stuff the Spire","The Mystic","The Senshi"],"gold_per_floor":[110,185,185,208,222,222,222,262,262,67,67,86,104,104,104,234,234,248,248,101,101,125,125,159,159,186,186,186,111,157,157,157,177,177],"floor_reached":33,"playtime":757,"items_purged":[],"score":474,"play_id":"2aa01b80-750a-4add-9e7f-81ac3f66c33e","local_time":"20201226212950","is_ascension_mode":true,"campfire_choices":[{"data":"Bash","floor":6,"key":"SMITH"},{"floor":11,"key":"REST"},{"floor":15,"key":"DIG"},{"floor":23,"key":"REST"},{"floor":25,"key":"REST"},{"data":"Poison Darts","floor":27,"key":"SMITH"},{"floor":32,"key":"DIG"}],"circlet_count":0,"master_deck":["Strike_R+1","Strike_R+1","Strike_R+1","Strike_R+1","Strike_R+1","Defend_R+1","Defend_R+1","Defend_R+1","Defend_R+1","Bash+1","Bloodletting","Perfected Strike","ReplayTheSpireMod:Brewmster","ShootingEcho","Cleave+1","NonDirectionalLaser+1","Iron Wave+1","Poison Darts+1","Pain","Backflip","FlyingSleeves+1","PiercingWail"],"relics":["Burning Blood","PrismaticShard","Bloody Idol","Regal Pillow","Molten Egg 2","Red Skull","Replay:PocketPolymizer","Velvet Choker","Bronze Scales","WarpedTongs","PreservedInsect","Replay:Bandana","Dream Catcher","StuffTheSpire:HeavyRock"],"acts_visited":["Exordium","TheCity"],"potions_floor_usage":[8,16,16,16,16,16,16,18,24,33,33,33,33,33],"damage_taken":[{"damage":0,"enemies":"Small Slimes","floor":1,"turns":5},{"damage":6,"enemies":"Cultist","floor":4,"turns":3},{"damage":10,"enemies":"Jaw Worm","floor":5,"turns":2},{"damage":32,"enemies":"Gremlin Nob","floor":8,"turns":4},{"damage":6,"enemies":"2 Fungi Beasts","floor":12,"turns":3},{"damage":13,"enemies":"Blue Slaver","floor":13,"turns":2},{"damage":38,"enemies":"Hexaghost","floor":16,"turns":9},{"damage":23,"enemies":"Shell Parasite","floor":18,"turns":4},{"damage":22,"enemies":"2 Thieves","floor":22,"turns":3},{"damage":30,"enemies":"Gremlin Leader","floor":24,"turns":4},{"damage":5,"enemies":"Book of Stabbing","floor":30,"turns":3},{"damage":86,"enemies":"Champ","floor":33,"turns":8}],"seed_played":"-8743339491306431477","potions_obtained":[{"floor":5,"key":"Energy Potion"},{"floor":13,"key":"PowerPotion"},{"floor":18,"key":"PowerPotion"},{"floor":30,"key":"ColorlessPotion"}],"is_trial":false,"path_per_floor":["M","?","?","M","M","R","?","E","T","$","R","M","M","?","R_BF","B",null,"M","?","$","?","M","R","E","R","T","R","?","?","E","?","R_BF","B"],"character_chosen":"IRONCLAD","items_purchased":["PrismaticShard","Red Skull","Cleave+1","Bronze Scales"],"campfire_rested":3,"item_purchase_floors":[0,10,10,20],"current_hp_per_floor":[80,69,69,69,65,65,65,39,39,39,78,78,71,71,71,48,72,55,55,55,55,39,78,54,80,80,80,80,80,80,80,80,0,0],"gold":177,"neow_bonus":"","is_daily":false,"chose_seed":false,"campfire_upgraded":2,"win_rate":0.0,"timestamp":1609018190,"path_taken":["M","?","?","M","M","R","?","E","T","$","R","?","M","?","R_BF","BOSS","M","?","$","?","?","R","E","R","T","R","?","?","E","?","R_BF","BOSS"],"items_purchased_type":["Relic","Relic","Card","Relic"],"build_version":"2020-12-22","purchased_purges":0,"victory":false,"max_hp_per_floor":[80,80,80,80,80,80,80,80,80,80,80,80,80,80,80,80,80,80,80,80,80,80,80,80,80,80,80,80,80,80,80,80,80,80],"card_choices":[{"not_picked":["Hologram","DC","Warcry"],"picked":"SKIP","floor":1},{"not_picked":["mysticmod:BulkUp","ReplayTheSpireMod:The Works"],"picked":"ReplayTheSpireMod:Trickstab","floor":4},{"not_picked":["OrrerysSun","Stack"],"picked":"Perfected Strike","floor":5},{"not_picked":["theSenshi:MoonCosmicPowerMakeUp","True Grit"],"picked":"ShootingEcho","floor":8},{"not_picked":["mysticmod:BulkUp","ReplayTheSpireMod:The Works"],"picked":"NonDirectionalLaser+1","floor":12},{"not_picked":["Conserve Battery","mysticmod:CorrosiveTouch+1"],"picked":"Iron Wave+1","floor":13},{"not_picked":["ReplayTheSpireMod:Brewmster","Venomology"],"picked":"Poison Darts","floor":16},{"not_picked":["Occultation","Havoc","Acceleration"],"picked":"SKIP","floor":18},{"not_picked":["Escape Plan","Consume"],"picked":"Backflip","floor":22},{"not_picked":["Collect","theSenshi:MoonsReflection"],"picked":"FlyingSleeves+1","floor":24},{"not_picked":["theSenshi:MoonsReflection","Replay:Undeath\u0027s Touch+1"],"picked":"PiercingWail","floor":30}],"player_experience":86614,"relics_obtained":[{"floor":8,"key":"Regal Pillow"},{"floor":9,"key":"Molten Egg 2"},{"floor":15,"key":"Replay:PocketPolymizer"},{"floor":24,"key":"PreservedInsect"},{"floor":26,"key":"Replay:Bandana"},{"floor":30,"key":"Dream Catcher"},{"floor":32,"key":"StuffTheSpire:HeavyRock"}],"event_choices":[{"damage_healed":0,"gold_gain":75,"player_choice":"Gather Gold","damage_taken":11,"max_hp_gain":0,"max_hp_loss":0,"event_name":"World of Goop","floor":2,"gold_loss":0},{"damage_healed":0,"gold_gain":0,"player_choice":"Take Wound","damage_taken":0,"relics_obtained":["Golden Idol"],"max_hp_gain":0,"max_hp_loss":0,"event_name":"Golden Idol","floor":3,"gold_loss":0,"cards_obtained":["Injury"]},{"damage_healed":0,"gold_gain":0,"cards_transformed":["ReplayTheSpireMod:Trickstab"],"player_choice":"Transformed","damage_taken":0,"max_hp_gain":0,"max_hp_loss":0,"event_name":"Transmorgrifier","floor":7,"gold_loss":0,"cards_obtained":["ReplayTheSpireMod:Brewmster"]},{"damage_healed":0,"gold_gain":0,"player_choice":"Simplicity","damage_taken":0,"max_hp_gain":0,"max_hp_loss":0,"event_name":"Back to Basics","floor":19,"gold_loss":0,"cards_upgraded":["Strike_R","Strike_R","Strike_R","Strike_R","Strike_R","Defend_R","Defend_R","Defend_R"]},{"damage_healed":0,"gold_gain":0,"player_choice":"Rummage","damage_taken":0,"relics_obtained":["WarpedTongs"],"max_hp_gain":0,"max_hp_loss":0,"event_name":"Accursed Blacksmith","floor":21,"gold_loss":0,"cards_obtained":["Pain"]},{"damage_healed":0,"gold_gain":0,"player_choice":"Gave Idol","damage_taken":0,"relics_obtained":["Bloody Idol"],"max_hp_gain":0,"max_hp_loss":0,"event_name":"Forgotten Altar","floor":28,"relics_lost":["Golden Idol"],"gold_loss":0},{"cards_removed":["Injury"],"damage_healed":0,"gold_gain":0,"player_choice":"Gave Gold","damage_taken":0,"max_hp_gain":0,"max_hp_loss":0,"event_name":"Beggar","floor":29,"gold_loss":75},{"damage_healed":0,"gold_gain":0,"player_choice":"Ignored","damage_taken":0,"max_hp_gain":0,"max_hp_loss":0,"event_name":"Vampires","floor":31,"gold_loss":0}],"is_beta":false,"boss_relics":[{"not_picked":["Replay:Grab Bag","Runic Dome"],"picked":"Velvet Choker"}],"items_purged_floors":[],"is_endless":false,"potions_floor_spawned":[5,13,18,30],"killed_by":"Champ","ascension_level":5}}