{"host":"npubv26u89aif4fa","time":1609014997,"event":{"mods":["Astrologer","BaseMod","Better Vampires","Better-Laid Plans","Colored Powertips","GifTheSpireLib","GungeonMod","HornydragonMod","Hubris","Jedi Mod","Minty Spire (QoL Compilation)","Quick Restart","Remilia（蕾米莉亚）","Replay The Spire","StSLib","Td1madao Mod","The Administrix","The Alterego","The Bug Knight","The Cursed","The Runesmith","Yuri Mod","残留之物"],"gold_per_floor":[362,26,26,26,101,101,101,101],"floor_reached":7,"playtime":431,"items_purged":["HollowMod:NailStrikeStart"],"score":37,"play_id":"783e7e89-429f-4cc7-8577-521f7b7420d5","local_time":"20201227043637","is_ascension_mode":false,"campfire_choices":[{"floor":6,"key":"RECALL"}],"circlet_count":0,"master_deck":["HollowMod:NailStrikeStart","HollowMod:NailStrikeStart","HollowMod:NailStrikeStart","HollowMod:QuickDashStart","HollowMod:QuickDashStart","HollowMod:QuickDashStart","HollowMod:QuickDashStart","HollowMod:FocusHealStart","HollowMod:PogoStrike","HollowMod:ShadowDash","HollowMod:WraithStrike","HollowMod:HuntersJournal","HollowMod:GoodIntentions","HollowMod:NewLittleFool","HollowMod:ShadowDash","HollowMod:SoulSplash","HollowMod:SoulVessel"],"relics":["HollowMod:VesselMask","Sling","MealTicket"],"acts_visited":["Exordium"],"potions_floor_usage":[],"damage_taken":[{"damage":5.0,"enemies":"Cultist","floor":1.0,"turns":4.0},{"damage":62,"enemies":"Lagavulin","floor":7,"turns":8}],"seed_played":"5058569028434695553","potions_obtained":[{"floor":1.0,"key":"Adrenaline Potion"}],"is_trial":false,"path_per_floor":["M","$","?","?","?","R","E"],"character_chosen":"THE_BUGKNIGHT","items_purchased":["HollowMod:WraithStrike","Sling","HollowMod:HuntersJournal"],"campfire_rested":0,"item_purchase_floors":[2,2,2],"current_hp_per_floor":[59,59,56,56,49,49,0,0],"gold":101,"neow_bonus":"TWO_FIFTY_GOLD","is_daily":false,"chose_seed":false,"campfire_upgraded":0,"win_rate":0.0,"timestamp":1609014997,"path_taken":["M","$","?","?","?","R","E"],"items_purchased_type":["Card","Relic","Card"],"build_version":"2020-12-22","purchased_purges":1,"victory":false,"max_hp_per_floor":[75,75,75,75,75,75,75,75],"card_choices":[{"not_picked":["HollowMod:CornifersMapStart","HollowMod:CloakDash"],"picked":"HollowMod:ShadowDash","floor":1.0}],"player_experience":197332,"relics_obtained":[],"event_choices":[{"damage_healed":0.0,"max_hp_gain":0.0,"max_hp_loss":0.0,"gold_gain":0.0,"event_name":"Scrap Ooze","player_choice":"Success","floor":3.0,"gold_loss":0.0,"damage_taken":3.0,"relics_obtained":["MealTicket"]},{"damage_healed":0,"gold_gain":75,"player_choice":"Touch","damage_taken":7,"max_hp_gain":0,"max_hp_loss":0,"event_name":"FaceTrader","floor":5,"gold_loss":0}],"is_beta":false,"boss_relics":[],"items_purged_floors":[2],"is_endless":false,"potions_floor_spawned":[1],"killed_by":"Lagavulin","ascension_level":0}}