{"host":"ormi09wwzv7sq47a","time":1609019445,"event":{"mods":["2.2 Compatiblity","AchievementEnabler","Act Like it!","BaseMod","Bestiary","Better Altar","Better Note","Better Sensory Stone","Better Skull","Better Third Choice","Better Vampires","BetterRewards","Block Reminder","Card Forge","Colored Map","Colored Powertips","Curses Come First","DeckTracker","Downfall","Highlight Path","Minty Spire (QoL Compilation)","Permanent Neow","Quick Restart","Rare Cards Sparkle","Relic Stats","Shop Mod","StSLib","The Jungle","The Servant 0.9.4"],"gold_per_floor":[113,113,124,139,155,184,184,31,57,69,95,118,130,159,171,286,298,322,334,362,72,72,72,147,147,147,147,147,164,164,179,179,279,279,297,308,408,422,434,468,468,468,468,468,503,503,518,534,534,534],"floor_reached":51,"playtime":2144,"items_purged":["Defend_G","Strike_G"],"score":909,"play_id":"5cf18354-4fef-4b76-b3b4-66aa3100c83c","local_time":"20201226185045","is_ascension_mode":false,"campfire_choices":[{"data":"Glass Knife","floor":7.0,"key":"SMITH"},{"data":"Accuracy","floor":10.0,"key":"SMITH"},{"data":"Accuracy","floor":13,"key":"SMITH"},{"data":"Blade Dance","floor":15,"key":"SMITH"},{"data":"Footwork","floor":23,"key":"SMITH"},{"data":"Accuracy","floor":25,"key":"SMITH"},{"data":"Leg Sweep","floor":30,"key":"SMITH"},{"data":"Choke","floor":32,"key":"SMITH"},{"data":"A Thousand Cuts","floor":42,"key":"SMITH"},{"data":"Cloak And Dagger","floor":44,"key":"SMITH"},{"data":"Neutralize","floor":46,"key":"SMITH"},{"data":"Blur","floor":49,"key":"SMITH"}],"circlet_count":0,"master_deck":["Strike_G+1","Strike_G+1","Strike_G","Defend_G","Defend_G","Defend_G","Survivor","Neutralize+1","PiercingWail+1","Accuracy+1","Blade Dance+1","Choke+1","Footwork+1","Glass Knife+1","Accuracy+1","Acrobatics","PiercingWail","Adrenaline+1","Accuracy+1","Cloak And Dagger+1","Leg Sweep+1","Acrobatics+1","A Thousand Cuts+1","Dash+1","Terror+1","Deflect+1","Backflip+1","Blur+1","Slice+1"],"relics":["Ring of the Serpent","Hammer of Thor","Seething Fire","Anvil of the Gods","Nunchaku","Whetstone","Anchor","MawBank","WristBlade","Akabeko","Pantograph","Gremlin Horn","Strawberry","Potion Belt","Molten Egg 2","Kunai"],"acts_visited":["Exordium","TheCity","TheBeyond"],"potions_floor_usage":[12,31,33,33,39,50],"damage_taken":[{"damage":1.0,"enemies":"2 Louse","floor":1.0,"turns":3.0},{"damage":1.0,"enemies":"Small Slimes","floor":3.0,"turns":3.0},{"damage":0.0,"enemies":"Cultist","floor":4.0,"turns":2.0},{"damage":4.0,"enemies":"Red Slaver","floor":5.0,"turns":4.0},{"damage":11.0,"enemies":"3 Sentries","floor":6.0,"turns":6.0},{"damage":0,"enemies":"Blue Slaver","floor":11,"turns":2},{"damage":0,"enemies":"2 Fungi Beasts","floor":12,"turns":3},{"damage":0,"enemies":"Large Slime","floor":14,"turns":3},{"damage":28,"enemies":"Hexaghost","floor":16,"turns":8},{"damage":4,"enemies":"Shell Parasite","floor":18,"turns":3},{"damage":6,"enemies":"3 Byrds","floor":20,"turns":4},{"damage":6,"enemies":"Centurion and Healer","floor":29,"turns":3},{"damage":0,"enemies":"3 Cultists","floor":31,"turns":4},{"damage":46,"enemies":"Champ","floor":33,"turns":9},{"damage":0,"enemies":"3 Darklings","floor":35,"turns":4},{"damage":7,"enemies":"3 Shapes","floor":36,"turns":3},{"damage":9,"enemies":"Sphere and 2 Shapes","floor":38,"turns":6},{"damage":0,"enemies":"Jaw Worm Horde","floor":39,"turns":4},{"damage":13,"enemies":"Nemesis","floor":40,"turns":7},{"damage":3,"enemies":"Giant Head","floor":45,"turns":6},{"damage":0,"enemies":"3 Darklings","floor":47,"turns":4},{"damage":1,"enemies":"Sphere and 2 Shapes","floor":48,"turns":5},{"damage":53,"enemies":"Time Eater","floor":50,"turns":13}],"seed_played":"8480857494122689034","potions_obtained":[{"floor":3.0,"key":"champ:CounterPotion"},{"floor":5.0,"key":"ColorlessPotion"},{"floor":14,"key":"sneckomod:MuddlingPotion"},{"floor":18,"key":"LiquidMemories"},{"floor":29,"key":"EssenceOfSteel"},{"floor":35,"key":"Weak Potion"},{"floor":38,"key":"Regen Potion"}],"is_trial":false,"path_per_floor":["M","?","M","M","M","E","R","$","T","R","M","M","R","M","R","B",null,"M","?","M","$","T","R","?","R","T","?","T","M","R","M","R","B",null,"M","M","?","M","M","E","?","R","T","R","E","R","M","M","R","B",null],"character_chosen":"THE_SILENT","items_purchased":["PiercingWail","Accuracy","Anchor","Cloak And Dagger","Akabeko"],"campfire_rested":0,"item_purchase_floors":[0,0,8,21,21],"current_hp_per_floor":[69,62,61,61,57,46,46,46,46,46,46,46,46,46,46,18,70,66,66,60,60,60,60,53,53,53,53,60,54,54,54,54,31,77,77,70,70,61,73,60,47,47,47,47,44,44,44,43,43,15],"gold":534,"neow_bonus":"","is_daily":false,"chose_seed":false,"campfire_upgraded":12,"win_rate":0.0,"timestamp":1609019445,"path_taken":["M","?","M","M","M","E","R","$","T","R","M","M","R","M","R","BOSS","M","?","?","$","?","R","?","R","T","?","?","M","R","?","R","BOSS","M","M","?","?","M","E","?","R","T","R","E","R","M","M","R","BOSS"],"items_purchased_type":["Card","Card","Relic","Card","Relic"],"build_version":"2020-12-22","purchased_purges":2,"victory":true,"max_hp_per_floor":[70,70,70,70,70,70,70,70,70,70,70,70,70,70,70,70,70,70,70,70,70,70,70,70,70,70,70,77,77,77,77,77,77,77,77,77,77,77,77,77,77,77,77,77,77,77,77,77,77,77],"relic_stats":{"Nunchaku":[25],"Gremlin Horn":[17,17],"counters":[42,218],"Pantograph":62,"Whetstone":["Slimebound:Strike_Slimebound","Slimebound:Strike_Slimebound","Strike_G","Strike_G"],"Kunai":[8],"MawBank":144,"obtain_stats":[{"Gremlin Horn":26,"Snake Skull":2,"Hammer of Thor":0,"Whetstone":6,"Empty Cage":17,"Nunchaku":2,"WristBlade":17,"Strawberry":0,"Pantograph":22,"MealTicket":11,"Kunai":45,"Ring of the Snake":0,"Potion Belt":40,"The Specimen":9,"Golden Idol":3,"Pen Nib":7,"Seething Fire":0,"MawBank":9,"Akabeko":21,"Anchor":8,"Anvil of the Gods":0,"Molten Egg 2":43,"Art of War":9,"StrikeDummy":12,"Ring of the Serpent":34},{"Gremlin Horn":30,"Snake Skull":1,"Hammer of Thor":0,"Whetstone":24,"Empty Cage":7,"Nunchaku":20,"WristBlade":28,"Strawberry":12,"Pantograph":30,"MealTicket":18,"Kunai":39,"Ring of the Snake":0,"Potion Belt":38,"The Specimen":3,"Golden Idol":14,"Pen Nib":3,"Seething Fire":0,"MawBank":24,"Akabeko":30,"Anchor":24,"Anvil of the Gods":0,"Molten Egg 2":38,"Art of War":16,"StrikeDummy":5,"Ring of the Serpent":33},{"Gremlin Horn":150,"Snake Skull":4,"Hammer of Thor":0,"Whetstone":127,"Empty Cage":40,"Nunchaku":112,"WristBlade":143,"Strawberry":61,"Pantograph":150,"MealTicket":99,"Kunai":196,"Ring of the Snake":0,"Potion Belt":190,"The Specimen":13,"Golden Idol":69,"Pen Nib":13,"Seething Fire":0,"MawBank":127,"Akabeko":150,"Anchor":127,"Anvil of the Gods":0,"Molten Egg 2":190,"Art of War":79,"StrikeDummy":24,"Ring of the Serpent":166}]},"card_choices":[{"not_picked":["Poisoned Stab","Slice"],"picked":"Blade Dance","floor":1.0},{"not_picked":["Skewer","Leg Sweep"],"picked":"Choke","floor":3.0},{"not_picked":["Deadly Poison","Masterful Stab","Choke"],"picked":"SKIP","floor":4.0},{"not_picked":["Slice","Flechettes"],"picked":"Footwork","floor":5.0},{"not_picked":["Reflex","Dash"],"picked":"Glass Knife","floor":6.0},{"not_picked":["Dagger Throw","Outmaneuver"],"picked":"Accuracy","floor":11},{"not_picked":["Slice","Prepared"],"picked":"Acrobatics","floor":12},{"not_picked":["Caltrops","Sucker Punch"],"picked":"PiercingWail","floor":14},{"not_picked":["Envenom","Die Die Die"],"picked":"Adrenaline","floor":16},{"not_picked":["Flechettes+1","Choke"],"picked":"Accuracy","floor":18},{"not_picked":["Outmaneuver","Endless Agony","Underhanded Strike+1"],"picked":"SKIP","floor":20},{"not_picked":["Endless Agony+1","Poisoned Stab+1"],"picked":"Leg Sweep","floor":29},{"not_picked":["Deadly Poison","Heel Hook+1"],"picked":"Acrobatics+1","floor":31},{"not_picked":["Unload","Night Terror"],"picked":"A Thousand Cuts","floor":33},{"not_picked":["Dagger Throw","Dodge and Roll"],"picked":"Dash+1","floor":35},{"not_picked":["PiercingWail","Prepared"],"picked":"Terror+1","floor":36},{"not_picked":["PiercingWail","Underhanded Strike+1"],"picked":"Deflect+1","floor":38},{"not_picked":["Deadly Poison","Outmaneuver"],"picked":"Backflip+1","floor":39},{"not_picked":["Deadly Poison","Noxious Fumes+1","Masterful Stab"],"picked":"SKIP","floor":40},{"not_picked":["Outmaneuver+1","Concentrate"],"picked":"Blur","floor":45},{"not_picked":["Bouncing Flask","Crippling Poison+1","PiercingWail"],"picked":"SKIP","floor":47},{"not_picked":["Setup+1","Venomology"],"picked":"Slice+1","floor":48}],"player_experience":796928,"relics_obtained":[{"floor":6.0,"key":"Whetstone"},{"floor":9.0,"key":"MawBank"},{"floor":22,"key":"Pantograph"},{"floor":26,"key":"Gremlin Horn"},{"floor":28,"key":"Strawberry"},{"floor":40,"key":"Potion Belt"},{"floor":43,"key":"Molten Egg 2"},{"floor":45,"key":"Kunai"}],"event_choices":[{"damage_healed":0.0,"max_hp_gain":0.0,"max_hp_loss":0.0,"gold_gain":0.0,"event_name":"betterThird:BetterScrap","player_choice":"Relic ","floor":2.0,"gold_loss":0.0,"damage_taken":7.0,"cards_obtained":["CarveReality"]},{"damage_healed":0,"gold_gain":0,"player_choice":"Upgraded","damage_taken":0,"max_hp_gain":0,"max_hp_loss":0,"event_name":"Upgrade Shrine","floor":19,"gold_loss":0,"cards_upgraded":["Adrenaline"]},{"damage_healed":0,"gold_gain":75,"player_choice":"Touch","damage_taken":7,"max_hp_gain":0,"max_hp_loss":0,"event_name":"FaceTrader","floor":24,"gold_loss":0},{"damage_healed":0,"gold_gain":0,"player_choice":"0 cards matched","damage_taken":0,"max_hp_gain":0,"max_hp_loss":0,"event_name":"Match and Keep!","floor":27,"gold_loss":0,"cards_obtained":[]},{"damage_healed":0,"gold_gain":100,"player_choice":"Pray","damage_taken":0,"max_hp_gain":0,"max_hp_loss":0,"event_name":"Golden Shrine","floor":37,"gold_loss":0},{"damage_healed":0,"gold_gain":0,"player_choice":"Random: Green","damage_taken":0,"max_hp_gain":0,"max_hp_loss":0,"event_name":"betterThird:BetterPortal","floor":41,"gold_loss":0},{"damage_healed":0,"gold_gain":0,"player_choice":"UP ","damage_taken":15,"relics_obtained":[],"max_hp_gain":0,"max_hp_loss":0,"event_name":"betterSkull:BetterSkull","floor":41,"gold_loss":0,"cards_upgraded":["PiercingWail"]}],"is_beta":false,"boss_relics":[{"not_picked":["Runic Dome","SacredBark"],"picked":"WristBlade"},{"not_picked":["Sozu","Busted Crown"],"picked":"Ring of the Serpent"}],"items_purged_floors":[0,21],"is_endless":false,"potions_floor_spawned":[3,5,14,18,29,35,38],"ascension_level":0}}