{"host":"zig6x0mxqzam82fb","time":1609002187,"event":{"mods":["BaseMod","Block Reminder","Colored Map","Colored Powertips","Minty Spire (QoL Compilation)","Relic Stats"],"gold_per_floor":[369,389,405,405,337,363,375,375,375,19,19,19],"floor_reached":11,"playtime":813,"items_purged":[],"score":110,"play_id":"ad5975f7-cc9d-4871-a0c6-7efa1e23405c","local_time":"20201226120307","is_ascension_mode":true,"campfire_choices":[{"data":"Loop","floor":8,"key":"SMITH"}],"circlet_count":0,"master_deck":["AscendersBane","Strike_B","Strike_B","Strike_B","Strike_B","Defend_B","Defend_B","Defend_B","Defend_B","Zap","Dualcast","Cold Snap","BootSequence","Coolheaded+1","Defragment","Consume","Loop+1","Loop+1"],"relics":["Cracked Core","Shuriken","Darkstone Periapt","Blood Vial","DollysMirror"],"acts_visited":["Exordium"],"potions_floor_usage":[6,11,11],"damage_taken":[{"damage":1,"enemies":"Cultist","floor":1,"turns":4},{"damage":0,"enemies":"Small Slimes","floor":2,"turns":3},{"damage":2,"enemies":"Jaw Worm","floor":3,"turns":3},{"damage":12,"enemies":"3 Sentries","floor":6,"turns":9},{"damage":16,"enemies":"Blue Slaver","floor":7,"turns":6},{"damage":43,"enemies":"Gremlin Nob","floor":11,"turns":4}],"seed_played":"-9002300940213182474","potions_obtained":[{"floor":1,"key":"SkillPotion"},{"floor":6,"key":"GamblersBrew"}],"is_trial":false,"path_per_floor":["M","M","M","?","$","E","M","R","T","$","E"],"character_chosen":"DEFECT","items_purchased":["Defragment","Blood Vial","DollysMirror","FocusPotion"],"campfire_rested":0,"item_purchase_floors":[5,10,10,10],"current_hp_per_floor":[67,67,65,65,65,53,37,37,37,37,0,0],"gold":19,"neow_bonus":"TWO_FIFTY_GOLD","is_daily":false,"chose_seed":false,"campfire_upgraded":1,"win_rate":0.0,"timestamp":1609002187,"path_taken":["M","?","M","?","$","E","M","R","T","$","E"],"items_purchased_type":["Card","Relic","Relic","Potion"],"build_version":"2020-12-22","purchased_purges":0,"victory":false,"max_hp_per_floor":[68,68,68,68,68,68,68,68,68,68,68,68],"relic_stats":{"Darkstone Periapt":0,"Blood Vial":2,"counters":[6,29],"Shuriken":[0],"obtain_stats":[{"Darkstone Periapt":9,"Blood Vial":10,"Shuriken":6,"DollysMirror":10,"Cracked Core":0},{"Darkstone Periapt":5,"Blood Vial":5,"Shuriken":4,"DollysMirror":5,"Cracked Core":0},{"Darkstone Periapt":25,"Blood Vial":25,"Shuriken":19,"DollysMirror":25,"Cracked Core":0}]},"card_choices":[{"not_picked":["Rip and Tear","Self Repair"],"picked":"Cold Snap","floor":1},{"not_picked":["Cold Snap","Consume"],"picked":"BootSequence","floor":2},{"not_picked":["Cold Snap","Tempest"],"picked":"Coolheaded","floor":3},{"not_picked":["Storm","Auto Shields"],"picked":"Consume","floor":6},{"not_picked":["Barrage","Hologram"],"picked":"Loop","floor":7}],"player_experience":331186,"relics_obtained":[{"floor":6,"key":"Shuriken"},{"floor":9,"key":"Darkstone Periapt"}],"event_choices":[{"damage_healed":0,"gold_gain":0,"player_choice":"Upgraded","damage_taken":0,"max_hp_gain":0,"max_hp_loss":0,"event_name":"Upgrade Shrine","floor":4,"gold_loss":0,"cards_upgraded":["Coolheaded"]}],"is_beta":false,"boss_relics":[],"items_purged_floors":[],"is_endless":false,"potions_floor_spawned":[1,6],"killed_by":"Gremlin Nob","ascension_level":10}}