{"host":"ormi09wwzv7sq47a","time":1609015841,"event":{"mods":["2.2 Compatiblity","AchievementEnabler","Act Like it!","BaseMod","Bestiary","Better Altar","Better Note","Better Sensory Stone","Better Skull","Better Third Choice","Better Vampires","BetterRewards","Block Reminder","Colored Map","Colored Powertips","Curses Come First","DeckTracker","Downfall","Highlight Path","Minty Spire (QoL Compilation)","Permanent Neow","Quick Restart","Rare Cards Sparkle","Relic Stats","Shop Mod","StSLib","The Jungle","The Servant 0.9.4"],"gold_per_floor":[114,15,15,26,26,55,5,24,24,55,55,5,55,55,5,80,80,94,94,110,35,54,4,39,39,64,64,14,43,43,77,27,103,103,120,136,153,170,21,52,2,37,89,116,126,126,1,33,33,33,33,33,33,68,68],"floor_reached":56,"playtime":2909,"items_purged":["Slimebound:Tackle","Shame","Decay"],"score":2841,"play_id":"2d09c244-07b3-4df5-afad-4c2fd288383f","local_time":"20201226175041","is_ascension_mode":true,"campfire_choices":[{"data":"Slimebound:Split","floor":7.0,"key":"SMITH"},{"data":"Slimebound:CorrosiveSpit","floor":12.0,"key":"SMITH"},{"floor":15.0,"key":"RECALL"},{"data":"Slimebound:TongueLash","floor":23.0,"key":"SMITH"},{"data":"Slimebound:Defend_Slimebound","floor":28.0,"key":"SMITH"},{"data":"Slimebound:LeadByExample","floor":32.0,"key":"SMITH"},{"data":"Slimebound:LeechingTouch","floor":41.0,"key":"SMITH"},{"data":"Slimebound:SpikyOuterGoop","floor":49.0,"key":"SMITH"},{"data":"Slimebound:LeechEnergy","floor":52.0,"key":"SMITH"}],"circlet_count":0,"master_deck":["AscendersBane","Slimebound:Strike_Slimebound+1","Slimebound:Strike_Slimebound+1","Slimebound:Defend_Slimebound","Slimebound:Defend_Slimebound+1","Slimebound:Split+1","Slimebound:CorrosiveSpit+1","Slimebound:RejuvenatingLick+1","Slimebound:SlimeSpikes+1","Slimebound:SplitMire+1","Slimebound:SamplingLick+1","Slimebound:SamplingLick+1","Slimebound:Replication+1","Slimebound:FormOfPuddle+1","Slimebound:SplitMire+1","Slimebound:DouseInSlime+1","Slimebound:HauntingLick+1","Slimebound:MegaLick+1","Slimebound:Repurpose+1","Slimebound:TongueLash+1","Slimebound:HauntingLick+1","Slimebound:SlimeSpikes+1","Slimebound:LeadByExample+1","Slimebound:WasteNot+1","Slimebound:LeechingTouch+1","Slimebound:LeechingTouch","Slimebound:RainOfGoop+1","Slimebound:SpikyOuterGoop+1","Slimebound:SlimeTap+1","Slimebound:LeechEnergy+1","Slimebound:MegaLick+1","Slimebound:Grow+1"],"relics":["Slimebound:AbsorbEndCombat","Toxic Egg 2","Mango","Slimebound:GreedOozeRelic","Slimebound:SlimedSkullRelic","Pear","Pantograph","Slimebound:TarBlob","Shuriken","PreservedInsect","Bag of Preparation","Bottled Lightning","Philosopher\u0027s Stone","Pen Nib","Whetstone","Lantern","Vajra","Ancient Tea Set","Ginger"],"acts_visited":["Exordium","TheCity","TheBeyond","TheEnding"],"potions_floor_usage":[55,55],"damage_taken":[{"damage":4.0,"enemies":"Cultist","floor":1.0,"turns":4.0},{"damage":4.0,"enemies":"2 Louse","floor":4.0,"turns":2.0},{"damage":17.0,"enemies":"Gremlin Nob","floor":6.0,"turns":4.0},{"damage":4.0,"enemies":"Small Slimes","floor":8.0,"turns":2.0},{"damage":23.0,"enemies":"Lagavulin","floor":10.0,"turns":5.0},{"damage":16.0,"enemies":"Slime Boss","floor":16.0,"turns":3.0},{"damage":51.0,"enemies":"2 Thieves","floor":18.0,"turns":3.0},{"damage":6.0,"enemies":"Shell Parasite","floor":20.0,"turns":3.0},{"damage":27.0,"enemies":"Centurion and Healer","floor":22.0,"turns":5.0},{"damage":30.0,"enemies":"Gremlin Leader","floor":24.0,"turns":5.0},{"damage":41.0,"enemies":"Slavers","floor":29.0,"turns":3.0},{"damage":18.0,"enemies":"Book of Stabbing","floor":31.0,"turns":3.0},{"damage":26.0,"enemies":"Champ","floor":33.0,"turns":6.0},{"damage":33.0,"enemies":"3 Shapes","floor":35.0,"turns":3.0},{"damage":18.0,"enemies":"3 Darklings","floor":36.0,"turns":3.0},{"damage":42.0,"enemies":"Transient","floor":37.0,"turns":5.0},{"damage":36.0,"enemies":"Maw","floor":38.0,"turns":5.0},{"damage":62.0,"enemies":"Reptomancer","floor":40.0,"turns":4.0},{"damage":30.0,"enemies":"Giant Head","floor":42.0,"turns":5.0},{"damage":40.0,"enemies":"Reptomancer","floor":44.0,"turns":3.0},{"damage":18.0,"enemies":"Writhing Mass","floor":45.0,"turns":3.0},{"damage":30.0,"enemies":"Nemesis","floor":48.0,"turns":4.0},{"damage":52.0,"enemies":"Awakened One","floor":50.0,"turns":6.0},{"damage":37.0,"enemies":"Shield and Spear","floor":54.0,"turns":3.0},{"damage":53,"enemies":"The Heart","floor":55,"turns":6}],"seed_played":"1514956960653052657","potions_obtained":[{"floor":6.0,"key":"SteroidPotion"},{"floor":10.0,"key":"SteroidPotion"},{"floor":16.0,"key":"SpeedPotion"},{"floor":20.0,"key":"PowerPotion"},{"floor":24.0,"key":"DistilledChaos"},{"floor":29.0,"key":"SteroidPotion"},{"floor":33.0,"key":"DuplicationPotion"},{"floor":38.0,"key":"Fruit Juice"},{"floor":42.0,"key":"SkillPotion"},{"floor":44.0,"key":"Slimebound:SlimyTonguePotion"},{"floor":45.0,"key":"FearPotion"},{"floor":48.0,"key":"LiquidMemories"},{"floor":54.0,"key":"GamblersBrew"}],"is_trial":false,"path_per_floor":["M","$","?","M","?","E","R","M","T","E","$","R","?","$","R","B",null,"M","?","M","?","M","R","E","$","T","?","R","E","$","E","R","B",null,"M","M","M","M","$","E","R","E","T","E","M","?","$","E","R","B",null,"R","$","E","B",null],"character_chosen":"SLIMEBOUND","items_purchased":["Toxic Egg 2","Slimebound:RejuvenatingLick+1","Slimebound:SlimeSpikes+1","Slimebound:SamplingLick+1","Dexterity Potion"],"campfire_rested":0,"item_purchase_floors":[0,0,0,2,39],"current_hp_per_floor":[64,64,64,68,68,63,63,67,77,71,71,71,64,64,64,76,78,66,66,72,72,78,78,78,78,78,78,78,73,73,78,78,78,78,78,78,78,71,71,49,49,71,71,63,69,69,69,83,83,83,83,83,83,83,83],"gold":68,"neow_bonus":"","is_daily":false,"chose_seed":false,"campfire_upgraded":8,"win_rate":0.0,"timestamp":1609015841,"path_taken":["M","?","?","M","?","E","R","?","T","E","$","R","?","$","R","BOSS","M","?","?","?","M","R","E","$","T","?","R","E","$","E","R","BOSS","M","M","M","M","$","E","R","E","T","E","M","?","$","E","R","BOSS","R","$","E","BOSS"],"items_purchased_type":["Relic","Card","Card","Card","Potion"],"build_version":"2020-12-22","purchased_purges":3,"victory":true,"max_hp_per_floor":[68,68,68,68,68,68,68,68,78,78,78,78,78,78,78,78,78,78,78,78,78,78,78,78,78,78,78,78,78,78,78,78,78,78,78,78,78,83,83,83,83,83,83,83,83,83,83,83,83,83,83,83,83,83,83],"relic_stats":{"counters":[160,718],"Shuriken":[15],"Pantograph":14,"PreservedInsect":783,"Pen Nib":[4],"Bag of Preparation":[28],"Whetstone":["Slimebound:Strike_Slimebound","Slimebound:Strike_Slimebound"],"Ginger":[2],"obtain_stats":[{"Ice Cream":41,"Calipers":0,"Gremlin Horn":9,"Nilry\u0027s Codex":20,"CeramicFish":31,"Spirit Poop":29,"Vajra":44,"Whetstone":26,"Ginger":54,"Bottled Tornado":8,"Sling":0,"Boot":54,"Old Coin":48,"Blood Vial":30,"Sozu":34,"HornCleat":0,"Sundial":0,"Philosopher\u0027s Stone":34,"MealTicket":24,"Kunai":39,"Toxic Egg 2":0,"Slimebound:AggressiveSlimeRelic":12,"Pear":29,"Happy Flower":54,"Blue Candle":9,"Oddly Smooth Stone":43,"Eternal Feather":45,"Pen Nib":40,"Guardian:PocketSentry":23,"War Paint":37,"Question Card":26,"Akabeko":26,"Slimebound:TarBlob":17,"SlaversCollar":34,"Shuriken":53,"Bronze Scales":41,"Bird Faced Urn":0,"Molten Egg 2":7,"Black Star":17,"StrikeDummy":26,"Slimebound:SlimedTailRelic":47,"Slimebound:SlimedSkullRelic":6,"Lantern":43,"StoneCalendar":11,"Mango":0,"Bag of Preparation":20,"Incense Burner":0,"Smiling Mask":42,"Empty Cage":17,"Ancient Tea Set":20,"Nunchaku":54,"Slimebound:MaxSlimesRelic":53,"Matryoshka":25,"Shovel":29,"Mummified Hand":53,"Gambling Chip":21,"Pantograph":10,"Tiny Chest":0,"Potion Belt":31,"Golden Idol":4,"PreservedInsect":7,"The Courier":43,"Omamori":21,"Slimebound:PotencyRelic":0,"Mercury Hourglass":30,"Slimebound:GreedOozeRelic":10,"Anchor":24,"CaptainsWheel":36,"Turnip":30,"Slimebound:AbsorbEndCombat":0,"Bag of Marbles":25,"Coffee Dripper":17,"Art of War":29,"Membership Card":37,"Bottled Lightning":47,"hexamod:BolsterEngine":0,"Slimebound:AbsorbEndCombatUpgraded":17,"Toy Ornithopter":40,"TungstenRod":27},{"Ice Cream":130,"Calipers":83,"Gremlin Horn":31,"Nilry\u0027s Codex":121,"CeramicFish":125,"Spirit Poop":13,"Vajra":155,"Whetstone":38,"Ginger":159,"Bottled Tornado":59,"Sling":83,"Boot":110,"Old Coin":80,"Blood Vial":100,"Sozu":126,"HornCleat":54,"Sundial":83,"Philosopher\u0027s Stone":16,"MealTicket":37,"Kunai":129,"Toxic Egg 2":54,"Slimebound:AggressiveSlimeRelic":89,"Pear":70,"Happy Flower":26,"Blue Candle":4,"Oddly Smooth Stone":47,"Eternal Feather":24,"Pen Nib":153,"Guardian:PocketSentry":67,"War Paint":44,"Question Card":12,"Akabeko":97,"Slimebound:TarBlob":141,"SlaversCollar":73,"Shuriken":109,"Bronze Scales":47,"Bird Faced Urn":54,"Molten Egg 2":3,"Black Star":92,"StrikeDummy":68,"Slimebound:SlimedTailRelic":80,"Slimebound:SlimedSkullRelic":138,"Lantern":154,"StoneCalendar":89,"Mango":135,"Bag of Preparation":9,"Incense Burner":111,"Smiling Mask":23,"Empty Cage":63,"Ancient Tea Set":65,"Nunchaku":53,"Slimebound:MaxSlimesRelic":52,"Matryoshka":68,"Shovel":124,"Mummified Hand":81,"Gambling Chip":65,"Pantograph":140,"Tiny Chest":111,"Potion Belt":41,"Golden Idol":1,"PreservedInsect":31,"The Courier":77,"Omamori":9,"Slimebound:PotencyRelic":27,"Mercury Hourglass":100,"Slimebound:GreedOozeRelic":4,"Anchor":37,"CaptainsWheel":128,"Turnip":14,"Slimebound:AbsorbEndCombat":0,"Bag of Marbles":12,"Coffee Dripper":35,"Art of War":40,"Membership Card":44,"Bottled Lightning":107,"hexamod:BolsterEngine":27,"Slimebound:AbsorbEndCombatUpgraded":7,"Toy Ornithopter":22,"TungstenRod":98},{"Ice Cream":593,"Calipers":399,"Gremlin Horn":195,"Nilry\u0027s Codex":551,"CeramicFish":569,"Spirit Poop":74,"Vajra":697,"Whetstone":221,"Ginger":712,"Bottled Tornado":317,"Sling":399,"Boot":510,"Old Coin":384,"Blood Vial":456,"Sozu":578,"HornCleat":297,"Sundial":399,"Philosopher\u0027s Stone":99,"MealTicket":217,"Kunai":586,"Toxic Egg 2":297,"Slimebound:AggressiveSlimeRelic":416,"Pear":352,"Happy Flower":173,"Blue Candle":22,"Oddly Smooth Stone":261,"Eternal Feather":153,"Pen Nib":689,"Guardian:PocketSentry":344,"War Paint":248,"Question Card":71,"Akabeko":446,"Slimebound:TarBlob":642,"SlaversCollar":362,"Shuriken":504,"Bronze Scales":261,"Bird Faced Urn":297,"Molten Egg 2":17,"Black Star":425,"StrikeDummy":346,"Slimebound:SlimedTailRelic":384,"Slimebound:SlimedSkullRelic":632,"Lantern":694,"StoneCalendar":416,"Mango":622,"Bag of Preparation":51,"Incense Burner":516,"Smiling Mask":145,"Empty Cage":330,"Ancient Tea Set":337,"Nunchaku":295,"Slimebound:MaxSlimesRelic":289,"Matryoshka":346,"Shovel":564,"Mummified Hand":389,"Gambling Chip":337,"Pantograph":639,"Tiny Chest":516,"Potion Belt":232,"Golden Idol":5,"PreservedInsect":195,"The Courier":376,"Omamori":51,"Slimebound:PotencyRelic":184,"Mercury Hourglass":456,"Slimebound:GreedOozeRelic":22,"Anchor":217,"CaptainsWheel":583,"Turnip":81,"Slimebound:AbsorbEndCombat":0,"Bag of Marbles":71,"Coffee Dripper":211,"Art of War":229,"Membership Card":248,"Bottled Lightning":486,"hexamod:BolsterEngine":184,"Slimebound:AbsorbEndCombatUpgraded":39,"Toy Ornithopter":137,"TungstenRod":449}]},"card_choices":[{"not_picked":["Slimebound:AcidTongue","Slimebound:Schlurp+1"],"picked":"Slimebound:SplitMire+1","floor":1.0},{"not_picked":["Slimebound:SplitLeeching+1","Slimebound:Schlurp+1"],"picked":"Slimebound:SamplingLick+1","floor":4.0},{"not_picked":["Slimebound:LeechingTouch","Slimebound:ProtectTheBoss"],"picked":"Slimebound:Replication+1","floor":6.0},{"not_picked":["Slimebound:ProtectTheBoss","Slimebound:GoopSpray+1"],"picked":"Slimebound:FormOfPuddle+1","floor":8.0},{"not_picked":["Slimebound:SplitBruiser+1","Slimebound:PressTheAttack"],"picked":"Slimebound:SplitMire+1","floor":10.0},{"not_picked":["Slimebound:SlimeSlap","Slimebound:RallyTheTroops"],"picked":"Slimebound:DouseInSlime+1","floor":16.0},{"not_picked":["Slimebound:FinishingTackle","Slimebound:SlimeBarrage"],"picked":"Slimebound:HauntingLick+1","floor":18.0},{"not_picked":["Slimebound:ViciousTackle","Slimebound:ComboTackle"],"picked":"Slimebound:Repurpose+1","floor":20.0},{"not_picked":["Slimebound:ViciousTackle","Slimebound:SamplingLick+1"],"picked":"Slimebound:TongueLash","floor":22.0},{"not_picked":["Slimebound:SplitLeeching+1","Slimebound:ProtectTheBoss"],"picked":"Slimebound:HauntingLick+1","floor":24.0},{"not_picked":["Slimebound:Replication+1","Slimebound:PressTheAttack"],"picked":"Slimebound:SlimeSpikes+1","floor":29.0},{"not_picked":["Slimebound:SplitBruiser+1","Slimebound:Repurpose+1"],"picked":"Slimebound:LeadByExample","floor":31.0},{"not_picked":["Slimebound:Recycling","Slimebound:OozeBath+1"],"picked":"Slimebound:WasteNot+1","floor":33.0},{"not_picked":["Slimebound:SplitMire+1","Slimebound:RainOfGoop+1"],"picked":"Slimebound:LeechingTouch","floor":35.0},{"not_picked":["Slimebound:SplitMire+1","Slimebound:ComboTackle+1","Slimebound:Chomp"],"picked":"SKIP","floor":36.0},{"not_picked":["Slimebound:ViciousTackle+1","Slimebound:HungryTackle"],"picked":"Slimebound:LeechingTouch","floor":37.0},{"not_picked":["Slimebound:SplitLeeching+1","Slimebound:DisruptingSlam+1"],"picked":"Slimebound:RainOfGoop+1","floor":38.0},{"not_picked":["Slimebound:LeadByExample","Slimebound:HungryTackle","Slimebound:SplitBruiser+1"],"picked":"SKIP","floor":40.0},{"not_picked":["Slimebound:SplitBruiser+1","Slimebound:ComboTackle"],"picked":"Slimebound:SpikyOuterGoop","floor":42.0},{"not_picked":["Slimebound:Replication+1","Slimebound:AcidTongue"],"picked":"Slimebound:SlimeTap+1","floor":44.0},{"not_picked":["Slimebound:Grow","Slimebound:Schlurp+1"],"picked":"Slimebound:LeechEnergy","floor":45.0},{"not_picked":["Slimebound:Repurpose+1","Slimebound:SplitAcid+1"],"picked":"Slimebound:MegaLick+1","floor":48.0},{"not_picked":["Slimebound:GrowthPunch","Slimebound:RallyTheTroops"],"picked":"Slimebound:Grow+1","floor":54.0}],"player_experience":794019,"relics_obtained":[{"floor":6.0,"key":"Slimebound:SlimedSkullRelic"},{"floor":9.0,"key":"Pear"},{"floor":10.0,"key":"Pantograph"},{"floor":24.0,"key":"Shuriken"},{"floor":29.0,"key":"Bag of Preparation"},{"floor":31.0,"key":"Bottled Lightning"},{"floor":40.0,"key":"Pen Nib"},{"floor":42.0,"key":"Whetstone"},{"floor":43.0,"key":"Lantern"},{"floor":44.0,"key":"Vajra"},{"floor":48.0,"key":"Ancient Tea Set"},{"floor":54.0,"key":"Ginger"}],"event_choices":[{"cards_removed":["Slimebound:Defend_Slimebound"],"damage_healed":0.0,"max_hp_gain":0.0,"max_hp_loss":0.0,"gold_gain":0.0,"event_name":"Living Wall","player_choice":"Forget","floor":3.0,"gold_loss":0.0,"damage_taken":0.0},{"damage_healed":0.0,"max_hp_gain":0.0,"max_hp_loss":0.0,"gold_gain":50.0,"event_name":"FaceTrader","player_choice":"Touch","floor":13.0,"gold_loss":0.0,"damage_taken":7.0},{"damage_healed":0.0,"max_hp_gain":0.0,"max_hp_loss":0.0,"gold_gain":0.0,"cards_transformed":["Slimebound:Strike_Slimebound"],"event_name":"Transmorgrifier","player_choice":"Transformed","floor":19.0,"gold_loss":0.0,"damage_taken":0.0,"cards_obtained":["Slimebound:MegaLick"]},{"cards_removed":["Slimebound:Defend_Slimebound"],"damage_healed":0.0,"max_hp_gain":0.0,"max_hp_loss":0.0,"gold_gain":0.0,"event_name":"Beggar","player_choice":"Gave Gold","floor":21.0,"gold_loss":75.0,"damage_taken":0.0},{"damage_healed":0.0,"max_hp_gain":0.0,"max_hp_loss":0.0,"gold_gain":0.0,"event_name":"Addict","player_choice":"Stole Relic","floor":27.0,"gold_loss":0.0,"damage_taken":0.0,"relics_obtained":["PreservedInsect"],"cards_obtained":["Shame"]},{"damage_healed":0.0,"max_hp_gain":0.0,"max_hp_loss":0.0,"gold_gain":0.0,"event_name":"Wheel of Change","player_choice":"Cursed","floor":46.0,"gold_loss":0.0,"damage_taken":0.0,"cards_obtained":["Decay"]}],"is_beta":false,"boss_relics":[{"not_picked":["SacredBark","SlaversCollar"],"picked":"Slimebound:TarBlob"},{"not_picked":["Velvet Choker","Sozu"],"picked":"Philosopher\u0027s Stone"}],"items_purged_floors":[2,39,47],"is_endless":false,"potions_floor_spawned":[6,10,16,20,24,29,33,38,42,44,45,48,54],"ascension_level":15}}