{"host":"bbld1ic1uj90ldt9","time":1609003131,"event":{"mods":["2.2 Compatiblity","AchievementEnabler","Act Like it!","BaseMod","Better Third Choice","Conspire","Downfall","Emptier Cage","Gensokyo","Hallownest","Hermit","Highlight Path","Hubris","Marisa????????","Minty Spire (QoL Compilation)","Random Character Button","Replay The Spire","StSLib","The Animator","The Bug Knight","The Cursed","The Disciple","The Hierophant","The Jungle","The Runesmith","The Servant 0.9.4"],"gold_per_floor":[112,112,72,91,105,130,130,141,166,201,201,236,186,197,197,197,197],"floor_reached":16,"playtime":1436,"items_purged":[],"score":168,"play_id":"0602c653-f056-489f-b184-6740c1c733a1","local_time":"20201226181851","is_ascension_mode":true,"campfire_choices":[{"floor":7,"key":"REST"},{"floor":11,"key":"REST"},{"floor":15,"key":"REST"}],"circlet_count":0,"master_deck":["Strike_S","Strike_S","Strike_S","Defend_S","Defend_S","Defend_S","Defend_S","KidneyShot","Exchange","FastForward","Moondial","Contraction","Alleviate","Rewind","SpecialFormula","Starlight","Rewind"],"relics":["Uniform","hubris:Towel","Blood Vial","Art of War","Strawberry","ReplayTheSpireMod:Ninjato"],"acts_visited":["Exordium"],"potions_floor_usage":[6,8,10,10,12,16],"damage_taken":[{"damage":6.0,"enemies":"2 Louse","floor":1.0,"turns":3.0},{"damage":2.0,"enemies":"Cultist","floor":4.0,"turns":4.0},{"damage":5.0,"enemies":"Small Slimes","floor":5.0,"turns":3.0},{"damage":6,"enemies":"Lagavulin","floor":6,"turns":15},{"damage":3,"enemies":"Blue Slaver","floor":8,"turns":6},{"damage":51,"enemies":"Gremlin Nob","floor":10,"turns":5},{"damage":16,"enemies":"3 Sentries","floor":12,"turns":12},{"damage":0,"enemies":"3 Louse","floor":14,"turns":2},{"damage":71,"enemies":"Hexaghost","floor":16,"turns":18}],"seed_played":"-6828104097381179672","potions_obtained":[{"floor":3.0,"key":"EssenceOfSteel"},{"floor":3.0,"key":"ColorlessPotion"},{"floor":3.0,"key":"Ancient Potion"},{"floor":5.0,"key":"SkillPotion"},{"floor":6,"key":"Languid Potion"},{"floor":8,"key":"champ:CounterPotion"},{"floor":10,"key":"SpeedPotion"}],"is_trial":false,"path_per_floor":["M","?","?","M","M","E","R","M","T","E","R","E","?","M","R","B"],"character_chosen":"THE_SERVANT","items_purchased":[],"campfire_rested":3,"item_purchase_floors":[],"current_hp_per_floor":[59,59,59,57,52,46,67,66,66,24,47,38,38,40,63,0,0],"gold":197,"neow_bonus":"TEN_PERCENT_HP_BONUS","is_daily":false,"chose_seed":false,"campfire_upgraded":0,"win_rate":0.0,"timestamp":1609003131,"path_taken":["M","?","?","?","M","E","R","M","T","E","R","E","?","M","R","BOSS"],"items_purchased_type":[],"build_version":"2020-12-22","purchased_purges":0,"victory":false,"max_hp_per_floor":[71,71,71,71,71,71,71,71,71,78,78,78,78,78,78,78,78],"card_choices":[{"not_picked":["Rearm","BottledTime"],"picked":"FastForward","floor":1.0},{"not_picked":["TimeWarp","Shuttle"],"picked":"Moondial","floor":4.0},{"not_picked":["Replace","Defy"],"picked":"Contraction","floor":5.0},{"not_picked":["Starlight","Misdirection"],"picked":"Alleviate","floor":6},{"not_picked":["Comet","Rearm"],"picked":"Rewind","floor":8},{"not_picked":["Moonlight","BottledTime"],"picked":"SpecialFormula","floor":10},{"not_picked":["DoubleEdge","BottledTime"],"picked":"Starlight","floor":12},{"not_picked":["Defy","Unruled"],"picked":"Rewind","floor":14}],"player_experience":2174327,"relics_obtained":[{"floor":6,"key":"Blood Vial"},{"floor":9,"key":"Art of War"},{"floor":10,"key":"Strawberry"},{"floor":12,"key":"ReplayTheSpireMod:Ninjato"}],"event_choices":[{"damage_healed":0.0,"max_hp_gain":0.0,"max_hp_loss":0.0,"gold_gain":0.0,"event_name":"The Woman in Blue","player_choice":"Bought 3 Potions","floor":3.0,"gold_loss":0.0,"damage_taken":0.0},{"cards_removed":["Strike_S"],"damage_healed":0,"gold_gain":0,"player_choice":"Card Removal","damage_taken":0,"max_hp_gain":0,"max_hp_loss":0,"event_name":"The Cleric","floor":13,"gold_loss":50}],"is_beta":false,"boss_relics":[],"items_purged_floors":[],"is_endless":false,"potions_floor_spawned":[5,6,8,10],"killed_by":"Hexaghost","ascension_level":8}}