{"host":"p9ipwvgp8zk1gu4u","time":1609010603,"event":{"mods":["Act Like it!","BaseMod","BetterRewards","Block Reminder","Colored Map","Colored Powertips","DeckTracker","Downfall","Gensokyo","Gold Saver","Hermit","Marisa????????","Minty Spire (QoL Compilation)","Nova Terra(??·??)","Relic Filter","Replay The Spire","StSLib","The Alterego","The Bladedancer","The Hierophant","The Servant 0.9.4","TheSwordswoman","Yakumo Yukari mod","Yuri Mod"],"gold_per_floor":[1034,1051,1063,1063,1080,1114,1130,1155,1155,1188,1198,702,717,743,743,839,839,852,866,251,269,249,278,278,305,329,329,329],"floor_reached":27,"playtime":1788,"items_purged":["Barrage","Sweeping Beam"],"score":326,"play_id":"e413304e-38c0-49c0-9614-03e6367b1642","local_time":"20201226142323","is_ascension_mode":true,"campfire_choices":[{"floor":15,"key":"REST"},{"data":"Scrape","floor":24,"key":"SMITH"}],"circlet_count":0,"master_deck":["Strike_B","Strike_B","Strike_B","Strike_B","Defend_B","Defend_B","Defend_B","Defend_B","Zap","Dualcast","Gash","Scrape+1","BootSequence","FTL","Ball Lightning","Gash+1","Reboot+1","Go for the Eyes","Scrape","Hyperbeam+1","Stack+1","ReplayGash+1","BootSequence+1","White Noise+1","BootSequence","Steam Power"],"relics":["Cracked Core","Sundial","Darkstone Periapt","Orichalcum","Bag of Marbles","Golden Egg","Juzu Bracelet","Nuclear Battery","Vajra","Matryoshka","Question Card","Quantum Egg","Oddly Smooth Stone","Smiling Mask"],"acts_visited":["Exordium","TheCity"],"potions_floor_usage":[16,16,16,25],"damage_taken":[{"damage":0,"enemies":"Cultist","floor":1,"turns":4},{"damage":0,"enemies":"Small Slimes","floor":2,"turns":3},{"damage":1,"enemies":"2 Louse","floor":3,"turns":3},{"damage":0,"enemies":"Looter","floor":5,"turns":3},{"damage":24,"enemies":"3 Sentries","floor":6,"turns":7},{"damage":8,"enemies":"Red Slaver","floor":7,"turns":4},{"damage":24,"enemies":"Gremlin Nob","floor":8,"turns":4},{"damage":14,"enemies":"Replay:BlueRogue","floor":10,"turns":5},{"damage":0,"enemies":"3 Louse","floor":11,"turns":2},{"damage":0,"enemies":"2 Fungi Beasts","floor":13,"turns":3},{"damage":0,"enemies":"Gremlin Nob","floor":14,"turns":3},{"damage":1,"enemies":"Hexaghost","floor":16,"turns":7},{"damage":1,"enemies":"2 Thieves","floor":18,"turns":3},{"damage":0,"enemies":"Chosen","floor":19,"turns":3},{"damage":2,"enemies":"Centurion and Healer","floor":21,"turns":3},{"damage":1,"enemies":"Slavers","floor":23,"turns":3},{"damage":50,"enemies":"Book of Stabbing","floor":25,"turns":6},{"damage":27,"enemies":"Gremlin Leader","floor":27,"turns":5}],"seed_played":"7679522476139629782","potions_obtained":[{"floor":2,"key":"Swift Potion"},{"floor":6,"key":"ColorlessPotion"},{"floor":10,"key":"Energy Potion"},{"floor":11,"key":"ColorlessPotion"},{"floor":13,"key":"Weak Potion"},{"floor":21,"key":"Guardian:BlockOnCardUsePotion"},{"floor":22,"key":"Death Potion"},{"floor":23,"key":"Elixir"}],"is_trial":false,"path_per_floor":["M","M","M","?","M","E","M","E","T","E","M","$","M","E","R","B",null,"M","M","$","M","?","E","R","E","T","E"],"character_chosen":"DEFECT","items_purchased":["Golden Egg","Gash","Reboot","Vajra","ReplayGash","BootSequence","Matryoshka"],"campfire_rested":1,"item_purchase_floors":[12,12,12,20,20,20,20],"current_hp_per_floor":[75,75,74,74,74,50,42,18,18,4,4,4,4,4,26,25,75,74,74,74,72,72,71,71,21,21,0,0],"gold":329,"neow_bonus":"HUNDRED_GOLD","is_daily":false,"chose_seed":false,"campfire_upgraded":1,"win_rate":0.0,"timestamp":1609010603,"path_taken":["M","M","?","?","M","E","M","E","T","E","?","$","M","E","R","BOSS","M","M","$","M","?","E","R","E","T","E"],"items_purchased_type":["Relic","Card","Card","Relic","Card","Card","Relic"],"build_version":"2020-12-22","purchased_purges":2,"victory":false,"max_hp_per_floor":[75,75,75,75,75,75,75,75,75,75,75,75,75,75,75,75,75,75,75,75,75,75,75,75,75,75,75,75],"card_choices":[{"not_picked":["Loop","Rebound"],"picked":"Gash","floor":1},{"not_picked":["Compile Driver","ReplayTheSpireMod:Repulse"],"picked":"Barrage","floor":2},{"not_picked":["ReplayRNGCard","Compile Driver"],"picked":"Scrape","floor":3},{"not_picked":["Barrage","ReplayTheSpireMod:System Scan"],"picked":"BootSequence","floor":5},{"not_picked":["Hologram","Turbo"],"picked":"Sweeping Beam","floor":6},{"not_picked":["BasicCrystalCard","Stack","Self Repair"],"picked":"SKIP","floor":7},{"not_picked":["Coolheaded","Tempest","Core Surge"],"picked":"SKIP","floor":8},{"not_picked":["ReplayTheSpireMod:System Scan","Tempest"],"picked":"FTL","floor":10},{"not_picked":["Coolheaded","Stack"],"picked":"Ball Lightning","floor":11},{"not_picked":["Leap","Reprogram"],"picked":"Go for the Eyes","floor":13},{"not_picked":["Hologram","Reboot"],"picked":"Scrape","floor":14},{"not_picked":["Thunder Strike","ReplayRNGCard"],"picked":"Hyperbeam","floor":16},{"not_picked":["ReplayTheSpireMod:GoodbyeWorld","Ball Lightning"],"picked":"Stack+1","floor":18},{"not_picked":["Recycle","FIFO Queue+1","Ball Lightning"],"picked":"SKIP","floor":19},{"not_picked":["Consume","Turbo"],"picked":"White Noise+1","floor":21},{"not_picked":["Steam","ReplayTheSpireMod:System Scan"],"picked":"BootSequence","floor":23},{"not_picked":["Doom and Gloom","Chill","Fusion"],"picked":"Steam Power","floor":25}],"player_experience":311840,"relics_obtained":[{"floor":6,"key":"Sundial"},{"floor":8,"key":"Darkstone Periapt"},{"floor":9,"key":"Orichalcum"},{"floor":10,"key":"Bag of Marbles"},{"floor":14,"key":"Juzu Bracelet"},{"floor":23,"key":"Question Card"},{"floor":25,"key":"Quantum Egg"},{"floor":26,"key":"Oddly Smooth Stone"},{"floor":26,"key":"Smiling Mask"}],"event_choices":[{"damage_healed":0,"gold_gain":0,"player_choice":"Ignored","damage_taken":0,"max_hp_gain":0,"max_hp_loss":0,"event_name":"Purifier","floor":4,"gold_loss":0},{"damage_healed":0,"gold_gain":0,"player_choice":"Bought 1 Potion","damage_taken":0,"max_hp_gain":0,"max_hp_loss":0,"event_name":"The Woman in Blue","floor":22,"gold_loss":0}],"is_beta":false,"boss_relics":[{"not_picked":["Replay:Ancient Bell","Empty Cage"],"picked":"Nuclear Battery"}],"items_purged_floors":[12,20],"is_endless":false,"potions_floor_spawned":[2,6,10,11,13,21,23],"killed_by":"Gremlin Leader","ascension_level":1}}