{"host":"wjjo3y19ggvj12sc","time":1609019930,"event":{"mods":["AchievementEnabler","Ascension Reborn","Ascension Unlocker","Bard","BaseMod","Beaked The Cultist","BetterRewards","Conspire","Downfall","Duelist Mod","GifTheSpireLib","Googly Eyes","Gremlin Mod","Hermit","Hubris","Infinite Spire","Jorbs\u0027s Wanderer Trilogy","Mad Scientist","Marisa????????","Minty Spire (QoL Compilation)","Random Character Button","Random Character Mod","Relic Sorter","Relic Stats","Remilia??????","Replay The Spire","Spicy Shops","StSLib","Td1madao Mod","The Bladedancer","The Bug Knight","The Construct","The Cursed","The Disciple","The Gatherer","The Hierophant","The Mystic","The Necromancer","The Poker Player","The Runesmith","The Servant 0.9.4"],"gold_per_floor":[109,109,119,119,136,136,161,161,188,205,252,252,24,39,39,140,140,158,44,44,44],"floor_reached":20,"playtime":1771,"items_purged":[],"score":197,"play_id":"e8b5ab1f-f391-4831-b03a-235237df9ec9","local_time":"20201226165850","is_ascension_mode":true,"campfire_choices":[{"data":"beaked:Ceremony","floor":6,"key":"SMITH"},{"data":"beaked:Ceremony","floor":8,"key":"SMITH"},{"data":"beaked:BloodRitual","floor":12,"key":"SMITH"},{"data":"beaked:SurvivalInstinct","floor":15,"key":"SMITH"}],"circlet_count":1,"master_deck":["beaked:Strike_Y","beaked:Strike_Y","beaked:Strike_Y","beaked:Strike_Y","beaked:Strike_Y","beaked:Strike_Y","beaked:Defend_Y","beaked:Defend_Y","beaked:Defend_Y","beaked:Defend_Y","beaked:Ceremony+1","beaked:Ceremony+1","beaked:Ceremony+1","sneckomod:Unknown","Slimebound:Strike_Slimebound","beaked:Insight","beaked:SurvivalInstinct+1","beaked:Evade","beaked:MimicWarrior","beaked:BloodRitual+1","ReplayTheSpireMod:Splinters","beaked:DigDeep","beaked:Insight","beaked:Foresight","beaked:KnowThyFoe","ReplayTheSpireMod:Prepare the Ceremony","Magnetism","beaked:TuckingFeathers"],"relics":["beaked:MendingPlumage","Simple Rune","ReplayTheSpireMod:Ring of Exchange","ReplayTheSpireMod:Ring of Addiction","hubris:EmptyBottle","Circlet","Lantern","StoneCalendar","Akabeko","HollowMod:LifeEnderRelic","Strange Spoon","Pen Nib","Membership Card"],"acts_visited":["Exordium","TheCity"],"potions_floor_usage":[14,20],"damage_taken":[{"damage":8,"enemies":"Jaw Worm","floor":1,"turns":5},{"damage":7,"enemies":"conspire:RoseBush","floor":3,"turns":5},{"damage":9,"enemies":"Cultist","floor":5,"turns":5},{"damage":27,"enemies":"HollowMod:MossKnight","floor":7,"turns":7},{"damage":22,"enemies":"2 Fungi Beasts","floor":10,"turns":5},{"damage":23,"enemies":"Exordium Thugs","floor":14,"turns":5},{"damage":71,"enemies":"Fading Forest","floor":16,"turns":11},{"damage":63,"enemies":"3 Byrds","floor":18,"turns":6},{"damage":55,"enemies":"Sentry and Sphere","floor":20,"turns":6}],"seed_played":"6721346608709259775","potions_obtained":[{"floor":3,"key":"FearPotion"},{"floor":4,"key":"AttackPotion"}],"is_trial":false,"path_per_floor":["M","?","M","?","M","R","E","R","T","M","?","R","$","M","R","B",null,"M","$","M"],"character_chosen":"BEAKED_THE_CULTIST","items_purchased":["Strange Spoon","beaked:Insight","beaked:Foresight","Magnetism","beaked:TuckingFeathers"],"campfire_rested":0,"item_purchase_floors":[13,13,13,19,19],"current_hp_per_floor":[60,60,60,60,56,56,47,47,47,41,41,41,41,51,51,57,57,21,21,0,0],"gold":44,"neow_bonus":"TWENTY_PERCENT_HP_BONUS","is_daily":false,"chose_seed":false,"campfire_upgraded":4,"win_rate":0.0,"timestamp":1609019930,"path_taken":["M","?","M","?","M","R","E","R","T","M","?","R","$","M","R","BOSS","M","$","?"],"items_purchased_type":["Relic","Card","Card","Card","Card"],"build_version":"2020-12-22","purchased_purges":0,"victory":false,"max_hp_per_floor":[60,60,60,60,60,60,60,58,58,58,56,56,56,57,57,57,57,55,55,55,55],"relic_stats":{"Strange Spoon":[7],"counters":[9,55],"StoneCalendar":[104],"Pen Nib":[2],"obtain_stats":[{"ReplayTheSpireMod:Ring of Exchange":4,"Lantern":5,"HollowMod:LifeEnderRelic":11,"ReplayTheSpireMod:Ring of Addiction":4,"Circlet":4,"StoneCalendar":7,"Pen Nib":14,"hubris:EmptyBottle":4,"Akabeko":9,"Strange Spoon":13,"Simple Rune":3,"Membership Card":17,"beaked:MendingPlumage":0},{"ReplayTheSpireMod:Ring of Exchange":2,"Lantern":3,"HollowMod:LifeEnderRelic":5,"ReplayTheSpireMod:Ring of Addiction":2,"Circlet":2,"StoneCalendar":4,"Pen Nib":6,"hubris:EmptyBottle":2,"Akabeko":4,"Strange Spoon":5,"Simple Rune":2,"Membership Card":7,"beaked:MendingPlumage":0},{"ReplayTheSpireMod:Ring of Exchange":10,"Lantern":15,"HollowMod:LifeEnderRelic":27,"ReplayTheSpireMod:Ring of Addiction":10,"Circlet":10,"StoneCalendar":22,"Pen Nib":32,"hubris:EmptyBottle":10,"Akabeko":22,"Strange Spoon":27,"Simple Rune":10,"Membership Card":43,"beaked:MendingPlumage":0}]},"card_choices":[{"not_picked":["beaked:SurvivalInstinct","beaked:HuntressSpirit"],"picked":"beaked:Insight","floor":1},{"not_picked":["beaked:Daydream","beaked:DesperateSwing"],"picked":"beaked:SurvivalInstinct","floor":3},{"not_picked":["beaked:Poke","beaked:Redirect"],"picked":"beaked:Evade","floor":5},{"not_picked":["beaked:Tradeoff","beaked:Evade"],"picked":"beaked:MimicWarrior","floor":7},{"not_picked":["beaked:Flinch","beaked:ScreechingChant"],"picked":"beaked:BloodRitual","floor":10},{"not_picked":["beaked:Evade","beaked:BloodRitual"],"picked":"beaked:DigDeep","floor":11},{"not_picked":["beaked:CursingBlood","beaked:Foresight","beaked:Flinch"],"picked":"SKIP","floor":14},{"not_picked":["beaked:ShadowFade","beaked:DarkTribute"],"picked":"beaked:KnowThyFoe","floor":16},{"not_picked":["beaked:Evade","beaked:Poke"],"picked":"ReplayTheSpireMod:Prepare the Ceremony","floor":18}],"player_experience":374967,"relics_obtained":[{"floor":3,"key":"Simple Rune"},{"floor":4,"key":"ReplayTheSpireMod:Ring of Exchange"},{"floor":4,"key":"ReplayTheSpireMod:Ring of Addiction"},{"floor":4,"key":"hubris:EmptyBottle"},{"floor":4,"key":"Circlet"},{"floor":5,"key":"Lantern"},{"floor":7,"key":"StoneCalendar"},{"floor":9,"key":"Akabeko"},{"floor":11,"key":"HollowMod:LifeEnderRelic"},{"floor":14,"key":"Pen Nib"}],"event_choices":[],"is_beta":false,"boss_relics":[{"not_picked":["Empty Cage","conspire:RoyalGoblet"],"picked":"Membership Card"}],"items_purged_floors":[],"is_endless":false,"potions_floor_spawned":[3,5,10],"killed_by":"Sentry and Sphere","ascension_level":0}}