{"host":"8by3m8mve9y2rhh4","time":1609026315,"event":{"mods":["BaseMod","Minty Spire (QoL Compilation)","Quick Restart"],"gold_per_floor":[114,134,134,149,73,106,76,103,103,103,113,132,191,211,211,308,308,319,339,339,355,36,69,69,69,69,86,115,135,152,67,67,169,219,239,252,262,262,279,305,315,315,315,325,358,369,396,142,142,142,142,142,22,50,50,50],"floor_reached":55,"playtime":2890,"items_purged":["Blade Dance"],"score":851,"play_id":"f5bc6614-072b-436a-ae1b-88bc79d240bb","local_time":"20201226234515","is_ascension_mode":true,"campfire_choices":[{"floor":10,"key":"REST"},{"floor":15,"key":"REST"},{"floor":24,"key":"REST"},{"floor":32,"key":"RECALL"},{"data":"After Image","floor":42,"key":"SMITH"},{"floor":49,"key":"REST"},{"data":"After Image","floor":52,"key":"SMITH"}],"circlet_count":0,"master_deck":["Defend_G","Defend_G","Defend_G","Defend_G","Survivor","Neutralize","Distraction+1","Backstab","Quick Slash","Infinite Blades","Accuracy","Backflip","Dodge and Roll","Footwork","After Image+1","Adrenaline","Cloak And Dagger","Cloak And Dagger","Blade Dance+1","Accuracy","Infinite Blades","Bite+1","Bite+1","Bite+1","Bite+1","Bite+1","Terror","Blade Dance+1","After Image+1","Infinite Blades+1","Neutralize+1","Cloak And Dagger+1","Die Die Die+1","Caltrops","Caltrops+1"],"relics":["Empty Cage","Pen Nib","Letter Opener","Molten Egg 2","Ancient Tea Set","WristBlade","Gremlin Horn","Blue Candle","Oddly Smooth Stone","PreservedInsect","Tiny House","Ninja Scroll","Du-Vu Doll","Smiling Mask","Boot","HandDrill","Eternal Feather"],"acts_visited":["Exordium","TheCity","TheBeyond","TheEnding"],"potions_floor_usage":[8,28,28,33,41,50,50,55],"damage_taken":[{"damage":0,"enemies":"2 Louse","floor":1,"turns":3},{"damage":1,"enemies":"Cultist","floor":2,"turns":5},{"damage":3,"enemies":"Jaw Worm","floor":4,"turns":5},{"damage":23,"enemies":"3 Sentries","floor":6,"turns":11},{"damage":0,"enemies":"Looter","floor":7,"turns":4},{"damage":18,"enemies":"Lagavulin","floor":8,"turns":5},{"damage":1,"enemies":"Gremlin Gang","floor":11,"turns":4},{"damage":0,"enemies":"Exordium Wildlife","floor":12,"turns":4},{"damage":3,"enemies":"Lagavulin Event","floor":13,"turns":7},{"damage":7,"enemies":"2 Fungi Beasts","floor":14,"turns":4},{"damage":34,"enemies":"The Guardian","floor":16,"turns":11},{"damage":0,"enemies":"Spheric Guardian","floor":18,"turns":3},{"damage":2,"enemies":"Chosen","floor":19,"turns":3},{"damage":6,"enemies":"Snake Plant","floor":21,"turns":5},{"damage":14,"enemies":"Gremlin Leader","floor":23,"turns":5},{"damage":17,"enemies":"Cultist and Chosen","floor":27,"turns":5},{"damage":2,"enemies":"Slavers","floor":28,"turns":5},{"damage":16,"enemies":"Centurion and Healer","floor":29,"turns":2},{"damage":0,"enemies":"Sentry and Sphere","floor":30,"turns":3},{"damage":36,"enemies":"Automaton","floor":33,"turns":7},{"damage":14,"enemies":"3 Darklings","floor":35,"turns":5},{"damage":0,"enemies":"Orb Walker","floor":36,"turns":3},{"damage":23,"enemies":"Spire Growth","floor":37,"turns":3},{"damage":1,"enemies":"Maw","floor":39,"turns":5},{"damage":3,"enemies":"Reptomancer","floor":40,"turns":4},{"damage":0,"enemies":"Sphere and 2 Shapes","floor":41,"turns":5},{"damage":1,"enemies":"4 Shapes","floor":44,"turns":4},{"damage":1,"enemies":"Giant Head","floor":45,"turns":5},{"damage":8,"enemies":"Writhing Mass","floor":46,"turns":2},{"damage":39,"enemies":"Nemesis","floor":47,"turns":5},{"damage":43,"enemies":"Time Eater","floor":50,"turns":9},{"damage":21,"enemies":"Shield and Spear","floor":54,"turns":5},{"damage":97,"enemies":"The Heart","floor":55,"turns":5}],"seed_played":"-7643746827870409682","potions_obtained":[{"floor":4,"key":"Swift Potion"},{"floor":11,"key":"GamblersBrew"},{"floor":12,"key":"FairyPotion"},{"floor":18,"key":"LiquidBronze"},{"floor":30,"key":"Fire Potion"},{"floor":34,"key":"LiquidMemories"},{"floor":40,"key":"Poison Potion"},{"floor":41,"key":"GamblersBrew"},{"floor":47,"key":"Block Potion"}],"is_trial":false,"path_per_floor":["M","M","?","M","$","E","M","E","T","R","M","M","?","M","R","B",null,"M","M","?","M","$","E","R","?","T","M","E","M","M","?","R","B",null,"M","M","M","?","M","E","M","R","T","M","E","M","E","$","R","B",null,"R","$","E","B"],"character_chosen":"THE_SILENT","items_purchased":["Infinite Blades","Accuracy","Gremlin Horn","Dexterity Potion","HandDrill","Caltrops","PowerPotion"],"campfire_rested":4,"item_purchase_floors":[5,22,22,48,48,53,53],"current_hp_per_floor":[70,69,69,66,66,43,43,25,25,46,45,45,42,35,56,22,70,70,68,55,49,49,35,57,52,52,36,46,33,42,42,42,15,57,56,56,34,34,39,51,51,51,51,56,57,49,19,19,36,5,57,57,57,48,0,0],"gold":50,"neow_bonus":"BOSS_RELIC","is_daily":false,"chose_seed":false,"campfire_upgraded":2,"win_rate":0.0,"timestamp":1609026315,"path_taken":["M","M","?","M","$","E","M","E","T","R","M","?","?","M","R","BOSS","M","M","?","M","$","E","R","?","T","M","E","M","M","?","R","BOSS","M","M","M","?","M","E","M","R","T","M","E","?","E","$","R","BOSS","R","$","E","BOSS"],"items_purchased_type":["Card","Card","Relic","Potion","Relic","Card","Potion"],"build_version":"2020-12-22","purchased_purges":1,"victory":false,"max_hp_per_floor":[70,70,70,70,70,70,70,70,70,70,70,70,70,70,70,70,70,70,70,75,75,75,75,75,52,52,52,52,52,52,52,52,52,57,57,57,57,57,57,57,57,57,57,57,57,57,57,57,57,57,57,57,57,57,57,57],"card_choices":[{"not_picked":["Underhanded Strike","Sucker Punch"],"picked":"Distraction","floor":1},{"not_picked":["Acrobatics","Caltrops"],"picked":"Backstab","floor":2},{"not_picked":["Sucker Punch","Finisher"],"picked":"Quick Slash","floor":4},{"not_picked":["Acrobatics","Quick Slash"],"picked":"Accuracy","floor":6},{"not_picked":["Endless Agony","Dagger Spray"],"picked":"Backflip","floor":7},{"not_picked":["Dagger Throw","Grand Finale"],"picked":"Dodge and Roll","floor":8},{"not_picked":["Backflip","Dagger Spray+1","Bane+1"],"picked":"SKIP","floor":11},{"not_picked":["Deadly Poison","Backflip"],"picked":"Footwork","floor":12},{"not_picked":["Finisher+1","Dagger Throw+1"],"picked":"After Image","floor":13},{"not_picked":["Skewer+1","Dash+1"],"picked":"Blade Dance","floor":14},{"not_picked":["Bullet Time","Glass Knife+1"],"picked":"Adrenaline","floor":16},{"not_picked":["Dagger Spray+1","Skewer+1"],"picked":"Cloak And Dagger","floor":18},{"not_picked":["Flying Knee+1","Outmaneuver"],"picked":"Cloak And Dagger","floor":19},{"not_picked":["Quick Slash+1","Poisoned Stab+1"],"picked":"Blade Dance+1","floor":21},{"not_picked":["Predator+1","Bane+1"],"picked":"Infinite Blades","floor":23},{"not_picked":["Bane+1","Slice+1","Underhanded Strike+1"],"picked":"SKIP","floor":27},{"not_picked":["Outmaneuver","Crippling Poison","Underhanded Strike+1"],"picked":"SKIP","floor":28},{"not_picked":["Backflip","Dagger Throw+1"],"picked":"Terror","floor":29},{"not_picked":["Terror","Setup"],"picked":"Blade Dance+1","floor":30},{"not_picked":["Bullet Time","Wraith Form v2"],"picked":"After Image","floor":33},{"not_picked":["Cloak And Dagger","Deflect+1"],"picked":"Infinite Blades+1","floor":35},{"not_picked":["Noxious Fumes","Endless Agony+1","Outmaneuver+1"],"picked":"SKIP","floor":36},{"not_picked":["Leg Sweep","Dodge and Roll","Acrobatics+1"],"picked":"SKIP","floor":37},{"not_picked":["Reflex","Burst","Dagger Spray+1"],"picked":"SKIP","floor":39},{"not_picked":["Outmaneuver","Acrobatics"],"picked":"Cloak And Dagger+1","floor":40},{"not_picked":["Underhanded Strike+1","Backstab+1","PiercingWail"],"picked":"SKIP","floor":41},{"not_picked":["Riddle With Holes+1","Cloak And Dagger","Poisoned Stab+1"],"picked":"SKIP","floor":44},{"not_picked":["Deflect","Distraction+1","Well Laid Plans"],"picked":"SKIP","floor":45},{"not_picked":["Dagger Spray+1","Quick Slash+1","Dodge and Roll"],"picked":"SKIP","floor":46},{"not_picked":["Outmaneuver+1","Dagger Throw+1"],"picked":"Die Die Die+1","floor":47},{"not_picked":["Poisoned Stab+1","Bouncing Flask"],"picked":"Caltrops+1","floor":54}],"player_experience":611226,"relics_obtained":[{"floor":6,"key":"Pen Nib"},{"floor":8,"key":"Letter Opener"},{"floor":9,"key":"Molten Egg 2"},{"floor":13,"key":"Ancient Tea Set"},{"floor":23,"key":"Blue Candle"},{"floor":28,"key":"Oddly Smooth Stone"},{"floor":40,"key":"Ninja Scroll"},{"floor":43,"key":"Du-Vu Doll"},{"floor":45,"key":"Smiling Mask"},{"floor":47,"key":"Boot"},{"floor":54,"key":"Eternal Feather"}],"event_choices":[{"cards_removed":["Strike_G"],"damage_healed":0,"gold_gain":0,"player_choice":"Purged","damage_taken":0,"max_hp_gain":0,"max_hp_loss":0,"event_name":"Purifier","floor":3,"gold_loss":0},{"damage_healed":0,"gold_gain":0,"player_choice":"Searched \u00271\u0027 times","damage_taken":0,"max_hp_gain":0,"max_hp_loss":0,"event_name":"Dead Adventurer","floor":13,"gold_loss":0},{"damage_healed":0,"gold_gain":0,"player_choice":"Shed Blood","damage_taken":18,"max_hp_gain":5,"max_hp_loss":0,"event_name":"Forgotten Altar","floor":20,"gold_loss":0},{"damage_healed":0,"gold_gain":0,"player_choice":"Became a vampire","damage_taken":0,"max_hp_gain":0,"max_hp_loss":23,"event_name":"Vampires","floor":25,"gold_loss":0,"cards_obtained":["Bite","Bite","Bite","Bite","Bite"]},{"damage_healed":0,"gold_gain":0,"player_choice":"Obtained Relic","damage_taken":0,"relics_obtained":["PreservedInsect"],"max_hp_gain":0,"max_hp_loss":0,"event_name":"Addict","floor":31,"gold_loss":85},{"damage_healed":0,"gold_gain":0,"player_choice":"1 cards matched","damage_taken":0,"max_hp_gain":0,"max_hp_loss":0,"event_name":"Match and Keep!","floor":38,"gold_loss":0,"cards_obtained":["Neutralize"]}],"is_beta":false,"boss_relics":[{"not_picked":["SlaversCollar","Ectoplasm"],"picked":"WristBlade"},{"not_picked":["Astrolabe","Coffee Dripper"],"picked":"Tiny House"}],"items_purged_floors":[48],"is_endless":false,"potions_floor_spawned":[4,11,12,18,23,30,40,41,44,47],"killed_by":"The Heart","ascension_level":1}}