{"host":"nkolxg4se00n20yf","time":1609018589,"event":{"mods":["BaseMod","CatGirl Mod","Chen","Colored Map","Colored Powertips","Downfall","Friendly Minions","Infinite Spire","Kiyohime????","Marisa????????","Minty Spire (QoL Compilation)","StSLib","Td1madao Mod","The Administrix","The Cursed","The Exalted","The Hierophant","The Servant 0.9.4"],"gold_per_floor":[109,126,126,143,143,168,168,183,207,237,253,253,253,267,267,368,368,384,384,65,65,65,65,77,77,77],"floor_reached":25,"playtime":1093,"items_purged":["Regret"],"score":338,"play_id":"b178ac44-b093-4ef5-98fb-4a3b9bce4396","local_time":"20201226223629","is_ascension_mode":true,"campfire_choices":[{"floor":7.0,"key":"REST"},{"floor":12.0,"key":"REST"},{"floor":15.0,"key":"REST"},{"data":"Capacitor","floor":23,"key":"SMITH"}],"circlet_count":0,"master_deck":["AscendersBane","Strike_B","Strike_B","Strike_B","Strike_B","Defend_B","Defend_B","Defend_B","Defend_B","Zap+1","Dualcast+1","Glacier","Chaos+1","Cold Snap","Ball Lightning","Capacitor+1","Rainbow","Beam Cell","Force Field","Electrodynamics","CurseOfTheBell","Beam Cell","FTL"],"relics":["Cracked Core","Potion Belt","Oddly Smooth Stone","Bronze Scales","Nunchaku","Orichalcum","Calling Bell","MealTicket","infinitespire:SolderingIron","Ginger","HornCleat","War Paint"],"acts_visited":["Exordium","TheCity"],"potions_floor_usage":[16,18],"damage_taken":[{"damage":7.0,"enemies":"Jaw Worm","floor":1.0,"turns":3.0},{"damage":0.0,"enemies":"Cultist","floor":2.0,"turns":3.0},{"damage":0.0,"enemies":"2 Louse","floor":4.0,"turns":3.0},{"damage":25.0,"enemies":"3 Sentries","floor":6.0,"turns":9.0},{"damage":6.0,"enemies":"2 Fungi Beasts","floor":8.0,"turns":3.0},{"damage":34.0,"enemies":"Gremlin Nob","floor":10.0,"turns":4.0},{"damage":9.0,"enemies":"Exordium Thugs","floor":11.0,"turns":4.0},{"damage":10.0,"enemies":"Blue Slaver","floor":14.0,"turns":4.0},{"damage":28,"enemies":"Slime Boss","floor":16,"turns":8},{"damage":25,"enemies":"2 Thieves","floor":18,"turns":3},{"damage":12,"enemies":"Spheric Guardian","floor":24,"turns":5},{"damage":42,"enemies":"Slavers","floor":25,"turns":3}],"seed_played":"7831036106301183408","potions_obtained":[{"floor":1.0,"key":"FearPotion"},{"floor":2.0,"key":"Energy Potion"},{"floor":4.0,"key":"SkillPotion"},{"floor":11.0,"key":"SpeedPotion"},{"floor":16,"key":"FearPotion"}],"is_trial":false,"path_per_floor":["M","M","?","M","?","E","R","M","T","E","M","R","?","M","R","B",null,"M","?","$","?","?","R","M","E"],"character_chosen":"DEFECT","items_purchased":["HornCleat"],"campfire_rested":3,"item_purchase_floors":[20],"current_hp_per_floor":[61,61,61,61,61,36,58,52,52,18,9,31,31,21,43,15,60,35,35,50,50,50,50,38,0,0],"gold":77,"neow_bonus":"RANDOM_COMMON_RELIC","is_daily":false,"chose_seed":false,"campfire_upgraded":1,"win_rate":0.0,"timestamp":1609018589,"path_taken":["M","M","?","M","?","E","R","M","T","E","?","R","?","M","R","BOSS","M","?","$","?","?","R","?","E"],"items_purchased_type":["Relic"],"build_version":"2020-12-22","purchased_purges":1,"victory":false,"max_hp_per_floor":[75,75,75,75,75,75,75,75,75,75,75,75,75,75,75,75,75,75,75,75,75,75,75,75,75,75],"card_choices":[{"not_picked":["Hologram","Heatsinks"],"picked":"Glacier","floor":1.0},{"not_picked":["Steam Power","Steam"],"picked":"Chaos","floor":2.0},{"not_picked":["Compile Driver","Hologram"],"picked":"Cold Snap","floor":4.0},{"not_picked":["Rip and Tear","Auto Shields"],"picked":"Ball Lightning","floor":6.0},{"not_picked":["Reinforced Body","Go for the Eyes"],"picked":"Capacitor","floor":8.0},{"not_picked":["Redo","Gash"],"picked":"Rainbow","floor":10.0},{"not_picked":["Lockon","Coolheaded"],"picked":"Beam Cell","floor":11.0},{"not_picked":["Compile Driver","Stack"],"picked":"Force Field","floor":14.0},{"not_picked":["Meteor Strike","Reboot"],"picked":"Electrodynamics","floor":16},{"not_picked":["Turbo","Ball Lightning"],"picked":"Beam Cell","floor":18},{"not_picked":["Leap","Ball Lightning"],"picked":"FTL","floor":24}],"player_experience":1056868,"relics_obtained":[{"floor":6.0,"key":"Bronze Scales"},{"floor":9.0,"key":"Nunchaku"},{"floor":10.0,"key":"Orichalcum"},{"floor":17,"key":"MealTicket"},{"floor":17,"key":"infinitespire:SolderingIron"},{"floor":17,"key":"Ginger"}],"event_choices":[{"damage_healed":0.0,"max_hp_gain":0.0,"max_hp_loss":0.0,"gold_gain":0.0,"event_name":"Living Wall","player_choice":"Grow","floor":3.0,"gold_loss":0.0,"damage_taken":0.0,"cards_upgraded":["Chaos"]},{"damage_healed":0.0,"max_hp_gain":0.0,"max_hp_loss":0.0,"gold_gain":0.0,"event_name":"Big Fish","player_choice":"Box","floor":5.0,"gold_loss":0.0,"damage_taken":0.0,"relics_obtained":["Oddly Smooth Stone"],"cards_obtained":["Regret"]},{"damage_healed":0.0,"max_hp_gain":0.0,"max_hp_loss":0.0,"gold_gain":0.0,"event_name":"Shining Light","player_choice":"Ignored","floor":13.0,"gold_loss":0.0,"damage_taken":0.0},{"damage_healed":0,"gold_gain":0,"player_choice":"Ignored","damage_taken":0,"max_hp_gain":0,"max_hp_loss":0,"event_name":"Ghosts","floor":19,"gold_loss":0},{"damage_healed":0,"gold_gain":0,"player_choice":"Stole Relic","damage_taken":0,"relics_obtained":["War Paint"],"max_hp_gain":0,"max_hp_loss":0,"event_name":"Addict","floor":21,"gold_loss":0,"cards_obtained":["Shame"]},{"cards_removed":["Shame"],"damage_healed":0,"gold_gain":0,"player_choice":"Removed Curses","damage_taken":0,"max_hp_gain":0,"max_hp_loss":0,"event_name":"Fountain of Cleansing","floor":22,"gold_loss":0}],"is_beta":false,"boss_relics":[{"not_picked":["Velvet Choker","Busted Crown"],"picked":"Calling Bell"}],"items_purged_floors":[20],"is_endless":false,"potions_floor_spawned":[1,2,4,11,16],"killed_by":"Slavers","ascension_level":12}}