{"host":"8e3sp1tozjyrh64l","time":1609007814,"event":{"mods":["BaseMod","Better Altar","Better Match","Better Sensory Stone","Better Silent Start","Better Skull","Better Third Choice","BetterRewards","Defuse TimeMaze Blight","Infinite Spire","Minty Spire (QoL Compilation)","Permanent Neow","Rare Cards Sparkle","Relic Sorter","Replay The Spire","Shop Mod","Spicy Shops","StSLib","SuperFastMode"],"gold_per_floor":[110,110,129,145,145,145,176,188,212,212,229,229,240,268,268,366,366,379,407,88,104,119,151,161,196,196,207,207,207,234,247,247,344,344,364,382,18,30,252,252,282,282,282,295,309,338,338,355,355,453,453,453],"floor_reached":51,"playtime":1705,"items_purged":[],"score":819,"play_id":"60c2e8a7-9c25-47ac-8542-4662930e5d4f","local_time":"20201226113654","is_ascension_mode":true,"campfire_choices":[{"data":"Toxin Wave","floor":6,"key":"SMITH"},{"floor":12,"key":"REST"},{"data":"Envenom","floor":15,"key":"SMITH"},{"floor":28,"key":"REST"},{"floor":32,"key":"REST"},{"floor":40,"key":"REST"},{"floor":49,"key":"REST"}],"circlet_count":0,"master_deck":["Strike_G","Strike_G+1","Strike_G","Strike_G","Defend_G+1","Defend_G+1","Defend_G","Defend_G","Survivor","Neutralize+1","Sadistic Nature+1","Toxin Wave+1","Blade Dance","Crippling Poison","Envenom+1","Corpse Explosion","Dagger Spray+1","Accuracy","Crippling Poison+1","Blade Dance","Bane","A Thousand Cuts","Riddle With Holes+1","Noxious Fumes","Sadistic Nature+1","Caltrops+1","ReplayTheSpireMod:Scrap Shanks+1","Blade Dance+1","Terror","Parasite","Bouncing Flask","Pain"],"relics":["Ring of the Serpent","MerchantsRug","StoneCalendar","Turnip","Whetstone","Oddly Smooth Stone","Gremlin Food","infinitespire:PuzzleCube","SacredBark","Red Mask","Gremlin Horn","Anchor","Vampiric Spirits","Snack Pack","Vajra","ClockworkSouvenir","DollysMirror","Replay:Wax Seal","Pen Nib","Blue Doll","Bronze Scales","BranchBurnRelic","ReplayTheSpireMod:SealedPack"],"acts_visited":["Exordium","TheCity","TheBeyond"],"potions_floor_usage":[8,14,19,21,27,33,50,50],"damage_taken":[{"damage":0,"enemies":"2 Louse","floor":1,"turns":3},{"damage":0,"enemies":"Cultist","floor":3,"turns":3},{"damage":0,"enemies":"Small Slimes","floor":4,"turns":2},{"damage":16,"enemies":"Gremlin Nob","floor":7,"turns":4},{"damage":0,"enemies":"Gremlin Gang","floor":8,"turns":2},{"damage":0,"enemies":"2 Fungi Beasts","floor":11,"turns":2},{"damage":6,"enemies":"Exordium Thugs","floor":13,"turns":4},{"damage":0,"enemies":"3 Sentries","floor":14,"turns":5},{"damage":24,"enemies":"Fading Forest","floor":16,"turns":11},{"damage":12,"enemies":"Spheric Guardian","floor":18,"turns":5},{"damage":0,"enemies":"Masked Bandits","floor":19,"turns":2},{"damage":0,"enemies":"3 Byrds","floor":21,"turns":2},{"damage":4,"enemies":"3 Cultists","floor":22,"turns":4},{"damage":12,"enemies":"Book of Stabbing","floor":23,"turns":4},{"damage":9,"enemies":"Snake Plant","floor":24,"turns":3},{"damage":12,"enemies":"Gremlin Leader","floor":25,"turns":4},{"damage":0,"enemies":"Shelled Parasite and Fungi","floor":27,"turns":2},{"damage":27,"enemies":"Book of Stabbing","floor":30,"turns":5},{"damage":0,"enemies":"3 Cultists","floor":31,"turns":2},{"damage":24,"enemies":"Champ","floor":33,"turns":7},{"damage":6,"enemies":"3 Shapes","floor":35,"turns":4},{"damage":19,"enemies":"3 Darklings","floor":36,"turns":4},{"damage":18,"enemies":"Sphere and 2 Shapes","floor":38,"turns":5},{"damage":12,"enemies":"R_Hoarder","floor":41,"turns":6},{"damage":1,"enemies":"Transient","floor":44,"turns":5},{"damage":12,"enemies":"Spire Growth","floor":45,"turns":5},{"damage":71,"enemies":"Nightmare","floor":46,"turns":6},{"damage":3,"enemies":"Writhing Mass","floor":48,"turns":4},{"damage":105,"enemies":"Awakened One","floor":50,"turns":7}],"seed_played":"289471152770985746","potions_obtained":[{"floor":1,"key":"Block Potion"},{"floor":2,"key":"ColorlessPotion"},{"floor":2,"key":"Languid Potion"},{"floor":7,"key":"Explosive Potion"},{"floor":11,"key":"Energy Potion"},{"floor":18,"key":"AttackPotion"},{"floor":19,"key":"GamblersBrew"},{"floor":22,"key":"Ancient Potion"},{"floor":30,"key":"SneckoOil"},{"floor":31,"key":"SkillPotion"},{"floor":35,"key":"FearPotion"},{"floor":38,"key":"Venom Potion"},{"floor":45,"key":"LiquidMemories"}],"is_trial":false,"path_per_floor":["M","?","M","M","?","R","E","M","T","?","M","R","M","E","R","B",null,"M","?","$","M","M","E","M","E","T","M","R","?","E","M","R","B",null,"M","M","$","M","?","R","E","?","T","M","M","NM","AVR","M","R","B",null],"character_chosen":"THE_SILENT","items_purchased":["Sadistic Nature","Lee\u0027s Waffle","MerchantsRug","Turnip","Whetstone","Accuracy","Gremlin Horn","Vajra","ClockworkSouvenir","DollysMirror"],"campfire_rested":5,"item_purchase_floors":[0,0,0,0,0,20,20,37,37,37],"current_hp_per_floor":[77,77,77,77,77,77,61,61,61,54,54,77,71,71,71,56,77,65,65,65,65,61,49,40,28,28,35,58,58,38,43,66,59,77,73,56,56,40,40,63,61,61,61,73,65,2,2,10,33,9,9,9],"gold":453,"neow_bonus":"","is_daily":false,"chose_seed":false,"campfire_upgraded":2,"win_rate":0.0,"timestamp":1609007814,"path_taken":["M","?","?","M","?","R","E","?","T","?","M","R","M","E","R","BOSS","M","?","$","M","M","E","M","E","T","M","R","?","E","?","R","BOSS","M","M","$","M","?","R","E","?","T","M","?","NM","AVR","M","R","BOSS"],"items_purchased_type":["Card","Relic","Relic","Relic","Relic","Card","Relic","Relic","Relic","Relic"],"build_version":"2020-12-22","purchased_purges":0,"victory":false,"max_hp_per_floor":[77,77,77,77,77,77,77,77,77,77,77,77,77,77,77,77,77,77,77,77,77,77,77,77,77,77,77,77,77,77,77,77,77,77,77,77,77,77,77,77,77,77,77,77,77,77,77,77,77,77,77,77],"card_choices":[{"not_picked":["Dagger Spray","Quick Slash"],"picked":"Toxin Wave","floor":1},{"not_picked":["Prepared","PiercingWail","Flying Knee"],"picked":"SKIP","floor":3},{"not_picked":["ReplayTheSpireMod:Tripwire","Dodge and Roll"],"picked":"Blade Dance","floor":4},{"not_picked":["Hidden Blade","All Out Attack","ReplayTheSpireMod:Exploit Weakness"],"picked":"SKIP","floor":7},{"not_picked":["Heel Hook","Slice","Toxin Wave"],"picked":"SKIP","floor":8},{"not_picked":["Dagger Spray","Dodge and Roll","Acrobatics"],"picked":"SKIP","floor":11},{"not_picked":["Acrobatics","Slice"],"picked":"Crippling Poison","floor":13},{"not_picked":["Expertise","Skewer"],"picked":"Envenom","floor":14},{"not_picked":["Die Die Die","Glass Knife"],"picked":"Corpse Explosion","floor":16},{"not_picked":["Backstab","Deadly Poison"],"picked":"Dagger Spray","floor":18},{"not_picked":["Dagger Throw","Acrobatics"],"picked":"Crippling Poison+1","floor":21},{"not_picked":["Flying Knee","Slice"],"picked":"Blade Dance","floor":22},{"not_picked":["Night Terror","Setup"],"picked":"Bane","floor":23},{"not_picked":["Sucker Punch+1","Outmaneuver+1","Poisoned Stab+1"],"picked":"SKIP","floor":24},{"not_picked":["Skewer","Footwork"],"picked":"A Thousand Cuts","floor":25},{"not_picked":["Well Laid Plans","Toxin Wave"],"picked":"Riddle With Holes","floor":27},{"not_picked":["Dagger Throw+1","Poisoned Stab+1"],"picked":"Noxious Fumes","floor":30},{"not_picked":["Underhanded Strike","Deflect","Deadly Poison"],"picked":"SKIP","floor":31},{"not_picked":["Outmaneuver+1","Dagger Throw","Deadly Poison"],"picked":"SKIP","floor":35},{"not_picked":["Poisoned Stab+1","Flying Knee","Backflip"],"picked":"SKIP","floor":36},{"not_picked":["Bane","Slice"],"picked":"Caltrops","floor":38},{"not_picked":["Doppelganger","Deflect"],"picked":"ReplayTheSpireMod:Scrap Shanks+1","floor":41},{"not_picked":["Bane","Sucker Punch","Endless Agony"],"picked":"SKIP","floor":44},{"not_picked":["Eviscerate","Acrobatics"],"picked":"Blade Dance+1","floor":45},{"not_picked":["Escape Plan","Footwork"],"picked":"Terror","floor":46},{"not_picked":["Backflip","Outmaneuver+1","Bouncing Flask"],"picked":"SKIP","floor":48},{"not_picked":["Backflip","Outmaneuver+1"],"picked":"Bouncing Flask","floor":48}],"player_experience":893756,"relics_obtained":[{"floor":7,"key":"Oddly Smooth Stone"},{"floor":9,"key":"Gremlin Food"},{"floor":14,"key":"infinitespire:PuzzleCube"},{"floor":19,"key":"Red Mask"},{"floor":23,"key":"Anchor"},{"floor":25,"key":"Vampiric Spirits"},{"floor":26,"key":"Snack Pack"},{"floor":30,"key":"Pet Ghost"},{"floor":41,"key":"Replay:Wax Seal"},{"floor":43,"key":"Blue Doll"},{"floor":46,"key":"Bronze Scales"}],"event_choices":[{"damage_healed":0,"gold_gain":0,"player_choice":"Got Potions","damage_taken":0,"max_hp_gain":0,"max_hp_loss":0,"event_name":"Lab","floor":2,"gold_loss":0},{"damage_healed":0,"gold_gain":0,"player_choice":"Forge","damage_taken":0,"max_hp_gain":0,"max_hp_loss":0,"event_name":"Accursed Blacksmith","floor":5,"gold_loss":0,"cards_upgraded":["Sadistic Nature"]},{"damage_healed":0,"gold_gain":0,"player_choice":"Damaged","damage_taken":7,"max_hp_gain":0,"max_hp_loss":0,"event_name":"Wheel of Change","floor":10,"gold_loss":0},{"damage_healed":0,"gold_gain":0,"player_choice":"Fought Bandits","damage_taken":0,"max_hp_gain":0,"max_hp_loss":0,"event_name":"Masked Bandits","floor":19,"gold_loss":0},{"damage_healed":0,"gold_gain":0,"player_choice":"Ignored","damage_taken":0,"max_hp_gain":0,"max_hp_loss":0,"event_name":"NoteForYourself","floor":29,"gold_loss":0},{"damage_healed":0,"gold_gain":222,"player_choice":"Wore Mask","damage_taken":0,"max_hp_gain":0,"max_hp_loss":0,"event_name":"Tomb of Lord Red Mask","floor":39,"gold_loss":0},{"damage_healed":0,"gold_gain":0,"player_choice":"Gave Potion","damage_taken":0,"relics_obtained":["Pen Nib"],"max_hp_gain":0,"max_hp_loss":0,"event_name":"WeMeetAgain","floor":42,"gold_loss":0}],"is_beta":false,"boss_relics":[{"not_picked":["Calling Bell","Painkiller Herb"],"picked":"SacredBark"},{"not_picked":["Cursed Key","Snecko Eye"],"picked":"Ring of the Serpent"},{"not_picked":["Velvet Choker","Busted Crown"],"picked":"ReplayTheSpireMod:SealedPack"}],"items_purged_floors":[],"is_endless":true,"potions_floor_spawned":[1,7,11,18,19,22,30,31,35,38,45],"ascension_level":1}}