{"host":"po0gzr6h085cygwo","time":1609002693,"event":{"mods":["AchievementEnabler","BaseMod","Colored Map","DeckTracker","KOR Keyword Fix","Minty Spire (QoL Compilation)","Rare Cards Sparkle","Replay The Spire","StSLib","SuperFastMode"],"gold_per_floor":[118,133,145,30,43,74,74,100,100,100,134,148,148,181,181,283,283,272,272,25,39,55,80,80,110,110,110,143,8,38,38,38,143,143,163,175,175,53,71,71,100,131,154,154,165,165,215,97,97,97,97,97,59,86,86],"floor_reached":56,"playtime":3640,"items_purged":["Strike_R","ReplayTheSpireMod:Restless Dread"],"score":1242,"play_id":"b66f4951-bc70-4863-bb27-b4d54760dd2e","local_time":"20201227021133","is_ascension_mode":true,"campfire_choices":[{"data":"Infernal Blade","floor":7.0,"key":"SMITH"},{"data":"Iron Wave","floor":10.0,"key":"SMITH"},{"data":"ReplayTheSpireMod:LeadingStrike","floor":24.0,"key":"SMITH"},{"floor":27.0,"key":"DIG"},{"floor":32,"key":"DIG"},{"floor":40,"key":"RECALL"},{"floor":44,"key":"REST"},{"floor":46,"key":"REST"},{"floor":49,"key":"DIG"},{"floor":52,"key":"DIG"}],"circlet_count":0,"master_deck":["Defend_R","Defend_R","Defend_R","Bash","Infernal Blade+1","Iron Wave+1","Life Link+1","Cleave","Sentinel","ReplayTheSpireMod:Corrosion Curse+1","Inflame+1","ReplayTheSpireMod:LeadingStrike+1","Brutality+1","Entrench","Spot Weakness","Rupture+1","Combust+1","Impervious","Bite+1","Bite","Bite","Bite","Bite","Bludgeon","Massacre+1","Hemokinesis+1","Defy Death","Berserk+1"],"relics":["Burning Blood","NeowsBlessing","Counterbalance","Durian","Art of War","Frozen Egg 2","The Courier","ReplayTheSpireMod:Shallot","Ring of Hypnosis","Ring of Panic","Paper Frog","Ooze Armor","ReplayTheSpireMod:CursedCoin","Ornamental Fan","Akabeko","Replay:WaspNest","Shovel","InkBottle","WingedGreaves","Garlic","Gremlin Food","SlaversCollar","ClockworkSouvenir","Torii","Self Forming Clay","Bag of Preparation","Replay:PocketPolymizer","Red Skull","HornCleat","Letter Opener","Vajra"],"acts_visited":["Exordium","TheCity","TheBeyond","TheEnding"],"potions_floor_usage":[41,42,50,55,55],"damage_taken":[{"damage":0.0,"enemies":"2 Louse","floor":1.0,"turns":1.0},{"damage":0.0,"enemies":"Small Slimes","floor":2.0,"turns":1.0},{"damage":0.0,"enemies":"Cultist","floor":3.0,"turns":1.0},{"damage":13.0,"enemies":"2 Fungi Beasts","floor":5.0,"turns":3.0},{"damage":30.0,"enemies":"3 Sentries","floor":6.0,"turns":7.0},{"damage":30.0,"enemies":"Lagavulin","floor":8.0,"turns":10.0},{"damage":31.0,"enemies":"3 Sentries","floor":11.0,"turns":5.0},{"damage":0.0,"enemies":"3 Louse","floor":12.0,"turns":3.0},{"damage":20.0,"enemies":"Gremlin Nob","floor":14.0,"turns":4.0},{"damage":5.0,"enemies":"Slime Boss","floor":16.0,"turns":10.0},{"damage":2.0,"enemies":"2 Thieves","floor":18.0,"turns":4.0},{"damage":0.0,"enemies":"Chosen","floor":21.0,"turns":4.0},{"damage":0.0,"enemies":"Sentry and Sphere","floor":22.0,"turns":4.0},{"damage":0.0,"enemies":"Book of Stabbing","floor":23.0,"turns":8.0},{"damage":8.0,"enemies":"Gremlin Leader","floor":25.0,"turns":9.0},{"damage":0.0,"enemies":"Book of Stabbing","floor":28.0,"turns":6.0},{"damage":17.0,"enemies":"Slavers","floor":30.0,"turns":4.0},{"damage":4,"enemies":"Collector","floor":33,"turns":9},{"damage":0,"enemies":"Orb Walker","floor":35,"turns":4},{"damage":0,"enemies":"3 Darklings","floor":36,"turns":4},{"damage":9,"enemies":"4 Shapes","floor":39,"turns":4},{"damage":41,"enemies":"Reptomancer","floor":41,"turns":6},{"damage":52,"enemies":"Giant Head","floor":42,"turns":9},{"damage":0,"enemies":"Jaw Worm Horde","floor":45,"turns":2},{"damage":0,"enemies":"Mind Bloom Boss Battle","floor":47,"turns":6},{"damage":51,"enemies":"Replay:Hell Engine","floor":50,"turns":10},{"damage":14,"enemies":"Shield and Spear","floor":54,"turns":6},{"damage":61,"enemies":"The Heart","floor":55,"turns":9}],"seed_played":"-4480467923746830371","potions_obtained":[{"floor":1.0,"key":"GamblersBrew"},{"floor":11.0,"key":"HeartOfIron"},{"floor":14.0,"key":"Adrenaline Potion"},{"floor":16.0,"key":"Weak Potion"},{"floor":30.0,"key":"BloodPotion"},{"floor":36,"key":"Energy Potion"},{"floor":42,"key":"Energy Potion"},{"floor":45,"key":"BloodPotion"},{"floor":54,"key":"Reflective Coating"}],"is_trial":false,"path_per_floor":["M","M","M","$","M","E","R","E","T","R","E","M","?","E","R_BF","B",null,"M","?","$","M","M","E","R","E","T","R","E","$","E","?","R","B",null,"M","M","?","$","M","R","E","E","T","R","M","R","?","$","R","B",null,"R","$","E","B",null],"character_chosen":"IRONCLAD","items_purchased":["Life Link","ReplayTheSpireMod:CursedCoin","Ornamental Fan","Akabeko","Combust+1","FairyPotion","ClockworkSouvenir","Red Skull","Strength Potion"],"campfire_rested":2,"item_purchase_floors":[4,20,20,20,29,29,38,48,53],"current_hp_per_floor":[85,85,85,85,78,54,54,30,30,30,75,81,81,67,67,68,85,85,85,85,85,85,85,85,83,83,83,85,85,74,59,59,59,59,59,59,59,59,59,59,43,17,17,34,46,59,59,59,59,46,59,59,59,58,20],"gold":86,"neow_bonus":"THREE_ENEMY_KILL","is_daily":false,"chose_seed":false,"campfire_upgraded":3,"win_rate":0.0,"timestamp":1609002693,"path_taken":["M","M","M","$","M","E","R","E","T","R","E","M","?","E","R_BF","BOSS","M","?","$","M","M","E","R","E","T","R","E","$","E","?","R","BOSS","M","M","?","$","M","R","E","E","T","R","M","R","?","$","R","BOSS","R","$","E","BOSS"],"items_purchased_type":["Card","Relic","Relic","Relic","Card","Potion","Relic","Relic","Potion"],"build_version":"2020-12-22","purchased_purges":2,"victory":true,"max_hp_per_floor":[85,85,85,85,85,85,85,85,85,85,85,85,85,85,85,85,85,85,85,85,85,85,85,85,85,85,85,85,85,85,59,59,59,59,59,59,59,59,59,59,59,59,59,59,59,59,59,59,59,59,59,59,59,59,59],"card_choices":[{"not_picked":["Burning Pact","Clothesline"],"picked":"Infernal Blade","floor":1.0},{"not_picked":["Body Slam","Thunderclap","Anger"],"picked":"SKIP","floor":2.0},{"not_picked":["Run Through","Clash"],"picked":"Iron Wave","floor":3.0},{"not_picked":["Replay:Undeath\u0027s Touch","Iron Wave"],"picked":"Cleave","floor":5.0},{"not_picked":["Pommel Strike","True Grit","Shrug It Off"],"picked":"SKIP","floor":6.0},{"not_picked":["Sever Soul","Dark Embrace+1"],"picked":"Sentinel","floor":8.0},{"not_picked":["Sword Boomerang","Cleave"],"picked":"ReplayTheSpireMod:Corrosion Curse","floor":11.0},{"not_picked":["Clothesline","Anger"],"picked":"Inflame+1","floor":12.0},{"not_picked":["Blood for Blood","Dual Wield"],"picked":"ReplayTheSpireMod:LeadingStrike","floor":14.0},{"not_picked":["Double Tap","Impervious"],"picked":"Brutality+1","floor":16.0},{"not_picked":["Cleave+1","Rampage","Havoc"],"picked":"SKIP","floor":18.0},{"not_picked":["Cleave+1","Headbutt+1","Feel No Pain+1"],"picked":"SKIP","floor":21.0},{"not_picked":["Dropkick","Whirlwind"],"picked":"Entrench","floor":22.0},{"not_picked":["Burning Pact","Cleave+1","Dropkick"],"picked":"SKIP","floor":23.0},{"not_picked":["Iron Wave+1","Clothesline+1"],"picked":"Spot Weakness","floor":25.0},{"not_picked":["Dropkick","Armaments"],"picked":"Rupture+1","floor":28.0},{"not_picked":["Wild Strike","Shrug It Off"],"picked":"Impervious","floor":30.0},{"not_picked":["Demon Form+1","Hemogenesis"],"picked":"Bludgeon","floor":33},{"not_picked":["Replay:Undeath\u0027s Touch","Flex+1"],"picked":"Massacre+1","floor":35},{"not_picked":["Metallicize+1","Sword Boomerang","Twin Strike"],"picked":"SKIP","floor":36},{"not_picked":["Body Slam+1","Run Through+1"],"picked":"Hemokinesis+1","floor":39},{"not_picked":["Replay:Undeath\u0027s Touch+1","Pommel Strike"],"picked":"Defy Death","floor":41},{"not_picked":["Sword Boomerang+1","Perfected Strike","Headbutt+1"],"picked":"SKIP","floor":42},{"not_picked":["ReplayTheSpireMod:LeadingStrike+1","Havoc","Dark Embrace+1"],"picked":"SKIP","floor":45},{"not_picked":["Spot Weakness","Thunderclap+1"],"picked":"Berserk+1","floor":47},{"not_picked":["Ghostly Armor+1","Defy Death","Wild Strike+1"],"picked":"SKIP","floor":54}],"player_experience":49002,"relics_obtained":[{"floor":6.0,"key":"Art of War"},{"floor":8.0,"key":"Frozen Egg 2"},{"floor":9.0,"key":"The Courier"},{"floor":11.0,"key":"ReplayTheSpireMod:Shallot"},{"floor":13.0,"key":"Ring of Hypnosis"},{"floor":13.0,"key":"Ring of Panic"},{"floor":14.0,"key":"Paper Frog"},{"floor":23.0,"key":"Replay:WaspNest"},{"floor":25.0,"key":"Shovel"},{"floor":27.0,"key":"InkBottle"},{"floor":28.0,"key":"WingedGreaves"},{"floor":30.0,"key":"Garlic"},{"floor":32,"key":"Gremlin Food"},{"floor":41,"key":"Torii"},{"floor":42,"key":"Self Forming Clay"},{"floor":43,"key":"Bag of Preparation"},{"floor":47,"key":"Replay:PocketPolymizer"},{"floor":49,"key":"HornCleat"},{"floor":52,"key":"Letter Opener"},{"floor":54,"key":"Vajra"}],"event_choices":[{"damage_healed":0.0,"max_hp_gain":0.0,"max_hp_loss":0.0,"gold_gain":0.0,"event_name":"Ghosts","player_choice":"Ignored","floor":19.0,"gold_loss":0.0,"damage_taken":0.0},{"damage_healed":0,"gold_gain":0,"player_choice":"Became a vampire","damage_taken":0,"max_hp_gain":0,"max_hp_loss":26,"event_name":"Vampires","floor":31,"gold_loss":0,"cards_obtained":["Bite","Bite","Bite","Bite","Bite"]},{"cards_removed":["Defend_R"],"damage_healed":0,"gold_gain":0,"player_choice":"Removed Skill","damage_taken":0,"max_hp_gain":0,"max_hp_loss":0,"event_name":"Falling","floor":37,"gold_loss":0},{"damage_healed":0,"gold_gain":0,"player_choice":"Fight","damage_taken":0,"max_hp_gain":0,"max_hp_loss":0,"event_name":"MindBloom","floor":47,"gold_loss":0}],"is_beta":false,"boss_relics":[{"not_picked":["Black Blood","Coffee Dripper"],"picked":"Ooze Armor"},{"not_picked":["Black Star","Cursed Key"],"picked":"SlaversCollar"}],"items_purged_floors":[4,20],"is_endless":false,"potions_floor_spawned":[1,11,14,16,30,36,42,45,47,54],"ascension_level":2}}