{"host":"t75twhtg6c476ygg","time":1609024946,"event":{"mods":["AchievementEnabler","BaseMod","Colored Powertips","Minty Spire (QoL Compilation)","Quick Restart","Relic Stats","StSLib","SuperFastMode"],"gold_per_floor":[114,129,144,144,159,189,189,204,204,219,219,69,84,159,159,259,259,274,274,124,124,139,169,169,199,224,239,239,254,269,284,284,384,384,399,414,414,39,54,54,54,54,79,79,79,0,50,50,50,50],"floor_reached":51,"playtime":1669,"items_purged":["Redo"],"score":1062,"play_id":"9ec1dc2f-86de-4a8a-88c7-e9909d54b1a5","local_time":"20201226232226","daily_mods":["SealedDeck","Diverse","Binary"],"is_ascension_mode":false,"campfire_choices":[{"data":"TalkToTheHand","floor":7.0,"key":"SMITH"},{"data":"Inflame","floor":11.0,"key":"SMITH"},{"data":"Genetic Algorithm","floor":15.0,"key":"SMITH"},{"data":"Wraith Form v2","floor":24,"key":"SMITH"},{"data":"Streamline","floor":28,"key":"SMITH"},{"data":"Regret","floor":32,"key":"PURGE"},{"data":"Quick Slash","floor":40,"key":"PURGE"},{"data":"CarveReality","floor":42,"key":"PURGE"},{"data":"Flash of Steel","floor":49,"key":"PURGE"}],"circlet_count":0,"master_deck":["PiercingWail","Genetic Algorithm+1","Halt","EmptyFist","Crescendo","Streamline+1","Riddle With Holes","CarveReality","TalkToTheHand+1","Outmaneuver","Cleave","Inflame+1","Barricade+1","Entrench+1","Tools of the Trade","Wraith Form v2+1","Body Slam+1","Creative AI","Shrug It Off"],"relics":["Burning Blood","Blood Vial","PreservedInsect","Sundial","Sling","Cursed Key","Orichalcum","Champion Belt","Incense Burner","Bronze Scales","Peace Pipe","Coffee Dripper","Mummified Hand","Juzu Bracelet","HandDrill","Nunchaku","Mercury Hourglass","Red Mask","Unceasing Top"],"acts_visited":["Exordium","TheCity","TheBeyond"],"potions_floor_usage":[30,33,50],"damage_taken":[{"damage":0.0,"enemies":"Cultist","floor":1.0,"turns":2.0},{"damage":0.0,"enemies":"Small Slimes","floor":2.0,"turns":2.0},{"damage":0.0,"enemies":"2 Louse","floor":3.0,"turns":2.0},{"damage":8.0,"enemies":"Large Slime","floor":5.0,"turns":6.0},{"damage":19.0,"enemies":"Lagavulin","floor":6.0,"turns":4.0},{"damage":8.0,"enemies":"Gremlin Gang","floor":8.0,"turns":4.0},{"damage":0.0,"enemies":"2 Fungi Beasts","floor":10.0,"turns":2.0},{"damage":0.0,"enemies":"Exordium Thugs","floor":13.0,"turns":2.0},{"damage":0.0,"enemies":"Slime Boss","floor":16.0,"turns":3.0},{"damage":0.0,"enemies":"Chosen","floor":18.0,"turns":3.0},{"damage":6,"enemies":"Shell Parasite","floor":22,"turns":4},{"damage":0,"enemies":"Book of Stabbing","floor":23,"turns":4},{"damage":0,"enemies":"Slavers","floor":25,"turns":3},{"damage":3,"enemies":"Chosen and Byrds","floor":27,"turns":5},{"damage":20,"enemies":"Centurion and Healer","floor":29,"turns":6},{"damage":1,"enemies":"Shelled Parasite and Fungi","floor":30,"turns":3},{"damage":12,"enemies":"Snake Plant","floor":31,"turns":2},{"damage":0,"enemies":"Collector","floor":33,"turns":6},{"damage":0,"enemies":"3 Darklings","floor":35,"turns":4},{"damage":7,"enemies":"Orb Walker","floor":36,"turns":3},{"damage":14,"enemies":"Maw","floor":39,"turns":5},{"damage":1,"enemies":"Mind Bloom Boss Battle","floor":47,"turns":3},{"damage":0,"enemies":"Time Eater","floor":50,"turns":5}],"seed_played":"5451747836825439005","potions_obtained":[{"floor":3.0,"key":"Energy Potion"},{"floor":5.0,"key":"ElixirPotion"},{"floor":6.0,"key":"Fire Potion"},{"floor":8.0,"key":"AttackPotion"},{"floor":16.0,"key":"DistilledChaos"},{"floor":18.0,"key":"DistilledChaos"},{"floor":33,"key":"Explosive Potion"},{"floor":36,"key":"Dexterity Potion"}],"is_trial":false,"path_per_floor":["M","M","M","?","M","E","R","M","T","M","R","$","M","?","R","B",null,"M","?","$","?","M","E","R","E","T","M","R","M","M","M","R","B",null,"M","M","?","$","M","R","$","R","T","$","T","?","?","$","R","B",null],"character_chosen":"IRONCLAD","items_purchased":["Sling","Orichalcum","Juzu Bracelet","HandDrill"],"campfire_rested":0,"item_purchase_floors":[12,20,38,38],"current_hp_per_floor":[80,80,80,80,78,67,67,67,67,75,75,75,80,69,69,77,80,80,80,80,80,80,80,80,80,80,80,80,66,73,69,69,77,80,80,79,79,79,72,72,72,72,72,72,72,72,79,79,79,80],"gold":50,"neow_bonus":"","is_daily":true,"chose_seed":false,"campfire_upgraded":5,"win_rate":0.0,"timestamp":1609024946,"path_taken":["M","?","M","?","M","E","R","M","T","M","R","?","M","?","R","BOSS","M","?","$","?","M","E","R","E","T","M","R","M","?","M","R","BOSS","M","M","?","?","M","R","$","R","T","$","?","?","?","$","R","BOSS"],"items_purchased_type":["Relic","Relic","Relic","Relic"],"build_version":"2020-12-22","purchased_purges":1,"victory":true,"max_hp_per_floor":[80,80,80,80,80,80,80,80,80,80,80,80,80,80,80,80,80,80,80,80,80,80,80,80,80,80,80,80,80,80,80,80,80,80,80,80,80,80,80,80,80,80,80,80,80,80,80,80,80,80],"relic_stats":{"counters":[23,83],"PreservedInsect":80,"Juzu Bracelet":0,"Orichalcum":[72],"Cursed Key":3,"Burning Blood":84,"Mercury Hourglass":[21],"Blood Vial":20,"Peace Pipe":4,"Nunchaku":[1],"Sundial":[4],"Mummified Hand":[23],"Bronze Scales":[128],"HandDrill":[2],"Champion Belt":[10],"obtain_stats":[{"PreservedInsect":6,"Incense Burner":25,"Juzu Bracelet":38,"Orichalcum":20,"Sling":12,"Cursed Key":17,"Burning Blood":0,"Mercury Hourglass":45,"Blood Vial":4,"Peace Pipe":29,"Nunchaku":43,"Sundial":9,"Mummified Hand":35,"Bronze Scales":26,"Coffee Dripper":34,"HandDrill":38,"Red Mask":46,"Champion Belt":23,"Unceasing Top":47},{"PreservedInsect":5,"Incense Burner":13,"Juzu Bracelet":20,"Orichalcum":10,"Sling":7,"Cursed Key":9,"Burning Blood":0,"Mercury Hourglass":21,"Blood Vial":3,"Peace Pipe":15,"Nunchaku":21,"Sundial":6,"Mummified Hand":19,"Bronze Scales":13,"Coffee Dripper":18,"HandDrill":20,"Red Mask":21,"Champion Belt":12,"Unceasing Top":22},{"PreservedInsect":16,"Incense Burner":41,"Juzu Bracelet":70,"Orichalcum":30,"Sling":22,"Cursed Key":27,"Burning Blood":0,"Mercury Hourglass":75,"Blood Vial":6,"Peace Pipe":52,"Nunchaku":75,"Sundial":20,"Mummified Hand":67,"Bronze Scales":41,"Coffee Dripper":63,"HandDrill":70,"Red Mask":75,"Champion Belt":38,"Unceasing Top":78}],"Unceasing Top":[1]},"card_choices":[{"not_picked":["Turbo"],"picked":"Riddle With Holes","floor":1.0},{"not_picked":["Streamline"],"picked":"CarveReality","floor":2.0},{"not_picked":["Pommel Strike"],"picked":"TalkToTheHand","floor":3.0},{"not_picked":["PathToVictory","Dagger Throw"],"picked":"SKIP","floor":5.0},{"not_picked":["Sunder"],"picked":"Outmaneuver","floor":6.0},{"not_picked":["Turbo"],"picked":"Cleave","floor":8.0},{"not_picked":["Pray"],"picked":"Inflame","floor":10.0},{"not_picked":["Ball Lightning","SandsOfTime"],"picked":"SKIP","floor":13.0},{"not_picked":["Brilliance"],"picked":"Tools of the Trade","floor":16.0},{"not_picked":["Coolheaded","Concentrate+1"],"picked":"SKIP","floor":18.0},{"not_picked":["Deadly Poison+1"],"picked":"CarveReality","floor":22},{"not_picked":["Dagger Throw+1","Turbo"],"picked":"SKIP","floor":23},{"not_picked":["Bouncing Flask","Cloak And Dagger"],"picked":"SKIP","floor":25},{"not_picked":["Skim","Second Wind"],"picked":"SKIP","floor":27},{"not_picked":["Thunderclap+1","Streamline"],"picked":"SKIP","floor":29},{"not_picked":["Flame Barrier+1","Bane"],"picked":"SKIP","floor":30},{"not_picked":["Wild Strike","Bane"],"picked":"SKIP","floor":31},{"not_picked":["Omniscience"],"picked":"Creative AI","floor":33},{"not_picked":["Flex"],"picked":"Shrug It Off","floor":35},{"not_picked":["Outmaneuver","Escape Plan"],"picked":"SKIP","floor":36},{"not_picked":["Sword Boomerang+1","Double Energy+1"],"picked":"SKIP","floor":39}],"player_experience":194667,"relics_obtained":[{"floor":6.0,"key":"PreservedInsect"},{"floor":9.0,"key":"Sundial"},{"floor":23,"key":"Champion Belt"},{"floor":25,"key":"Incense Burner"},{"floor":26,"key":"Bronze Scales"},{"floor":43,"key":"Nunchaku"},{"floor":45,"key":"Mercury Hourglass"},{"floor":47,"key":"Unceasing Top"}],"event_choices":[{"cards_removed":["Thunderclap"],"damage_healed":0.0,"max_hp_gain":0.0,"max_hp_loss":0.0,"gold_gain":0.0,"event_name":"WeMeetAgain","player_choice":"Gave Card","floor":4.0,"gold_loss":0.0,"damage_taken":0.0,"relics_obtained":["Blood Vial"]},{"damage_healed":0.0,"max_hp_gain":0.0,"max_hp_loss":0.0,"gold_gain":75.0,"event_name":"World of Goop","player_choice":"Gather Gold","floor":14.0,"gold_loss":0.0,"damage_taken":11.0},{"damage_healed":0.0,"max_hp_gain":0.0,"max_hp_loss":0.0,"gold_gain":0.0,"event_name":"Vampires","player_choice":"Ignored","floor":19.0,"gold_loss":0.0,"damage_taken":0.0},{"damage_healed":0,"gold_gain":0,"player_choice":"2 cards matched","damage_taken":0,"max_hp_gain":0,"max_hp_loss":0,"event_name":"Match and Keep!","floor":21,"gold_loss":0,"cards_obtained":["Flash of Steel","Wraith Form v2"]},{"damage_healed":0,"gold_gain":0,"player_choice":"0 cards matched","damage_taken":0,"max_hp_gain":0,"max_hp_loss":0,"event_name":"Match and Keep!","floor":37,"gold_loss":0,"cards_obtained":[]},{"damage_healed":0,"gold_gain":0,"player_choice":"Paid","damage_taken":0,"relics_obtained":["Red Mask"],"max_hp_gain":0,"max_hp_loss":0,"event_name":"Tomb of Lord Red Mask","floor":46,"gold_loss":79},{"damage_healed":0,"gold_gain":0,"player_choice":"Fight","damage_taken":0,"max_hp_gain":0,"max_hp_loss":0,"event_name":"MindBloom","floor":47,"gold_loss":0}],"is_beta":false,"boss_relics":[{"not_picked":["Runic Cube","Velvet Choker"],"picked":"Cursed Key"},{"not_picked":["Fusion Hammer","SlaversCollar"],"picked":"Coffee Dripper"}],"items_purged_floors":[38],"is_endless":false,"potions_floor_spawned":[3,5,6,8,16,18,27,33,36,39],"ascension_level":0}}