{"host":"2nw7vjz0sy04etg3","time":1609001233,"event":{"mods":["BaseMod","DeckTracker","Minty Spire (QoL Compilation)","Quick Restart"],"gold_per_floor":[117,97,53,66,76,76,103,178,203,203,228,228,245,210,210,281,281,298,223,223,236,250,280,195,195,218,16,16,16,31,31,31,106,106,124,449,449,157,157,157,157],"floor_reached":40,"playtime":1206,"items_purged":["Strike_B","Defend_B"],"score":870,"play_id":"6c7a8565-2684-4d3a-9909-2f2b7072d908","local_time":"20201227014713","is_ascension_mode":true,"campfire_choices":[{"data":"Dualcast","floor":6,"key":"SMITH"},{"floor":10,"key":"REST"},{"data":"Coolheaded","floor":12,"key":"SMITH"},{"data":"Zap","floor":15,"key":"SMITH"},{"data":"Defragment","floor":25,"key":"SMITH"},{"floor":28,"key":"REST"},{"data":"Apotheosis","floor":32,"key":"SMITH"}],"circlet_count":0,"master_deck":["AscendersBane","Strike_B","Strike_B","Defend_B","Defend_B","Zap+1","Dualcast+1","Coolheaded+1","Doom and Gloom","Capacitor","Sweeping Beam","Ball Lightning","Chill","Cold Snap","Seek","Defragment+1","Turbo+1","Compile Driver","Stack+1","Apotheosis+1","Core Surge","Aggregate","Reboot","Conserve Battery+1","White Noise"],"relics":["Cracked Core","NeowsBlessing","Ancient Tea Set","Anchor","Mercury Hourglass","Runic Pyramid","Happy Flower","DataDisk","War Paint","Inserter","Old Coin","Membership Card","Oddly Smooth Stone"],"acts_visited":["Exordium","TheCity","TheBeyond"],"potions_floor_usage":[7,11,23,33,40],"damage_taken":[{"damage":0,"enemies":"Small Slimes","floor":1,"turns":1},{"damage":0,"enemies":"Cultist","floor":4,"turns":1},{"damage":0,"enemies":"2 Louse","floor":5,"turns":1},{"damage":33,"enemies":"Lagavulin","floor":7,"turns":6},{"damage":9,"enemies":"Gremlin Nob","floor":11,"turns":3},{"damage":8,"enemies":"Exordium Wildlife","floor":13,"turns":3},{"damage":22,"enemies":"Slime Boss","floor":16,"turns":7},{"damage":20,"enemies":"3 Byrds","floor":18,"turns":4},{"damage":0,"enemies":"Chosen","floor":21,"turns":5},{"damage":10,"enemies":"3 Cultists","floor":22,"turns":4},{"damage":8,"enemies":"Gremlin Leader","floor":23,"turns":5},{"damage":1,"enemies":"Centurion and Healer","floor":30,"turns":3},{"damage":0,"enemies":"Collector","floor":33,"turns":8},{"damage":22,"enemies":"Orb Walker","floor":35,"turns":4},{"damage":4,"enemies":"Mind Bloom Boss Battle","floor":36,"turns":7},{"damage":37,"enemies":"Giant Head","floor":40,"turns":7}],"seed_played":"8618510729936244847","potions_obtained":[{"floor":2,"key":"DistilledChaos"},{"floor":4,"key":"Energy Potion"},{"floor":7,"key":"DuplicationPotion"},{"floor":18,"key":"Explosive Potion"},{"floor":30,"key":"FocusPotion"},{"floor":33,"key":"BlessingOfTheForge"}],"is_trial":false,"path_per_floor":["M","?","$","M","M","R","E","?","T","R","E","R","M","?","R","B",null,"M","$","?","M","M","E","?","R","T","$","R","?","M","$","R","B",null,"M","?","?","$","T","E"],"character_chosen":"DEFECT","items_purchased":["Doom and Gloom","Apotheosis","Membership Card","Oddly Smooth Stone"],"campfire_rested":2,"item_purchase_floors":[3,27,38,38],"current_hp_per_floor":[64,64,64,64,64,64,31,20,20,41,32,32,24,41,41,19,58,38,38,38,38,28,20,20,20,20,20,41,41,40,40,40,40,63,41,37,37,37,37,0,0],"gold":157,"neow_bonus":"THREE_ENEMY_KILL","is_daily":false,"chose_seed":false,"campfire_upgraded":5,"win_rate":0.0,"timestamp":1609001233,"path_taken":["M","?","$","M","?","R","E","?","T","R","E","R","M","?","R","BOSS","M","$","?","M","M","E","?","R","T","$","R","?","M","$","R","BOSS","M","?","?","$","?","E"],"items_purchased_type":["Card","Card","Relic","Relic"],"build_version":"2020-12-22","purchased_purges":2,"victory":false,"max_hp_per_floor":[71,71,71,71,71,71,71,71,71,71,71,71,71,71,71,71,71,71,71,71,71,71,71,71,71,71,71,71,71,71,71,71,71,71,71,71,71,71,71,71,71],"card_choices":[{"not_picked":["Turbo","Blizzard"],"picked":"Coolheaded","floor":1},{"not_picked":["Darkness","Redo"],"picked":"Capacitor","floor":4},{"not_picked":["BootSequence","Turbo"],"picked":"Sweeping Beam","floor":5},{"not_picked":["Buffer","Aggregate"],"picked":"Ball Lightning","floor":7},{"not_picked":["Conserve Battery","Hyperbeam"],"picked":"Chill","floor":11},{"not_picked":["Lockon","Steam"],"picked":"Cold Snap","floor":13},{"not_picked":["Meteor Strike","Multi-Cast"],"picked":"Seek","floor":16},{"not_picked":["Chill","Cold Snap","Steam+1"],"picked":"SKIP","floor":18},{"not_picked":["Genetic Algorithm","Coolheaded"],"picked":"Turbo","floor":21},{"not_picked":["Streamline","Hologram"],"picked":"Compile Driver","floor":22},{"not_picked":["Biased Cognition","Genetic Algorithm"],"picked":"Stack","floor":23},{"not_picked":["Sweeping Beam","Genetic Algorithm","Barrage"],"picked":"SKIP","floor":30},{"not_picked":["Multi-Cast","All For One"],"picked":"Reboot","floor":33},{"not_picked":["Barrage","Recycle"],"picked":"Conserve Battery+1","floor":35},{"not_picked":["Ball Lightning","Barrage"],"picked":"White Noise","floor":36}],"player_experience":238465,"relics_obtained":[{"floor":7,"key":"Ancient Tea Set"},{"floor":9,"key":"Anchor"},{"floor":11,"key":"Mercury Hourglass"},{"floor":23,"key":"Happy Flower"},{"floor":26,"key":"War Paint"},{"floor":36,"key":"Old Coin"}],"event_choices":[{"damage_healed":0,"gold_gain":0,"player_choice":"Bought 1 Potion","damage_taken":0,"max_hp_gain":0,"max_hp_loss":0,"event_name":"The Woman in Blue","floor":2,"gold_loss":0},{"damage_healed":0,"gold_gain":75,"player_choice":"Gather Gold","damage_taken":11,"max_hp_gain":0,"max_hp_loss":0,"event_name":"World of Goop","floor":8,"gold_loss":0},{"damage_healed":17,"gold_gain":0,"player_choice":"Healed","damage_taken":0,"max_hp_gain":0,"max_hp_loss":0,"event_name":"The Cleric","floor":14,"gold_loss":35},{"damage_healed":0,"gold_gain":0,"player_choice":"Read","damage_taken":0,"max_hp_gain":0,"max_hp_loss":0,"event_name":"The Library","floor":20,"gold_loss":0,"cards_obtained":["Defragment"]},{"damage_healed":0,"gold_gain":0,"player_choice":"Obtained Relic","damage_taken":0,"relics_obtained":["DataDisk"],"max_hp_gain":0,"max_hp_loss":0,"event_name":"Addict","floor":24,"gold_loss":85},{"damage_healed":0,"gold_gain":0,"cards_transformed":["Strike_B","Defend_B"],"player_choice":"Became Test Subject","damage_taken":0,"max_hp_gain":0,"max_hp_loss":0,"event_name":"Drug Dealer","floor":29,"gold_loss":0,"cards_obtained":["Core Surge","Aggregate"]},{"damage_healed":0,"gold_gain":0,"player_choice":"Fight","damage_taken":0,"max_hp_gain":0,"max_hp_loss":0,"event_name":"MindBloom","floor":36,"gold_loss":0},{"damage_healed":0,"gold_gain":0,"player_choice":"Ignored","damage_taken":0,"max_hp_gain":0,"max_hp_loss":0,"event_name":"Tomb of Lord Red Mask","floor":37,"gold_loss":0}],"is_beta":false,"boss_relics":[{"not_picked":["Cursed Key","Ectoplasm"],"picked":"Runic Pyramid"},{"not_picked":["Tiny House","Nuclear Battery"],"picked":"Inserter"}],"items_purged_floors":[19,38],"is_endless":false,"potions_floor_spawned":[4,5,7,18,30,33,35,36],"killed_by":"Giant Head","ascension_level":18}}