{"host":"645xqr9rkj71uhiq","time":1609009332,"event":{"mods":["AchievementEnabler","Act Like it!","BaseMod","Beaked The Cultist","Better Altar","Better Third Choice","BetterRewards","Card Forge","Colored Map","Conspire","Downfall","Hallownest","Hermit","Hubris","Infinite Spire","Lobotomy","Minty Spire (QoL Compilation)","Rare Cards Sparkle","Replay The Spire","Spicy Shops","Spikes Relics","StSLib","The Bug Knight","The Hierophant"],"gold_per_floor":[369,386,399,419,433,433,358,398,398,398,433,433,445,470,470,576,576,589,22,22,40,40,75,35,50,50,82,82,84,100,100,100,118,118],"floor_reached":33,"playtime":2004,"items_purged":["Strike_R","Defend_R"],"score":345,"play_id":"3d9714b1-594a-4303-b327-abe2f6ea2aaa","local_time":"20201226140212","is_ascension_mode":false,"campfire_choices":[{"data":"Armaments","floor":6,"key":"SMITH"},{"data":"Shockwave","floor":12,"key":"SMITH"},{"floor":15,"key":"DIG"},{"data":"Shrug It Off","floor":28,"key":"SMITH"},{"floor":32,"key":"DIG"}],"circlet_count":0,"master_deck":["Defend_R","Defend_R","Defend_R","Bash","Shockwave+1","Armaments+1","Shrug It Off+1","Clothesline","Sword Boomerang","Thunderclap","Shockwave+1","Bite","Bite","Bite","Bite","Bite","Armaments+1","infinitespire:UltimateForm"],"relics":["Burning Blood","Hammer of Thor","Seething Fire","Anvil of the Gods","Kunai","infinitespire:Broken Mirror","hubris:Towel","FossilizedHelix","infinitespire:Midas Blood","Gremlin Horn","ChewingGum","Toxic Egg 2","Anchor","BargainBundle","King of Hearts","Mirror","infinitespire:EmpoweringShard","Meat on the Bone","hubris:Metronome"],"acts_visited":["Exordium","TheCity"],"potions_floor_usage":[14,16,16,23,27,33],"damage_taken":[{"damage":1,"enemies":"Jaw Worm","floor":1,"turns":3},{"damage":0,"enemies":"Small Slimes","floor":2,"turns":3},{"damage":1,"enemies":"conspire:RoseBush","floor":3,"turns":3},{"damage":8,"enemies":"Looter","floor":4,"turns":4},{"damage":5,"enemies":"Red Slaver","floor":5,"turns":5},{"damage":9,"enemies":"conspire:MimicChest","floor":8,"turns":10},{"damage":20,"enemies":"Gremlin Nob","floor":11,"turns":4},{"damage":0,"enemies":"Large Slime","floor":13,"turns":5},{"damage":13,"enemies":"Lagavulin","floor":14,"turns":5},{"damage":7,"enemies":"Fading Forest","floor":16,"turns":11},{"damage":0,"enemies":"3 Byrds","floor":18,"turns":5},{"damage":31,"enemies":"Centurion and Healer","floor":21,"turns":10},{"damage":15,"enemies":"conspire:Head Lice","floor":23,"turns":6},{"damage":0,"enemies":"3 Cultists","floor":25,"turns":5},{"damage":0,"enemies":"Gremlin Leader","floor":27,"turns":7},{"damage":0,"enemies":"Cultist and Chosen","floor":30,"turns":4},{"damage":95,"enemies":"hubris:MusketHawk","floor":33,"turns":14}],"seed_played":"-195473404902923666","potions_obtained":[{"floor":2,"key":"Elixir"},{"floor":5,"key":"SpeedPotion"},{"floor":8,"key":"Reflective Coating"},{"floor":11,"key":"champ:CounterPotion"},{"floor":14,"key":"Energy Potion"},{"floor":24,"key":"LiquidMemories"},{"floor":25,"key":"champ:CounterPotion"}],"is_trial":false,"path_per_floor":["M","M","M","M","M","R","$","?","T","?","E","R","M","E","R_BF","B",null,"M","$","?","M","?","E","?","M","T","E","R","?","M","?","R_BF","B"],"character_chosen":"IRONCLAD","items_purchased":["Toxic Egg 2","Anchor","Shockwave+1","BargainBundle","Explosive Potion","champ:CounterPotion"],"campfire_rested":0,"item_purchase_floors":[19,19,19,19,19,19],"current_hp_per_floor":[61,67,72,70,71,71,71,68,68,68,54,54,60,53,53,52,80,80,80,56,56,56,54,54,56,56,56,56,43,56,56,56,0,0],"gold":118,"neow_bonus":"TWO_FIFTY_GOLD","is_daily":false,"chose_seed":false,"campfire_upgraded":3,"win_rate":0.0,"timestamp":1609009332,"path_taken":["M","M","M","M","M","R","$","?","T","?","E","R","M","E","R_BF","BOSS","M","$","?","M","?","E","?","?","T","E","R","?","M","?","R_BF","BOSS"],"items_purchased_type":["Relic","Relic","Card","Relic","Potion","Potion"],"build_version":"2020-12-22","purchased_purges":2,"victory":false,"max_hp_per_floor":[80,80,80,80,80,80,80,80,80,80,80,80,80,80,80,80,80,80,80,56,56,56,56,56,56,56,56,56,56,56,56,56,56,56],"card_choices":[{"not_picked":["Pummel","Sever Soul"],"picked":"Shockwave","floor":1},{"not_picked":["Sword Boomerang","conspire:ExplosiveBarrier"],"picked":"Armaments","floor":2},{"not_picked":["Seeing Red","Rage"],"picked":"Shrug It Off","floor":3},{"not_picked":["Thunderclap","Feel No Pain"],"picked":"Clothesline","floor":4},{"not_picked":["Heavy Blade","ReplayTheSpireMod:Limb From Limb"],"picked":"Sword Boomerang","floor":5},{"not_picked":["Cleave","Anger"],"picked":"Thunderclap","floor":8},{"not_picked":["Shockwave","Corruption","hubris:ReadiedAction"],"picked":"SKIP","floor":11},{"not_picked":["Feel No Pain","Infernal Blade","Whirlwind"],"picked":"SKIP","floor":13},{"not_picked":["ReplayTheSpireMod:Strike From Hell","BarbarianYell","Carnage"],"picked":"SKIP","floor":14},{"not_picked":["Clothesline","ReplayTheSpireMod:Strike From Hell","Cleave"],"picked":"SKIP","floor":18},{"not_picked":["conspire:Charge","Iron Wave+1","Bloodletting+1"],"picked":"SKIP","floor":21},{"not_picked":["Perfected Strike","Fiend Fire"],"picked":"Armaments+1","floor":23},{"not_picked":["Run Through","Clothesline","Shrug It Off+1"],"picked":"SKIP","floor":25},{"not_picked":["Dual Wield+1","Run Through","ReplayTheSpireMod:Strike From Hell"],"picked":"SKIP","floor":27},{"not_picked":["ReplayTheSpireMod:Book of Names","infinitespire:Collect"],"picked":"infinitespire:UltimateForm","floor":29},{"not_picked":["infinitespire:OneForAll","Shrug It Off+1","Warcry+1"],"picked":"SKIP","floor":30}],"player_experience":2666,"relics_obtained":[{"floor":8,"key":"Kunai"},{"floor":9,"key":"infinitespire:Broken Mirror"},{"floor":11,"key":"FossilizedHelix"},{"floor":14,"key":"infinitespire:Midas Blood"},{"floor":15,"key":"Gremlin Horn"},{"floor":23,"key":"King of Hearts"},{"floor":26,"key":"Mirror"},{"floor":27,"key":"infinitespire:EmpoweringShard"},{"floor":32,"key":"hubris:Metronome"}],"event_choices":[{"damage_healed":0,"gold_gain":0,"player_choice":"Became a vampire","damage_taken":0,"max_hp_gain":0,"max_hp_loss":24,"event_name":"Vampires","floor":20,"gold_loss":0,"cards_obtained":["Bite","Bite","Bite","Bite","Bite"]},{"damage_healed":0,"gold_gain":0,"player_choice":"Bought 3 Potions","damage_taken":0,"max_hp_gain":0,"max_hp_loss":0,"event_name":"The Woman in Blue","floor":24,"gold_loss":0},{"damage_healed":0,"gold_gain":0,"player_choice":"Gave Potion","damage_taken":0,"relics_obtained":["Meat on the Bone"],"max_hp_gain":0,"max_hp_loss":0,"event_name":"WeMeetAgain","floor":31,"gold_loss":0}],"is_beta":false,"boss_relics":[{"not_picked":["hubris:Stopwatch","conspire:SeveredTorchhead"],"picked":"ChewingGum"}],"items_purged_floors":[7,19],"is_endless":false,"potions_floor_spawned":[2,5,8,11,14,21,25],"killed_by":"hubris:MusketHawk","ascension_level":0}}