{"host":"nfysljuq0d6kj06l","time":1609021244,"event":{"mods":["AchievementEnabler","BaseMod","Colored Map","Colored Powertips","DeckTracker","Minty Spire (QoL Compilation)","Relic Sorter"],"gold_per_floor":[112,122,139,154,104,131,131,147,147,226,72,98,118,145,145,242,242,254,254,286,286,301,331,343,369,369,369,394,309,319,331,331,429,429,446,457,457,679,293,293,303,330,355,383,133,182,232,250,250,250,250,250,2,27,27],"floor_reached":56,"playtime":10968,"items_purged":[],"score":1703,"play_id":"ed6678b0-7c60-46b0-87de-11a43594e5b3","local_time":"20201226232044","is_ascension_mode":true,"campfire_choices":[{"data":"Bash","floor":7.0,"key":"SMITH"},{"data":"Metallicize","floor":15.0,"key":"SMITH"},{"data":"Dual Wield","floor":27.0,"key":"SMITH"},{"data":"Corruption","floor":32.0,"key":"SMITH"},{"floor":40.0,"key":"RECALL"},{"data":"Body Slam","floor":49.0,"key":"SMITH"},{"data":"Pommel Strike","floor":52.0,"key":"SMITH"}],"circlet_count":0,"master_deck":["Strike_R+1","Strike_R+1","Strike_R+1","Defend_R+1","Defend_R+1","Defend_R+1","Defend_R+1","Bash+1","Dropkick","Sever Soul","Thunderclap","Pommel Strike+1","Cleave","Shrug It Off","Metallicize+1","Dual Wield+1","Burning Pact","Corruption+1","Intimidate","Cleave+1","Sentinel+1","Flame Barrier","Headbutt","Inflame+1","Shrug It Off","Pommel Strike","Barricade+1","Entrench","Metallicize+1","Trip","Brutality+1","Parasite","Dropkick+1","Dark Embrace+1","Bludgeon","Shrug It Off+1","Body Slam+1","Metamorphosis","Spot Weakness"],"relics":["Burning Blood","Regal Pillow","Mummified Hand","Sling","Oddly Smooth Stone","Charon\u0027s Ashes","Coffee Dripper","Red Mask","Frozen Egg 2","Bag of Preparation","StoneCalendar","Incense Burner","Sozu","DollysMirror","MealTicket","Blood Vial","FossilizedHelix","Shuriken","Mango","Lizard Tail","Nunchaku"],"acts_visited":["Exordium","TheCity","TheBeyond","TheEnding"],"potions_floor_usage":[55,55],"damage_taken":[{"damage":4.0,"enemies":"Small Slimes","floor":1.0,"turns":5.0},{"damage":1.0,"enemies":"2 Louse","floor":2.0,"turns":3.0},{"damage":7.0,"enemies":"Jaw Worm","floor":3.0,"turns":4.0},{"damage":21.0,"enemies":"Large Slime","floor":4.0,"turns":4.0},{"damage":30.0,"enemies":"Lagavulin","floor":6.0,"turns":7.0},{"damage":10.0,"enemies":"2 Fungi Beasts","floor":8.0,"turns":3.0},{"damage":2.0,"enemies":"Gremlin Nob","floor":12.0,"turns":3.0},{"damage":7.0,"enemies":"Blue Slaver","floor":13.0,"turns":3.0},{"damage":2.0,"enemies":"3 Sentries","floor":14.0,"turns":5.0},{"damage":25.0,"enemies":"Slime Boss","floor":16.0,"turns":10.0},{"damage":10.0,"enemies":"Shell Parasite","floor":18.0,"turns":5.0},{"damage":11.0,"enemies":"Masked Bandits","floor":20.0,"turns":4.0},{"damage":8.0,"enemies":"2 Thieves","floor":22.0,"turns":3.0},{"damage":15.0,"enemies":"Slavers","floor":23.0,"turns":4.0},{"damage":0.0,"enemies":"Snecko","floor":24.0,"turns":3.0},{"damage":0.0,"enemies":"Gremlin Leader","floor":25.0,"turns":3.0},{"damage":2.0,"enemies":"Slavers","floor":28.0,"turns":3.0},{"damage":8.0,"enemies":"Chosen and Byrds","floor":30.0,"turns":5.0},{"damage":0.0,"enemies":"Cultist and Chosen","floor":31.0,"turns":3.0},{"damage":54.0,"enemies":"Automaton","floor":33.0,"turns":10.0},{"damage":0.0,"enemies":"3 Shapes","floor":35.0,"turns":3.0},{"damage":0.0,"enemies":"3 Darklings","floor":36.0,"turns":4.0},{"damage":7.0,"enemies":"Writhing Mass","floor":41.0,"turns":5.0},{"damage":28.0,"enemies":"Giant Head","floor":42.0,"turns":6.0},{"damage":0.0,"enemies":"Reptomancer","floor":44.0,"turns":4.0},{"damage":2.0,"enemies":"2 Orb Walkers","floor":46.0,"turns":4.0},{"damage":0.0,"enemies":"Mind Bloom Boss Battle","floor":47.0,"turns":3.0},{"damage":0.0,"enemies":"Sphere and 2 Shapes","floor":48.0,"turns":3.0},{"damage":18.0,"enemies":"Donu and Deca","floor":50.0,"turns":7.0},{"damage":0,"enemies":"Shield and Spear","floor":54,"turns":1},{"damage":128,"enemies":"The Heart","floor":55,"turns":7}],"seed_played":"-3303182536565423738","potions_obtained":[{"floor":1.0,"key":"Fruit Juice"},{"floor":6.0,"key":"CultistPotion"},{"floor":8.0,"key":"Strength Potion"},{"floor":14.0,"key":"SteroidPotion"},{"floor":16.0,"key":"SneckoOil"},{"floor":18.0,"key":"Ancient Potion"},{"floor":20.0,"key":"Fire Potion"},{"floor":23.0,"key":"PowerPotion"},{"floor":28.0,"key":"Block Potion"},{"floor":31.0,"key":"SpeedPotion"}],"is_trial":false,"path_per_floor":["M","M","M","M","?","E","R","M","T","?","$","E","M","E","R","B",null,"M","?","?","?","M","E","M","E","T","R","E","?","M","M","R","B",null,"M","M","?","?","$","R","M","E","T","E","$","?","?","M","R","B",null,"R","$","E","B",null],"character_chosen":"IRONCLAD","items_purchased":["Sling","DollysMirror","Trip","Brutality+1","Shuriken","Metamorphosis","Spot Weakness"],"campfire_rested":0,"item_purchase_floors":[11,39,39,39,45,53,53],"current_hp_per_floor":[82,87,86,71,71,47,47,43,43,43,43,47,46,50,50,31,74,70,70,65,65,63,54,60,66,66,66,70,70,68,74,74,26,73,79,85,85,85,85,85,84,62,62,70,85,102,102,102,102,90,99,99,102,102,55],"gold":27,"neow_bonus":"TEN_PERCENT_HP_BONUS","is_daily":false,"chose_seed":false,"campfire_upgraded":6,"win_rate":0.0,"timestamp":1609021244,"path_taken":["M","M","M","M","?","E","R","M","T","?","$","E","M","E","R","BOSS","M","?","?","?","M","E","M","E","T","R","E","?","M","M","R","BOSS","M","M","?","?","$","R","M","E","T","E","$","?","?","M","R","BOSS","R","$","E","BOSS"],"items_purchased_type":["Relic","Relic","Card","Card","Relic","Card","Card"],"build_version":"2020-12-22","purchased_purges":0,"victory":true,"max_hp_per_floor":[88,88,88,88,88,88,88,88,88,88,88,88,88,88,88,88,88,88,88,88,88,88,88,88,88,88,88,88,88,88,88,88,88,88,88,88,88,88,88,88,88,88,88,88,88,102,102,102,102,102,102,102,102,102,107],"card_choices":[{"not_picked":["Evolve","Reckless Charge"],"picked":"Dropkick","floor":1.0},{"not_picked":["True Grit","Hemokinesis"],"picked":"Sever Soul","floor":2.0},{"not_picked":["Havoc","Cleave"],"picked":"Thunderclap","floor":3.0},{"not_picked":["Combust","Havoc"],"picked":"Pommel Strike","floor":4.0},{"not_picked":["True Grit","Sword Boomerang"],"picked":"Cleave","floor":6.0},{"not_picked":["Pommel Strike","Battle Trance"],"picked":"Shrug It Off","floor":8.0},{"not_picked":["Dual Wield","Havoc"],"picked":"Metallicize","floor":12.0},{"not_picked":["Pommel Strike","Anger"],"picked":"Dual Wield","floor":13.0},{"not_picked":["Flex","Carnage"],"picked":"Burning Pact","floor":14.0},{"not_picked":["Immolate","Barricade"],"picked":"Corruption","floor":16.0},{"not_picked":["Pummel","True Grit"],"picked":"Intimidate","floor":18.0},{"not_picked":["Pommel Strike","Power Through"],"picked":"Cleave+1","floor":20.0},{"not_picked":["Rupture+1","Shockwave"],"picked":"Sentinel+1","floor":22.0},{"not_picked":["True Grit","Armaments"],"picked":"Flame Barrier","floor":23.0},{"not_picked":["Clothesline","Entrench+1"],"picked":"Headbutt","floor":24.0},{"not_picked":["Shrug It Off","Iron Wave+1"],"picked":"Inflame+1","floor":25.0},{"not_picked":["Thunderclap","Blood for Blood","Havoc"],"picked":"SKIP","floor":28.0},{"not_picked":["Anger","Dual Wield"],"picked":"Shrug It Off","floor":30.0},{"not_picked":["Thunderclap","True Grit+1"],"picked":"Pommel Strike","floor":31.0},{"not_picked":["Limit Break","Demon Form+1"],"picked":"Barricade+1","floor":33.0},{"not_picked":["Body Slam+1","Heavy Blade+1"],"picked":"Entrench","floor":35.0},{"not_picked":["Twin Strike","Sword Boomerang","Perfected Strike"],"picked":"SKIP","floor":36.0},{"not_picked":["Twin Strike+1","Clothesline"],"picked":"Dropkick+1","floor":41.0},{"not_picked":["Heavy Blade","True Grit"],"picked":"Dark Embrace+1","floor":42.0},{"not_picked":["Twin Strike","Flex+1"],"picked":"Bludgeon","floor":44.0},{"not_picked":["Flex","Thunderclap"],"picked":"Shrug It Off+1","floor":46.0},{"not_picked":["Reaper","Anger"],"picked":"Body Slam","floor":47.0},{"not_picked":["True Grit","Body Slam","Clash"],"picked":"SKIP","floor":48.0},{"not_picked":["Anger","Havoc","Sever Soul+1"],"picked":"SKIP","floor":54}],"player_experience":370321,"relics_obtained":[{"floor":6.0,"key":"Regal Pillow"},{"floor":9.0,"key":"Mummified Hand"},{"floor":12.0,"key":"Oddly Smooth Stone"},{"floor":14.0,"key":"Charon\u0027s Ashes"},{"floor":20.0,"key":"Red Mask"},{"floor":23.0,"key":"Frozen Egg 2"},{"floor":25.0,"key":"Bag of Preparation"},{"floor":28.0,"key":"StoneCalendar"},{"floor":42.0,"key":"MealTicket"},{"floor":43.0,"key":"Blood Vial"},{"floor":44.0,"key":"FossilizedHelix"},{"floor":46.0,"key":"Mango"},{"floor":47.0,"key":"Lizard Tail"},{"floor":54,"key":"Nunchaku"}],"event_choices":[{"cards_removed":["Strike_R"],"damage_healed":0.0,"max_hp_gain":0.0,"max_hp_loss":0.0,"gold_gain":0.0,"event_name":"The Cleric","player_choice":"Card Removal","floor":5.0,"gold_loss":50.0,"damage_taken":0.0},{"damage_healed":0.0,"max_hp_gain":0.0,"max_hp_loss":0.0,"gold_gain":79.0,"event_name":"Golden Wing","player_choice":"Gained Gold","floor":10.0,"gold_loss":0.0,"damage_taken":0.0},{"damage_healed":0.0,"max_hp_gain":0.0,"max_hp_loss":0.0,"gold_gain":0.0,"event_name":"Back to Basics","player_choice":"Simplicity","floor":19.0,"gold_loss":0.0,"damage_taken":0.0,"cards_upgraded":["Strike_R","Strike_R","Strike_R","Strike_R","Defend_R","Defend_R","Defend_R","Defend_R"]},{"damage_healed":0.0,"max_hp_gain":0.0,"max_hp_loss":0.0,"gold_gain":0.0,"event_name":"Masked Bandits","player_choice":"Fought Bandits","floor":20.0,"gold_loss":0.0,"damage_taken":0.0},{"damage_healed":0.0,"max_hp_gain":0.0,"max_hp_loss":0.0,"gold_gain":0.0,"event_name":"Beggar","player_choice":"Ignored","floor":21.0,"gold_loss":0.0,"damage_taken":0.0},{"damage_healed":0.0,"max_hp_gain":0.0,"max_hp_loss":0.0,"gold_gain":0.0,"event_name":"Addict","player_choice":"Obtained Relic","floor":29.0,"gold_loss":85.0,"damage_taken":0.0,"relics_obtained":["Incense Burner"]},{"cards_removed":["Strike_R"],"damage_healed":0.0,"max_hp_gain":0.0,"max_hp_loss":0.0,"gold_gain":0.0,"event_name":"Falling","player_choice":"Removed Attack","floor":37.0,"gold_loss":0.0,"damage_taken":0.0},{"damage_healed":0.0,"max_hp_gain":0.0,"max_hp_loss":0.0,"gold_gain":222.0,"event_name":"Tomb of Lord Red Mask","player_choice":"Wore Mask","floor":38.0,"gold_loss":0.0,"damage_taken":0.0},{"damage_healed":0.0,"max_hp_gain":0.0,"max_hp_loss":0.0,"gold_gain":0.0,"event_name":"Mysterious Sphere","player_choice":"Fight","floor":46.0,"gold_loss":0.0,"damage_taken":0.0},{"damage_healed":0.0,"max_hp_gain":0.0,"max_hp_loss":0.0,"gold_gain":0.0,"event_name":"MindBloom","player_choice":"Fight","floor":47.0,"gold_loss":0.0,"damage_taken":0.0}],"is_beta":false,"boss_relics":[{"not_picked":["Runic Cube","Runic Dome"],"picked":"Coffee Dripper"},{"not_picked":["Calling Bell","Snecko Eye"],"picked":"Sozu"}],"items_purged_floors":[],"is_endless":false,"potions_floor_spawned":[1,6,8,14,16,18,20,23,28,31,35,46,47,48],"ascension_level":6}}