{"host":"6xsbn6ynqlzwllfm","time":1609014792,"event":{"mods":["2.2 Compatiblity","BaseMod","Bestiary","Colored Map","Colored Powertips","Curses Come First","Highlight Path","Keyboard Shortcuts","Minty Spire (QoL Compilation)","Quick Restart","Relic Stats","Slay the Relics Exporter","StSLib","SuperFastMode"],"gold_per_floor":[119,132,132,142,142,173,173,192,219,239,254,254,273,301,301,380,380,391,391,401,155,165,165,175,175,226,243,243,243,243],"floor_reached":29,"playtime":2181,"items_purged":["Tactician"],"score":564,"play_id":"fbb983dd-4d43-405e-bf6d-a9ffe919fc9c","local_time":"20201226153312","is_ascension_mode":true,"campfire_choices":[{"data":"Burst","floor":7,"key":"SMITH"},{"data":"Blade Dance","floor":12,"key":"SMITH"},{"floor":15,"key":"REST"},{"data":"Phantasmal Killer","floor":23,"key":"SMITH"},{"data":"Blur","floor":25,"key":"SMITH"}],"circlet_count":0,"master_deck":["AscendersBane","Survivor","Neutralize","All Out Attack","Die Die Die","Flechettes","Quick Slash","Flechettes","Well Laid Plans","Doppelganger+1","After Image+1","Burst+1","Blade Dance+1","Poisoned Stab+1","Infinite Blades","Flying Knee","Blade Dance","PiercingWail","Escape Plan","Blur+1","Phantasmal Killer+1","Ghostly","Ghostly","Ghostly","Doppelganger+1","Backflip+1","Backflip"],"relics":["Pandora\u0027s Box","Oddly Smooth Stone","Tiny Chest","Dream Catcher","Sozu","DollysMirror","Smiling Mask"],"acts_visited":["Exordium","TheCity"],"potions_floor_usage":[14,14,16],"damage_taken":[{"damage":0,"enemies":"Small Slimes","floor":1,"turns":2},{"damage":0,"enemies":"Jaw Worm","floor":2,"turns":3},{"damage":0,"enemies":"Cultist","floor":4,"turns":2},{"damage":11,"enemies":"3 Sentries","floor":6,"turns":5},{"damage":7,"enemies":"2 Fungi Beasts","floor":8,"turns":3},{"damage":3,"enemies":"Large Slime","floor":10,"turns":4},{"damage":0,"enemies":"Exordium Thugs","floor":11,"turns":3},{"damage":12,"enemies":"Red Slaver","floor":13,"turns":2},{"damage":0,"enemies":"Lagavulin","floor":14,"turns":4},{"damage":18,"enemies":"The Guardian","floor":16,"turns":12},{"damage":0,"enemies":"Chosen","floor":18,"turns":5},{"damage":0,"enemies":"Spheric Guardian","floor":20,"turns":3},{"damage":0,"enemies":"3 Cultists","floor":22,"turns":4},{"damage":3,"enemies":"Chosen and Byrds","floor":24,"turns":6},{"damage":9,"enemies":"Snake Plant","floor":27,"turns":5},{"damage":17,"enemies":"Book of Stabbing","floor":29,"turns":2}],"seed_played":"-3478365934973791341","potions_obtained":[{"floor":6,"key":"CultistPotion"},{"floor":10,"key":"FearPotion"},{"floor":14,"key":"Block Potion"}],"is_trial":false,"path_per_floor":["M","M","?","M","?","E","R","M","T","M","M","R","M","E","R","B",null,"M","?","M","$","M","R","M","R","T","M","?","E"],"character_chosen":"THE_SILENT","items_purchased":["DollysMirror"],"campfire_rested":1,"item_purchase_floors":[21],"current_hp_per_floor":[59,59,39,39,39,28,28,21,21,18,18,18,6,6,25,7,51,51,33,33,33,33,33,30,30,30,21,15,0,0],"gold":243,"neow_bonus":"BOSS_RELIC","is_daily":false,"chose_seed":false,"campfire_upgraded":4,"win_rate":0.0,"timestamp":1609014792,"path_taken":["M","M","?","M","?","E","R","M","T","?","M","R","M","E","R","BOSS","M","?","M","$","M","R","M","R","T","M","?","E"],"items_purchased_type":["Relic"],"build_version":"2020-12-22","purchased_purges":1,"victory":false,"max_hp_per_floor":[66,66,66,66,66,66,66,66,66,66,66,66,66,66,66,66,66,66,33,33,33,33,33,33,33,33,33,33,33,33],"relic_stats":{"Sozu":0,"Dream Catcher":1,"counters":[16,65],"Pandora\u0027s Box":["All Out Attack","Die Die Die","Flechettes","Quick Slash","Flechettes","Tactician","Well Laid Plans","Doppelganger","After Image","Burst"],"Tiny Chest":0,"Smiling Mask":0,"obtain_stats":[{"Sozu":17,"Dream Catcher":14,"DollysMirror":21,"Oddly Smooth Stone":6,"Pandora\u0027s Box":0,"Tiny Chest":9,"Smiling Mask":26,"Ring of the Snake":0},{"Sozu":10,"Dream Catcher":9,"DollysMirror":12,"Oddly Smooth Stone":4,"Pandora\u0027s Box":0,"Tiny Chest":5,"Smiling Mask":14,"Ring of the Snake":0},{"Sozu":40,"Dream Catcher":28,"DollysMirror":48,"Oddly Smooth Stone":12,"Pandora\u0027s Box":0,"Tiny Chest":15,"Smiling Mask":58,"Ring of the Snake":0}]},"card_choices":[{"not_picked":["Bane","Slice"],"picked":"Blade Dance","floor":1},{"not_picked":["All Out Attack","Calculated Gamble"],"picked":"Poisoned Stab","floor":2},{"not_picked":["Sucker Punch","Flechettes"],"picked":"Infinite Blades","floor":4},{"not_picked":["Tactician","Dagger Spray"],"picked":"Flying Knee","floor":6},{"not_picked":["Bouncing Flask","Well Laid Plans","Choke"],"picked":"SKIP","floor":8},{"not_picked":["Tactician","Underhanded Strike"],"picked":"Blade Dance","floor":10},{"not_picked":["Underhanded Strike","Footwork"],"picked":"PiercingWail","floor":11},{"not_picked":["Acrobatics","Tactician"],"picked":"Escape Plan","floor":13},{"not_picked":["Bane","Bouncing Flask","Calculated Gamble"],"picked":"SKIP","floor":14},{"not_picked":["Eviscerate","Flechettes"],"picked":"Blur","floor":15},{"not_picked":["A Thousand Cuts","Storm of Steel"],"picked":"Phantasmal Killer","floor":16},{"not_picked":["Flying Knee","Prepared","Quick Slash"],"picked":"SKIP","floor":18},{"not_picked":["Calculated Gamble","Poisoned Stab","Deflect"],"picked":"SKIP","floor":20},{"not_picked":["Blade Dance","Distraction","Quick Slash"],"picked":"SKIP","floor":22},{"not_picked":["Crippling Poison+1","Acrobatics"],"picked":"Backflip+1","floor":24},{"not_picked":["Expertise","Crippling Poison"],"picked":"Backflip","floor":27}],"player_experience":1057686,"relics_obtained":[{"floor":6,"key":"Oddly Smooth Stone"},{"floor":9,"key":"Tiny Chest"},{"floor":14,"key":"Dream Catcher"},{"floor":26,"key":"Smiling Mask"}],"event_choices":[{"damage_healed":0,"gold_gain":0,"player_choice":"Entered Light","damage_taken":20,"max_hp_gain":0,"max_hp_loss":0,"event_name":"Shining Light","floor":3,"gold_loss":0,"cards_upgraded":["After Image","Poisoned Stab"]},{"damage_healed":0,"gold_gain":0,"player_choice":"Upgraded","damage_taken":0,"max_hp_gain":0,"max_hp_loss":0,"event_name":"Upgrade Shrine","floor":5,"gold_loss":0,"cards_upgraded":["Doppelganger"]},{"damage_healed":0,"gold_gain":0,"player_choice":"Became a Ghost","damage_taken":0,"max_hp_gain":0,"max_hp_loss":33,"event_name":"Ghosts","floor":19,"gold_loss":0,"cards_obtained":["Ghostly","Ghostly","Ghostly"]},{"damage_healed":0,"gold_gain":0,"player_choice":"","damage_taken":6,"max_hp_gain":0,"max_hp_loss":0,"event_name":"Knowing Skull","floor":28,"potions_obtained":[],"gold_loss":0,"cards_obtained":[]}],"is_beta":false,"boss_relics":[{"not_picked":["Black Star","Busted Crown"],"picked":"Sozu"}],"items_purged_floors":[21],"is_endless":false,"potions_floor_spawned":[6,10,11,13,14],"killed_by":"Book of Stabbing","ascension_level":19}}