{"host":"qm4rv4rkpk76sbxu","time":1609009499,"event":{"mods":["BaseMod","Bestiary","Block Reminder","DeckTracker","Filter the Spire","Keyboard Shortcuts","Minty Spire (QoL Compilation)","MonsterHotkey","Potion Indicator Mod","Quick Restart","Random Character Button","Relic Stats","Slay-I","StSLib","ojb\u0027s Better Paths Mod"],"gold_per_floor":[217,18,18,18,36,67,67,67,67,67,95,113,113,146,146,221,221,238,238,5,5,25,51,77,77,156,156,190,190,224,235,235,307,307,318,318,318,332,21,55,55,5,28,42,42,42],"floor_reached":45,"playtime":5764,"items_purged":["Shame","Writhe"],"score":1076,"play_id":"052188ec-12fa-4f8a-874a-120e0060bfb8","local_time":"20201226200459","is_ascension_mode":true,"campfire_choices":[{"data":"Fiend Fire","floor":7.0,"key":"SMITH"},{"data":"Dash","floor":10.0,"key":"SMITH"},{"data":"Iron Wave","floor":13.0,"key":"SMITH"},{"data":"Calculated Gamble","floor":15.0,"key":"SMITH"},{"data":"Bullet Time","floor":25.0,"key":"SMITH"},{"data":"Redo","floor":29.0,"key":"SMITH"},{"data":"Zap","floor":32.0,"key":"SMITH"},{"data":"Venomology","floor":41.0,"key":"SMITH"}],"circlet_count":0,"master_deck":["AscendersBane","Strike_B","Strike_B","Defend_B","Defend_B","Defend_B","Zap+1","Dualcast+1","Conserve Battery+1","Auto Shields","Redo+1","Dash+1","Fiend Fire+1","Iron Wave+1","Calculated Gamble+1","Cold Snap","All For One","Skewer+1","Metallicize","Bullet Time+1","Protect","Spot Weakness","Dark Shackles","Venomology+1","Perseverance+1","CrushJoints+1","Compile Driver","Consecrate+1","SashWhip+1"],"relics":["Cracked Core","PrismaticShard","CultistMask","Bronze Scales","White Beast Statue","Pantograph","Potion Belt","Velvet Choker","Eternal Feather","Toy Ornithopter","PreservedInsect","Blood Vial","Pear","Gremlin Horn","War Paint","Omamori","Cursed Key","Membership Card","Shuriken","Smiling Mask"],"acts_visited":["Exordium","TheCity","TheBeyond"],"potions_floor_usage":[45],"damage_taken":[{"damage":7.0,"enemies":"Small Slimes","floor":1.0,"turns":4.0},{"damage":6.0,"enemies":"2 Louse","floor":5.0,"turns":2.0},{"damage":20.0,"enemies":"3 Sentries","floor":6.0,"turns":8.0},{"damage":13.0,"enemies":"Lagavulin","floor":11.0,"turns":7.0},{"damage":0.0,"enemies":"Cultist","floor":12.0,"turns":2.0},{"damage":0.0,"enemies":"Gremlin Nob","floor":14.0,"turns":3.0},{"damage":9.0,"enemies":"Hexaghost","floor":16.0,"turns":9.0},{"damage":5.0,"enemies":"Shell Parasite","floor":18.0,"turns":6.0},{"damage":7.0,"enemies":"2 Thieves","floor":22.0,"turns":3.0},{"damage":22.0,"enemies":"Slavers","floor":23.0,"turns":7.0},{"damage":11.0,"enemies":"Gremlin Leader","floor":28.0,"turns":4.0},{"damage":27.0,"enemies":"Slavers","floor":30.0,"turns":5.0},{"damage":0.0,"enemies":"Chosen and Byrds","floor":31.0,"turns":5.0},{"damage":82.0,"enemies":"Automaton","floor":33.0,"turns":11.0},{"damage":22.0,"enemies":"3 Shapes","floor":35.0,"turns":8.0},{"damage":17.0,"enemies":"Orb Walker","floor":38.0,"turns":5.0},{"damage":30.0,"enemies":"Reptomancer","floor":40.0,"turns":6.0},{"damage":18.0,"enemies":"Spire Growth","floor":44.0,"turns":5.0},{"damage":46,"enemies":"Giant Head","floor":45,"turns":6}],"seed_played":"8525518506058148524","potions_obtained":[{"floor":1.0,"key":"Explosive Potion"},{"floor":11.0,"key":"AttackPotion"},{"floor":12.0,"key":"GamblersBrew"},{"floor":14.0,"key":"BlessingOfTheForge"},{"floor":16.0,"key":"FocusPotion"},{"floor":18.0,"key":"DistilledChaos"},{"floor":22.0,"key":"Fire Potion"},{"floor":23.0,"key":"SteroidPotion"},{"floor":28.0,"key":"Block Potion"},{"floor":30.0,"key":"SteroidPotion"},{"floor":31.0,"key":"BlessingOfTheForge"},{"floor":33.0,"key":"Explosive Potion"},{"floor":35.0,"key":"DuplicationPotion"},{"floor":40.0,"key":"GamblersBrew"},{"floor":44.0,"key":"FocusPotion"}],"is_trial":false,"path_per_floor":["M","$","?","?","M","E","R","?","T","R","E","M","R","E","R","B",null,"M","?","$","?","M","E","T","R","T","?","E","R","E","M","R","B",null,"M","?","?","M","$","E","R","$","T","M","E"],"character_chosen":"DEFECT","items_purchased":["PrismaticShard","Auto Shields","Toy Ornithopter","Membership Card","Shuriken","Compile Driver"],"campfire_rested":0,"item_purchase_floors":[2,2,20,39,39,39],"current_hp_per_floor":[57,57,57,57,51,31,31,31,31,31,18,18,18,18,18,34,62,57,57,57,57,55,43,43,55,65,65,61,73,48,50,65,4,62,47,47,47,37,37,24,39,39,39,38,0,0],"gold":42,"neow_bonus":"HUNDRED_GOLD","is_daily":false,"chose_seed":false,"campfire_upgraded":8,"win_rate":0.0,"timestamp":1609009499,"path_taken":["M","$","?","?","?","E","R","?","T","R","E","?","R","E","R","BOSS","M","?","$","?","?","E","?","R","T","?","E","R","E","M","R","BOSS","M","?","?","M","?","E","R","$","T","M","E"],"items_purchased_type":["Relic","Card","Relic","Relic","Relic","Card"],"build_version":"2020-12-22","purchased_purges":2,"victory":false,"max_hp_per_floor":[71,71,71,71,71,71,71,71,71,71,71,71,71,71,71,71,71,71,71,71,71,71,71,71,71,81,81,81,81,81,81,81,81,81,81,81,81,81,81,81,81,81,81,81,81,81],"relic_stats":{"Gremlin Horn":[14,14],"counters":[19,106],"Eternal Feather":54,"PreservedInsect":278,"War Paint":["Dualcast","Conserve Battery"],"Cursed Key":1,"Smiling Mask":0,"Blood Vial":18,"Shuriken":[6],"Bronze Scales":[267],"Pantograph":39,"obtain_stats":[{"Potion Belt":14,"Pear":26,"Gremlin Horn":27,"Velvet Choker":17,"Eternal Feather":19,"PreservedInsect":23,"Omamori":30,"War Paint":28,"PrismaticShard":2,"Cursed Key":34,"Smiling Mask":40,"White Beast Statue":9,"Blood Vial":24,"Shuriken":39,"Bronze Scales":6,"Pantograph":11,"CultistMask":4,"Membership Card":39,"Cracked Core":0,"Toy Ornithopter":20},{"Potion Belt":6,"Pear":10,"Gremlin Horn":10,"Velvet Choker":7,"Eternal Feather":8,"PreservedInsect":10,"Omamori":12,"War Paint":11,"PrismaticShard":1,"Cursed Key":14,"Smiling Mask":17,"White Beast Statue":3,"Blood Vial":10,"Shuriken":16,"Bronze Scales":3,"Pantograph":4,"CultistMask":1,"Membership Card":16,"Cracked Core":0,"Toy Ornithopter":8},{"Potion Belt":26,"Pear":51,"Gremlin Horn":51,"Velvet Choker":35,"Eternal Feather":41,"PreservedInsect":51,"Omamori":60,"War Paint":55,"PrismaticShard":4,"Cursed Key":76,"Smiling Mask":95,"White Beast Statue":14,"Blood Vial":51,"Shuriken":89,"Bronze Scales":14,"Pantograph":21,"CultistMask":4,"Membership Card":89,"Cracked Core":0,"Toy Ornithopter":41}],"Toy Ornithopter":70},"card_choices":[{"not_picked":["White Noise","Redo"],"picked":"Conserve Battery","floor":1.0},{"not_picked":["EmptyFist","Barrage"],"picked":"Dash","floor":5.0},{"not_picked":["Underhanded Strike","Steam Power"],"picked":"Fiend Fire","floor":6.0},{"not_picked":["Thunderclap","Ghostly Armor"],"picked":"Iron Wave","floor":11.0},{"not_picked":["Evaluate","Bloodletting"],"picked":"Calculated Gamble","floor":12.0},{"not_picked":["Slice","Thunderclap"],"picked":"Cold Snap","floor":14.0},{"not_picked":["Machine Learning","Corruption"],"picked":"All For One","floor":16.0},{"not_picked":["Dropkick","Cleave"],"picked":"Skewer","floor":18.0},{"not_picked":["Compile Driver+1","Power Through"],"picked":"Metallicize","floor":22.0},{"not_picked":["FlyingSleeves","Flex+1"],"picked":"Bullet Time","floor":23.0},{"not_picked":["Choke","Wild Strike"],"picked":"Protect","floor":28.0},{"not_picked":["Backflip","Disarm"],"picked":"Spot Weakness","floor":30.0},{"not_picked":["WindmillStrike+1","Sucker Punch"],"picked":"Dark Shackles","floor":31.0},{"not_picked":["SpiritShield","Biased Cognition"],"picked":"Venomology","floor":33.0},{"not_picked":["Perfected Strike","All Out Attack"],"picked":"Perseverance+1","floor":35.0},{"not_picked":["Coolheaded","Body Slam"],"picked":"CrushJoints+1","floor":38.0},{"not_picked":["Well Laid Plans","Lockon"],"picked":"Consecrate+1","floor":40.0},{"not_picked":["Quick Slash","True Grit"],"picked":"SashWhip+1","floor":44.0}],"player_experience":1132132,"relics_obtained":[{"floor":6.0,"key":"Bronze Scales"},{"floor":9.0,"key":"White Beast Statue"},{"floor":11.0,"key":"Pantograph"},{"floor":14.0,"key":"Potion Belt"},{"floor":23.0,"key":"PreservedInsect"},{"floor":24.0,"key":"Blood Vial"},{"floor":26.0,"key":"Pear"},{"floor":28.0,"key":"War Paint"},{"floor":30.0,"key":"Omamori"},{"floor":40.0,"key":"Smiling Mask"}],"event_choices":[{"damage_healed":0.0,"max_hp_gain":0.0,"max_hp_loss":0.0,"gold_gain":0.0,"cards_transformed":["Strike_B"],"event_name":"Living Wall","player_choice":"Change","floor":3.0,"gold_loss":0.0,"damage_taken":0.0,"cards_obtained":["Redo"]},{"damage_healed":0.0,"max_hp_gain":0.0,"max_hp_loss":0.0,"gold_gain":0.0,"event_name":"FaceTrader","player_choice":"Trade","floor":4.0,"gold_loss":0.0,"damage_taken":0.0,"relics_obtained":["CultistMask"]},{"cards_removed":["Defend_B"],"damage_healed":0.0,"max_hp_gain":0.0,"max_hp_loss":0.0,"gold_gain":0.0,"event_name":"Purifier","player_choice":"Purged","floor":8.0,"gold_loss":0.0,"damage_taken":0.0},{"damage_healed":0.0,"max_hp_gain":0.0,"max_hp_loss":0.0,"gold_gain":0.0,"event_name":"Addict","player_choice":"Stole Relic","floor":19.0,"gold_loss":0.0,"damage_taken":0.0,"relics_obtained":["Eternal Feather"],"cards_obtained":["Shame"]},{"damage_healed":0.0,"max_hp_gain":0.0,"max_hp_loss":0.0,"gold_gain":0.0,"event_name":"Upgrade Shrine","player_choice":"Upgraded","floor":21.0,"gold_loss":0.0,"damage_taken":0.0,"cards_upgraded":["Skewer"]},{"damage_healed":0.0,"max_hp_gain":0.0,"max_hp_loss":0.0,"gold_gain":0.0,"event_name":"The Mausoleum","player_choice":"Opened","floor":27.0,"gold_loss":0.0,"damage_taken":0.0,"relics_obtained":["Gremlin Horn"],"cards_obtained":["Writhe"]},{"damage_healed":0.0,"max_hp_gain":0.0,"max_hp_loss":0.0,"gold_gain":0.0,"event_name":"Tomb of Lord Red Mask","player_choice":"Ignored","floor":36.0,"gold_loss":0.0,"damage_taken":0.0},{"cards_removed":["Strike_B"],"damage_healed":0.0,"max_hp_gain":0.0,"max_hp_loss":0.0,"gold_gain":0.0,"event_name":"Falling","player_choice":"Removed Attack","floor":37.0,"gold_loss":0.0,"damage_taken":0.0}],"is_beta":false,"boss_relics":[{"not_picked":["Inserter","Runic Pyramid"],"picked":"Velvet Choker"},{"not_picked":["Snecko Eye","Tiny House"],"picked":"Cursed Key"}],"items_purged_floors":[20,42],"is_endless":false,"potions_floor_spawned":[1,11,12,14,16,18,22,23,28,30,31,33,35,38,40,44],"killed_by":"Giant Head","ascension_level":20}}