{"host":"tjq6rykv202u6iqx","time":1609002550,"event":{"mods":["AchievementEnabler","BaseMod","Minty Spire (QoL Compilation)","Rare Cards Sparkle","Relic Stats"],"gold_per_floor":[362,362,374,386,386,386,417,417,417,436,436,479,312,356,356,445,445,461,11,29,29,29,63,63,107,107,107,130,149,203,239,239,337,337,356,356,379,379,410,410,443,466,466,501,168,168,204,225,225,225,225,225,14,53,53],"floor_reached":56,"playtime":12107,"items_purged":["Defend_P","Defend_P"],"score":2433,"play_id":"7ed6e06f-be48-42c4-855e-cb1270f4067a","local_time":"20201226110910","is_ascension_mode":true,"campfire_choices":[{"data":"Eruption","floor":6.0,"key":"SMITH"},{"data":"Vault","floor":8.0,"key":"SMITH"},{"data":"Halt","floor":15.0,"key":"SMITH"},{"data":"EmptyFist","floor":24.0,"key":"SMITH"},{"floor":27.0,"key":"REST"},{"data":"1","floor":32.0,"key":"LIFT"},{"data":"2","floor":40.0,"key":"LIFT"},{"floor":49.0,"key":"RECALL"},{"data":"3","floor":52,"key":"LIFT"}],"circlet_count":0,"master_deck":["AscendersBane","Strike_P+1","Strike_P","Strike_P+1","Strike_P+1","Defend_P+1","Eruption+1","Vigilance+1","FlurryOfBlows","FollowUp+1","Indignation+1","Vault+1","Consecrate+1","Halt+1","Purity+1","InnerPeace+1","LessonLearned+1","TalkToTheHand+1","Adaptation+1","FearNoEvil+1","EmptyFist+1","TalkToTheHand+1","Vengeance+1","LikeWater+1","Scrawl","Tantrum+1","FlurryOfBlows+1","CutThroughFate","WaveOfTheHand"],"relics":["HolyWater","Thread and Needle","Incense Burner","Golden Idol","Pantograph","Orichalcum","Toolbox","Singing Bowl","Girya","PreservedInsect","SlaversCollar","GoldenEye","Blue Candle","Meat on the Bone","Gremlin Horn","Orrery","Vajra","The Courier","Membership Card","Pen Nib","Ornamental Fan"],"acts_visited":["Exordium","TheCity","TheBeyond","TheEnding"],"potions_floor_usage":[50,55],"damage_taken":[{"damage":4.0,"enemies":"2 Louse","floor":1.0,"turns":4.0},{"damage":15.0,"enemies":"Small Slimes","floor":3.0,"turns":4.0},{"damage":0.0,"enemies":"Jaw Worm","floor":4.0,"turns":3.0},{"damage":20.0,"enemies":"Lagavulin","floor":7.0,"turns":4.0},{"damage":0.0,"enemies":"Exordium Thugs","floor":10.0,"turns":2.0},{"damage":0.0,"enemies":"3 Sentries","floor":12.0,"turns":3.0},{"damage":0.0,"enemies":"Gremlin Nob","floor":14.0,"turns":3.0},{"damage":29.0,"enemies":"The Guardian","floor":16.0,"turns":13.0},{"damage":1.0,"enemies":"Spheric Guardian","floor":18.0,"turns":6.0},{"damage":0.0,"enemies":"2 Thieves","floor":20.0,"turns":5.0},{"damage":3.0,"enemies":"Slavers","floor":23.0,"turns":6.0},{"damage":25.0,"enemies":"Book of Stabbing","floor":25.0,"turns":4.0},{"damage":1.0,"enemies":"Snecko","floor":28.0,"turns":6.0},{"damage":4.0,"enemies":"Snake Plant","floor":29.0,"turns":5.0},{"damage":3.0,"enemies":"Centurion and Healer","floor":30.0,"turns":5.0},{"damage":6.0,"enemies":"Slavers","floor":31.0,"turns":5.0},{"damage":52.0,"enemies":"Collector","floor":33.0,"turns":9.0},{"damage":6.0,"enemies":"Orb Walker","floor":35.0,"turns":4.0},{"damage":0.0,"enemies":"3 Shapes","floor":37.0,"turns":3.0},{"damage":0.0,"enemies":"Mind Bloom Boss Battle","floor":39.0,"turns":2.0},{"damage":0.0,"enemies":"Nemesis","floor":41.0,"turns":5.0},{"damage":0.0,"enemies":"3 Darklings","floor":42.0,"turns":3.0},{"damage":0.0,"enemies":"Reptomancer","floor":44.0,"turns":4.0},{"damage":3.0,"enemies":"Giant Head","floor":47.0,"turns":3.0},{"damage":0.0,"enemies":"Transient","floor":48.0,"turns":6.0},{"damage":21,"enemies":"Time Eater","floor":50,"turns":7},{"damage":0,"enemies":"Shield and Spear","floor":54,"turns":2},{"damage":6,"enemies":"The Heart","floor":55,"turns":7}],"seed_played":"-103915127847633815","potions_obtained":[{"floor":1.0,"key":"Strength Potion"},{"floor":7.0,"key":"PowerPotion"},{"floor":10.0,"key":"DuplicationPotion"},{"floor":16.0,"key":"EssenceOfSteel"},{"floor":23.0,"key":"AttackPotion"},{"floor":25.0,"key":"Strength Potion"},{"floor":33.0,"key":"DistilledChaos"},{"floor":35.0,"key":"Dexterity Potion"},{"floor":39.0,"key":"FearPotion"},{"floor":42.0,"key":"DuplicationPotion"}],"is_trial":false,"path_per_floor":["M","?","M","M","?","R","E","R","T","M","?","E","$","E","R","B",null,"M","$","M","?","$","E","R","E","T","R","M","M","M","E","R","B",null,"M","?","M","?","?","R","E","M","T","E","$","?","E","M","R","B",null,"R","$","E","B",null],"character_chosen":"WATCHER","items_purchased":["Purity","TalkToTheHand","Adaptation","FearNoEvil","Toolbox","Orrery","Vajra","Membership Card","Pen Nib","SkillPotion"],"campfire_rested":1,"item_purchase_floors":[13,19,19,19,19,45,45,53,53,53],"current_hp_per_floor":[57,38,23,23,43,43,23,23,23,23,23,23,23,23,23,19,47,46,46,46,46,46,45,45,20,20,37,38,34,33,29,29,2,49,45,45,47,47,65,65,67,69,69,71,77,77,76,78,78,60,76,76,76,76,75],"gold":53,"neow_bonus":"TWO_FIFTY_GOLD","is_daily":false,"chose_seed":false,"campfire_upgraded":4,"win_rate":0.0,"timestamp":1609002550,"path_taken":["M","?","M","M","?","R","E","R","T","M","?","E","$","E","R","BOSS","M","$","M","?","?","E","R","E","T","R","M","M","M","E","R","BOSS","M","?","M","?","?","R","E","M","T","E","?","?","E","M","R","BOSS","R","$","E","BOSS"],"items_purchased_type":["Card","Card","Card","Card","Relic","Relic","Relic","Relic","Relic","Potion"],"build_version":"2020-12-22","purchased_purges":2,"victory":true,"max_hp_per_floor":[62,62,62,62,62,62,62,62,62,62,56,56,56,56,56,56,56,56,56,56,56,56,58,58,58,58,58,60,60,62,64,64,64,64,66,66,68,65,65,65,67,69,69,71,77,77,79,81,81,81,81,81,81,81,81],"relic_stats":{"Singing Bowl":28,"Gremlin Horn":[1,1],"counters":[28,133],"Golden Idol":197,"Blue Candle":[0],"PreservedInsect":317,"Pen Nib":[4],"Orichalcum":[192],"GoldenEye":[12],"Ornamental Fan":[32],"Pantograph":76,"obtain_stats":[{"Girya":25,"Singing Bowl":23,"Gremlin Horn":44,"Golden Idol":11,"Blue Candle":41,"Vajra":45,"Thread and Needle":7,"PreservedInsect":31,"The Courier":47,"Pen Nib":53,"Incense Burner":9,"Orichalcum":14,"GoldenEye":39,"SlaversCollar":34,"Ornamental Fan":54,"Pantograph":12,"HolyWater":17,"Toolbox":19,"Orrery":45,"Membership Card":53,"PureWater":0,"Meat on the Bone":43},{"Girya":12,"Singing Bowl":11,"Gremlin Horn":23,"Golden Idol":5,"Blue Candle":21,"Vajra":23,"Thread and Needle":4,"PreservedInsect":16,"The Courier":24,"Pen Nib":26,"Incense Burner":4,"Orichalcum":7,"GoldenEye":20,"SlaversCollar":17,"Ornamental Fan":27,"Pantograph":6,"HolyWater":8,"Toolbox":9,"Orrery":23,"Membership Card":26,"PureWater":0,"Meat on the Bone":22},{"Girya":57,"Singing Bowl":53,"Gremlin Horn":108,"Golden Idol":17,"Blue Candle":101,"Vajra":108,"Thread and Needle":15,"PreservedInsect":78,"The Courier":111,"Pen Nib":124,"Incense Burner":15,"Orichalcum":23,"GoldenEye":96,"SlaversCollar":87,"Ornamental Fan":126,"Pantograph":20,"HolyWater":36,"Toolbox":42,"Orrery":108,"Membership Card":124,"PureWater":0,"Meat on the Bone":104}],"Meat on the Bone":0},"card_choices":[{"not_picked":["EmptyBody","CutThroughFate"],"picked":"FlurryOfBlows","floor":1.0},{"not_picked":["EmptyBody","Evaluate"],"picked":"FollowUp","floor":3.0},{"not_picked":["Protect","FollowUp"],"picked":"Indignation","floor":4.0},{"not_picked":["Study","Conclude"],"picked":"Vault","floor":7.0},{"not_picked":["JustLucky","FollowUp"],"picked":"Consecrate","floor":10.0},{"not_picked":["FlyingSleeves","WheelKick"],"picked":"Halt","floor":12.0},{"not_picked":["Omniscience","FlurryOfBlows"],"picked":"InnerPeace","floor":14.0},{"not_picked":["DevaForm","Devotion"],"picked":"LessonLearned","floor":16.0},{"not_picked":["Protect","FollowUp","JustLucky"],"picked":"SKIP","floor":18.0},{"not_picked":["FlyingSleeves","Consecrate"],"picked":"EmptyFist","floor":20.0},{"not_picked":["Blasphemy","FollowUp","Worship"],"picked":"Singing Bowl","floor":23.0},{"not_picked":["Weave","Conclude"],"picked":"Vengeance","floor":25.0},{"not_picked":["FollowUp","EmptyFist","FlyingSleeves"],"picked":"Singing Bowl","floor":28.0},{"not_picked":["Nirvana","CrushJoints"],"picked":"LikeWater+1","floor":29.0},{"not_picked":["EmptyFist","ClearTheMind","Evaluate"],"picked":"Singing Bowl","floor":30.0},{"not_picked":["Adaptation","WindmillStrike","Halt"],"picked":"Singing Bowl","floor":31.0},{"not_picked":["Omniscience","Alpha"],"picked":"Scrawl","floor":33.0},{"not_picked":["CrushJoints","WindmillStrike","EmptyFist+1"],"picked":"Singing Bowl","floor":35.0},{"not_picked":["FollowUp","CrushJoints","EmptyBody+1"],"picked":"Singing Bowl","floor":37.0},{"not_picked":["Conclude","FlyingSleeves"],"picked":"Tantrum+1","floor":39.0},{"not_picked":["CrushJoints","Halt","Prostrate"],"picked":"Singing Bowl","floor":41.0},{"not_picked":["SignatureMove+1","EmptyBody+1","Protect"],"picked":"Singing Bowl","floor":42.0},{"not_picked":["PathToVictory","BowlingBash","Weave"],"picked":"Singing Bowl","floor":44.0},{"not_picked":["SashWhip","Sanctity","ClearTheMind"],"picked":"Singing Bowl","floor":45.0},{"not_picked":["BowlingBash+1","ReachHeaven","PathToVictory"],"picked":"Singing Bowl","floor":45.0},{"not_picked":["FearNoEvil","FollowUp","Vengeance"],"picked":"Singing Bowl","floor":45.0},{"not_picked":["LessonLearned","SignatureMove"],"picked":"FlurryOfBlows","floor":45.0},{"not_picked":["BowlingBash","PathToVictory"],"picked":"CutThroughFate","floor":45.0},{"not_picked":["Nirvana+1","Prostrate","Establishment"],"picked":"Singing Bowl","floor":47.0},{"not_picked":["PathToVictory","Halt","ClearTheMind"],"picked":"Singing Bowl","floor":48.0},{"not_picked":["DeceiveReality","Nirvana+1"],"picked":"WaveOfTheHand","floor":54}],"player_experience":772631,"relics_obtained":[{"floor":7.0,"key":"Thread and Needle"},{"floor":9.0,"key":"Incense Burner"},{"floor":12.0,"key":"Pantograph"},{"floor":14.0,"key":"Orichalcum"},{"floor":23.0,"key":"Singing Bowl"},{"floor":25.0,"key":"Girya"},{"floor":31.0,"key":"PreservedInsect"},{"floor":39.0,"key":"GoldenEye"},{"floor":41.0,"key":"Blue Candle"},{"floor":43.0,"key":"Meat on the Bone"},{"floor":44.0,"key":"Gremlin Horn"},{"floor":47.0,"key":"The Courier"},{"floor":54,"key":"Ornamental Fan"}],"event_choices":[{"damage_healed":0.0,"max_hp_gain":0.0,"max_hp_loss":0.0,"gold_gain":0.0,"event_name":"Shining Light","player_choice":"Entered Light","floor":2.0,"gold_loss":0.0,"damage_taken":19.0,"cards_upgraded":["Strike_P","Strike_P"]},{"damage_healed":20.0,"max_hp_gain":0.0,"max_hp_loss":0.0,"gold_gain":0.0,"event_name":"Big Fish","player_choice":"Banana","floor":5.0,"gold_loss":0.0,"damage_taken":0.0},{"damage_healed":0.0,"max_hp_gain":0.0,"max_hp_loss":6.0,"gold_gain":0.0,"event_name":"Golden Idol","player_choice":"Lose Max HP","floor":11.0,"gold_loss":0.0,"damage_taken":0.0,"relics_obtained":["Golden Idol"]},{"damage_healed":0.0,"max_hp_gain":0.0,"max_hp_loss":0.0,"gold_gain":0.0,"event_name":"Duplicator","player_choice":"Copied","floor":21.0,"gold_loss":0.0,"damage_taken":0.0,"cards_obtained":["TalkToTheHand"]},{"damage_healed":0.0,"max_hp_gain":0.0,"max_hp_loss":0.0,"gold_gain":0.0,"event_name":"Tomb of Lord Red Mask","player_choice":"Ignored","floor":36.0,"gold_loss":0.0,"damage_taken":0.0},{"damage_healed":0.0,"max_hp_gain":0.0,"max_hp_loss":3.0,"gold_gain":0.0,"event_name":"Winding Halls","player_choice":"Max HP","floor":38.0,"gold_loss":0.0,"damage_taken":0.0},{"damage_healed":0.0,"max_hp_gain":0.0,"max_hp_loss":0.0,"gold_gain":0.0,"event_name":"MindBloom","player_choice":"Fight","floor":39.0,"gold_loss":0.0,"damage_taken":0.0},{"cards_removed":["Defend_P"],"damage_healed":0.0,"max_hp_gain":0.0,"max_hp_loss":0.0,"gold_gain":0.0,"event_name":"Purifier","player_choice":"Purged","floor":46.0,"gold_loss":0.0,"damage_taken":0.0}],"is_beta":false,"boss_relics":[{"not_picked":["Calling Bell","Runic Dome"],"picked":"HolyWater"},{"not_picked":["Tiny House","SacredBark"],"picked":"SlaversCollar"}],"items_purged_floors":[13,19],"is_endless":false,"potions_floor_spawned":[1,7,10,16,23,25,33,35,39,42],"ascension_level":18}}