{"host":"hspm0s97xpvpwopl","time":1609019867,"event":{"mods":["BaseMod","Better Third Choice","Colored Map","Colored Powertips","Curses Come First","Downfall","Hermit","Minty Spire (QoL Compilation)","Relic Stats","Robot Space Explorer","Shop Mod","Spicy Shops","StSLib","The Cursed","The Runesmith"],"gold_per_floor":[209,209,209,209,384,454,468,468,518,73,73,91,91,91,91,190,190,205,205,205,239,1,1,1],"floor_reached":23,"playtime":1121,"items_purged":[],"score":185,"play_id":"b3419967-401c-40ef-8d53-8440547d6b36","local_time":"20201226155747","is_ascension_mode":false,"campfire_choices":[{"floor":8,"key":"REST"},{"floor":11,"key":"REST"},{"floor":13,"key":"REST"},{"data":"hermit:BlackWind","floor":15,"key":"SMITH"}],"circlet_count":0,"master_deck":["hermit:Strike_Hermit","hermit:Strike_Hermit","hermit:Strike_Hermit","hermit:Strike_Hermit","hermit:Defend_Hermit","hermit:Defend_Hermit","hermit:Defend_Hermit","hermit:Defend_Hermit","hermit:Snapshot","hermit:Covet+1","hermit:Combo+1","Doubt","hermit:BlackWind+1","hermit:Headshot","hermit:Grudge+1","hermit:HighCaliber+1","hermit:WideOpen+1","hermit:Misfire+1","Parasite","hermit:DeadOrAlive+1","hermit:CursedWeapon+1","hermit:Snipe"],"relics":["hermit:Momento","Torii","Dream Catcher","Molten Egg 2","Bird Faced Urn","Darkstone Periapt"],"acts_visited":["Exordium","TheCity"],"potions_floor_usage":[6,16,23],"damage_taken":[{"damage":0,"enemies":"Cultist","floor":1,"turns":3},{"damage":70,"enemies":"Gremlin Nob","floor":6,"turns":6},{"damage":6,"enemies":"Jaw Worm","floor":7,"turns":3},{"damage":0,"enemies":"Small Slimes","floor":12,"turns":1},{"damage":20,"enemies":"Slime Boss","floor":16,"turns":9},{"damage":34,"enemies":"Shell Parasite","floor":18,"turns":5},{"damage":12,"enemies":"Spheric Guardian","floor":21,"turns":3},{"damage":41,"enemies":"Book of Stabbing","floor":23,"turns":4}],"seed_played":"2362576485660192658","potions_obtained":[{"floor":1,"key":"AttackPotion"},{"floor":7,"key":"CultistPotion"},{"floor":21,"key":"hermit:Tonic"}],"is_trial":false,"path_per_floor":["M","?","?","?","?","E","M","R","T","$","R","M","R","?","R","B",null,"M","?","?","M","$","E"],"character_chosen":"HERMIT","items_purchased":["Molten Egg 2","hermit:Grudge+1","Bird Faced Urn","Darkstone Periapt"],"campfire_rested":3,"item_purchase_floors":[10,10,10,22],"current_hp_per_floor":[75,75,80,80,80,10,4,28,28,28,52,52,76,80,80,60,80,48,48,48,38,38,0,0],"gold":1,"neow_bonus":"HUNDRED_GOLD","is_daily":false,"chose_seed":false,"campfire_upgraded":1,"win_rate":0.0,"timestamp":1609019867,"path_taken":["M","?","?","?","?","E","M","R","T","$","R","M","R","?","R","BOSS","M","?","?","?","?","E"],"items_purchased_type":["Relic","Card","Relic","Relic"],"build_version":"2020-12-22","purchased_purges":0,"victory":false,"max_hp_per_floor":[75,75,80,80,80,80,80,80,80,80,80,80,80,80,80,80,80,80,80,80,80,80,80,80],"relic_stats":{"Darkstone Periapt":0,"Dream Catcher":2,"Torii":8,"counters":[8,34],"Bird Faced Urn":[6],"obtain_stats":[{"Darkstone Periapt":22,"Dream Catcher":9,"Torii":6,"Bird Faced Urn":10,"Molten Egg 2":10,"hermit:Momento":0},{"Darkstone Periapt":7,"Dream Catcher":3,"Torii":2,"Bird Faced Urn":3,"Molten Egg 2":3,"hermit:Momento":0},{"Darkstone Periapt":30,"Dream Catcher":12,"Torii":9,"Bird Faced Urn":12,"Molten Egg 2":12,"hermit:Momento":0}]},"card_choices":[{"not_picked":["hermit:NoHoldsBarred","hermit:Virtue"],"picked":"hermit:Combo","floor":1},{"not_picked":["hermit:Coalescence","hermit:DeadOrAlive"],"picked":"hermit:BlackWind","floor":6},{"not_picked":["hermit:Manifest","hermit:HoleUp"],"picked":"hermit:Headshot","floor":7},{"not_picked":["hermit:Midnight","hermit:SprayPray+1"],"picked":"hermit:HighCaliber+1","floor":11},{"not_picked":["hermit:Virtue","hermit:GhostlyPresence"],"picked":"hermit:WideOpen+1","floor":12},{"not_picked":["hermit:Showdown+1","hermit:EyeOfTheStorm"],"picked":"hermit:Misfire+1","floor":13},{"not_picked":["hermit:Gambit","hermit:OverwhelmingPower"],"picked":"hermit:DeadOrAlive+1","floor":16},{"not_picked":["hermit:Desperado+1","hermit:Misfire+1"],"picked":"hermit:CursedWeapon+1","floor":18},{"not_picked":["hermit:BodyArmor","hermit:HoleUp"],"picked":"hermit:Snipe","floor":21}],"player_experience":232127,"relics_obtained":[{"floor":6,"key":"Torii"},{"floor":9,"key":"Dream Catcher"}],"event_choices":[{"damage_healed":0,"gold_gain":0,"player_choice":"Leave","damage_taken":0,"max_hp_gain":0,"max_hp_loss":0,"event_name":"The Cleric","floor":2,"gold_loss":0},{"damage_healed":0,"gold_gain":0,"player_choice":"Donut","damage_taken":0,"max_hp_gain":5,"max_hp_loss":0,"event_name":"Big Fish","floor":3,"gold_loss":0},{"damage_healed":0,"gold_gain":0,"player_choice":"Grow","damage_taken":0,"max_hp_gain":0,"max_hp_loss":0,"event_name":"Living Wall","floor":4,"gold_loss":0,"cards_upgraded":["hermit:Combo"]},{"damage_healed":0,"gold_gain":175,"player_choice":"AGREE","damage_taken":209,"max_hp_gain":0,"max_hp_loss":0,"event_name":"betterThird:BetterSerpent","floor":5,"gold_loss":0},{"damage_healed":20,"gold_gain":0,"player_choice":"Healed and dodged fight","damage_taken":0,"max_hp_gain":0,"max_hp_loss":0,"event_name":"Mushrooms","floor":14,"gold_loss":0,"cards_obtained":["Parasite"]},{"damage_healed":0,"gold_gain":0,"player_choice":"Upgraded","damage_taken":0,"max_hp_gain":0,"max_hp_loss":0,"event_name":"Upgrade Shrine","floor":20,"gold_loss":0,"cards_upgraded":["hermit:Covet"]}],"is_beta":false,"boss_relics":[{"not_picked":["Fusion Hammer","Velvet Choker","Sozu"]}],"items_purged_floors":[],"is_endless":false,"potions_floor_spawned":[1,7,21],"killed_by":"Book of Stabbing","ascension_level":0}}