{"host":"vc42n08di9czm3e7","time":1609013193,"event":{"mods":["AchievementEnabler","Act Like it!","BaseMod","Colored Powertips","Downfall","Friendly Minions","GifTheSpireLib","Minty Spire (QoL Compilation)","Rare Cards Sparkle","StSLib"],"gold_per_floor":[110,110,110,35,114,147,164,190,214,231,231,231,245,270,270,375,375,395,41,52,52,52,52,52],"floor_reached":23,"playtime":1011,"items_purged":["Defend_B","Defend_B"],"score":232,"play_id":"32847eb6-174c-4f9e-a163-915e54b07651","local_time":"20201226150633","is_ascension_mode":false,"campfire_choices":[{"data":"Creative AI","floor":12,"key":"SMITH"},{"floor":15,"key":"REST"}],"circlet_count":0,"master_deck":["Strike_B","Strike_B","Defend_B","Defend_B","Zap+1","Dualcast","Capacitor","BootSequence","Ball Lightning","Creative AI+1","Chaos+1","Cold Snap","Leap+1","Self Repair","Double Energy+1","Echo Form","Genetic Algorithm+1","Leap+1","Necronomicurse"],"relics":["Cracked Core","NeowsBlessing","Question Card","Pear","Toxic Egg 2","Orichalcum","Dream Catcher","Sozu","Mummified Hand","Matryoshka","Necronomicon"],"acts_visited":["Exordium","TheCity"],"potions_floor_usage":[16,20,23],"damage_taken":[{"damage":0,"enemies":"Jaw Worm","floor":1,"turns":1},{"damage":0,"enemies":"Gremlin Nob","floor":6,"turns":1},{"damage":0,"enemies":"Small Slimes","floor":7,"turns":1},{"damage":27,"enemies":"Lagavulin","floor":8,"turns":6},{"damage":0,"enemies":"Cultist","floor":10,"turns":4},{"damage":6,"enemies":"Lots of Slimes","floor":13,"turns":5},{"damage":21,"enemies":"3 Sentries","floor":14,"turns":7},{"damage":13,"enemies":"Slime Boss","floor":16,"turns":8},{"damage":12,"enemies":"Spheric Guardian","floor":18,"turns":4},{"damage":4,"enemies":"2 Thieves","floor":20,"turns":3},{"damage":72,"enemies":"Slavers","floor":23,"turns":6}],"seed_played":"7957626360333675605","potions_obtained":[{"floor":6,"key":"Swift Potion"},{"floor":10,"key":"Slimebound:ThreeZeroPotion"},{"floor":13,"key":"Explosive Potion"}],"is_trial":false,"path_per_floor":["M","?","?","$","T","E","M","E","T","M","?","R","M","E","R","B",null,"M","$","M","T","?","E"],"character_chosen":"DEFECT","items_purchased":["Mummified Hand"],"campfire_rested":1,"item_purchase_floors":[19],"current_hp_per_floor":[75,68,68,68,68,78,78,51,51,51,51,51,45,24,49,43,85,80,80,83,83,67,0,0],"gold":52,"neow_bonus":"THREE_ENEMY_KILL","is_daily":false,"chose_seed":false,"campfire_upgraded":1,"win_rate":0.0,"timestamp":1609013193,"path_taken":["M","?","?","$","?","E","M","E","T","M","?","R","?","E","R","BOSS","M","?","M","?","?","E"],"items_purchased_type":["Relic"],"build_version":"2020-12-22","purchased_purges":2,"victory":false,"max_hp_per_floor":[75,75,75,75,75,85,85,85,85,85,85,85,85,85,85,85,85,85,85,85,85,85,85,85],"card_choices":[{"not_picked":["Rebound","Recycle"],"picked":"Capacitor","floor":1},{"not_picked":["Go for the Eyes","Rip and Tear","Undo"],"picked":"BootSequence","floor":6},{"not_picked":["Turbo","Compile Driver","White Noise"],"picked":"Ball Lightning","floor":7},{"not_picked":["Gash","White Noise+1","Compile Driver"],"picked":"Creative AI","floor":8},{"not_picked":["Conserve Battery+1","Sweeping Beam","Gash"],"picked":"Chaos+1","floor":10},{"not_picked":["Sweeping Beam","Capacitor","Streamline"],"picked":"Leap+1","floor":13},{"not_picked":["Stack+1","Sweeping Beam","Recycle+1"],"picked":"Self Repair","floor":14},{"not_picked":["Glacier+1","Creative AI","Go for the Eyes"],"picked":"Double Energy+1","floor":15},{"not_picked":["Multi-Cast+1","Thunder Strike","Reboot+1"],"picked":"Echo Form","floor":16},{"not_picked":["Chill+1","Hello World","Heatsinks+1"],"picked":"Genetic Algorithm+1","floor":18},{"not_picked":["Scrape","Turbo+1","Static Discharge"],"picked":"Leap+1","floor":20}],"player_experience":250825,"relics_obtained":[{"floor":5,"key":"Question Card"},{"floor":6,"key":"Pear"},{"floor":8,"key":"Toxic Egg 2"},{"floor":9,"key":"Orichalcum"},{"floor":14,"key":"Dream Catcher"},{"floor":21,"key":"Matryoshka"},{"floor":22,"key":"Necronomicon"}],"event_choices":[{"cards_removed":["Strike_B"],"damage_healed":0,"gold_gain":0,"player_choice":"Card Removal","damage_taken":7,"max_hp_gain":0,"max_hp_loss":0,"event_name":"Golden Wing","floor":2,"gold_loss":0},{"damage_healed":0,"gold_gain":0,"player_choice":"Grow","damage_taken":0,"max_hp_gain":0,"max_hp_loss":0,"event_name":"Living Wall","floor":3,"gold_loss":0,"cards_upgraded":["Zap"]},{"damage_healed":0,"gold_gain":0,"cards_transformed":["Strike_B"],"player_choice":"Transformed","damage_taken":0,"max_hp_gain":0,"max_hp_loss":0,"event_name":"Transmorgrifier","floor":11,"gold_loss":0,"cards_obtained":["Cold Snap"]},{"damage_healed":0,"gold_gain":0,"player_choice":"Obtained Book","damage_taken":16,"max_hp_gain":0,"max_hp_loss":0,"event_name":"Cursed Tome","floor":22,"gold_loss":0}],"is_beta":false,"boss_relics":[{"not_picked":["Busted Crown","Snecko Eye"],"picked":"Sozu"}],"items_purged_floors":[4,19],"is_endless":false,"potions_floor_spawned":[6,10,13,14,20],"killed_by":"Slavers","ascension_level":0}}