{"host":"u0f5uy314yz7olfc","time":1609011296,"event":{"mods":["AchievementEnabler","Aspiration","BaseMod","Better Altar","Better Match","Better Note","Better Sensory Stone","Better Skull","Better Third Choice","BetterRewards","Block Reminder","Colored Map","Colored Powertips","DeckTracker","Dota2Spire","Emptier Cage","Gold Saver","Highlight Path","Hubris","Infinite Spire","Marked Mod","Mimic Mod","Minty Spire (QoL Compilation)","Permanent Neow","Quick Restart","Rare Cards Sparkle","Relic Sorter","Shop Mod","StSLib","The Bladedancer","The Blue Laboratory","Watcher Patcher"],"gold_per_floor":[321,321,338,171,42,61,73,73,110,137,137,154,154,154],"floor_reached":13,"playtime":939,"items_purged":[],"score":85,"play_id":"f780b025-f555-485c-b61b-b47d1911dce5","local_time":"20201227023456","is_ascension_mode":false,"campfire_choices":[{"floor":11,"key":"REST"}],"circlet_count":0,"master_deck":["Strike_R","Strike_R","Strike_R","Strike_R","Strike_R","Defend_R","Defend_R","Defend_R","Defend_R","Bash","Armaments","Flash of Steel","Heavy Blade","Cleave","Perfected Strike","Metallicize","Anger","Uppercut","Rupture","Armaments","Cleave","Barricade","Clothesline","Dark Embrace","Cleave"],"relics":["Burning Blood","Meat on the Bone","MerchantsRug"],"acts_visited":["Exordium"],"potions_floor_usage":[],"damage_taken":[{"damage":10,"enemies":"Jaw Worm","floor":1,"turns":4},{"damage":6,"enemies":"Cultist","floor":3,"turns":4},{"damage":6,"enemies":"2 Louse","floor":6,"turns":2},{"damage":36,"enemies":"Exordium Thugs","floor":7,"turns":4},{"damage":11,"enemies":"Looter","floor":9,"turns":13},{"damage":22,"enemies":"Gremlin Nob","floor":10,"turns":5},{"damage":11,"enemies":"Looter","floor":12,"turns":3},{"damage":48,"enemies":"3 Sentries","floor":13,"turns":6}],"seed_played":"-3648585596575322874","potions_obtained":[{"floor":12,"key":"blueLaboratory:BottleOfVodka"}],"is_trial":false,"path_per_floor":["M","?","M","$","$","M","M","?","MIM","E","R","M","E"],"character_chosen":"IRONCLAD","items_purchased":["MerchantsRug","Armaments","Metallicize","Flash of Steel","Heavy Blade","Metallicize","Anger","Uppercut","Rupture","Armaments"],"campfire_rested":1,"item_purchase_floors":[0,0,0,0,0,4,4,4,5,5],"current_hp_per_floor":[50,80,80,80,80,80,50,50,45,29,53,48,0,0],"gold":154,"neow_bonus":"","is_daily":false,"chose_seed":false,"campfire_upgraded":0,"win_rate":0.0,"timestamp":1609011296,"path_taken":["M","?","M","?","$","?","M","?","MIM","E","R","M","E"],"items_purchased_type":["Relic","Card","Card","Card","Card","Card","Card","Card","Card","Card"],"build_version":"2020-12-22","purchased_purges":0,"victory":false,"max_hp_per_floor":[80,80,80,80,80,80,80,80,80,80,80,80,80,80],"card_choices":[{"not_picked":["ThirdEye","Shockwave"],"picked":"Cleave","floor":1},{"not_picked":["Headbutt","Heavy Blade"],"picked":"Perfected Strike","floor":3},{"not_picked":["hubris:SharpeningStone","Havoc"],"picked":"Cleave","floor":6},{"not_picked":["Ghostly Armor","Consecrate"],"picked":"Barricade","floor":7},{"not_picked":["Body Slam","Thunderclap"],"picked":"Clothesline","floor":9},{"not_picked":["Battle Trance","Spot Weakness"],"picked":"Dark Embrace","floor":10},{"not_picked":["Heavy Blade","ThirdEye"],"picked":"Cleave","floor":12}],"player_experience":331102,"relics_obtained":[{"floor":10,"key":"Meat on the Bone"}],"event_choices":[{"cards_removed":["Metallicize"],"damage_healed":30,"gold_gain":0,"player_choice":"Offered Uncommon","damage_taken":0,"max_hp_gain":0,"max_hp_loss":0,"event_name":"Bonfire Elementals","floor":2,"gold_loss":0}],"is_beta":false,"boss_relics":[],"items_purged_floors":[],"is_endless":false,"potions_floor_spawned":[12],"killed_by":"3 Sentries","ascension_level":0}}