{"host":"7nu0fnckee4tlfez","time":1609009321,"event":{"mods":["2.2 Compatiblity","AchievementEnabler","BaseMod","Colored Map","Lobotomy","LobotomyExtend","Marisa£¨Ùöéë¡¡Øª×âÞÞ£©","Minty Spire (QoL Compilation)","SuperFastMode"],"gold_per_floor":[111,61,76,251,32,32,32],"floor_reached":6,"playtime":218,"items_purged":["Strike_R"],"score":34,"play_id":"4ff7e3e4-d8c1-44b4-8072-9e7818273fd0","local_time":"20201227040201","is_ascension_mode":false,"campfire_choices":[],"circlet_count":0,"master_deck":["Strike_R","Strike_R","Strike_R","Defend_R","Defend_R","Defend_R","Defend_R","Bash","Wellcheers","Whirlwind","Rudolta","Thunderclap","Doubt","Fire Breathing","Dual Wield"],"relics":["Burning Blood","CogitoBucket","LetterFromLob"],"acts_visited":["Exordium"],"potions_floor_usage":[],"damage_taken":[{"damage":8,"enemies":"Jaw Worm","floor":1,"turns":4},{"damage":11,"enemies":"Small Slimes","floor":3,"turns":7},{"damage":83,"enemies":"Gremlin Nob","floor":6,"turns":5}],"seed_played":"-958345758330834175","potions_obtained":[],"is_trial":false,"path_per_floor":["M","?","M","?","$","E"],"character_chosen":"IRONCLAD","items_purchased":["Fire Breathing","Dual Wield"],"campfire_rested":0,"item_purchase_floors":[5,5],"current_hp_per_floor":[78,78,76,76,76,0,0],"gold":32,"neow_bonus":"","is_daily":false,"chose_seed":false,"campfire_upgraded":0,"win_rate":0.0,"timestamp":1609009321,"path_taken":["M","?","M","?","?","E"],"items_purchased_type":["Card","Card"],"build_version":"2020-12-22","purchased_purges":1,"victory":false,"max_hp_per_floor":[80,80,80,80,80,80,80],"card_choices":[{"not_picked":["OSAHOGD","CherryBlossoms"],"picked":"Wellcheers","floor":1},{"not_picked":["Twin Strike","True Grit"],"picked":"Whirlwind","floor":1},{"not_picked":["SnowQueen","SpiderBud"],"picked":"Rudolta","floor":3},{"not_picked":["Metallicize","Hemokinesis"],"picked":"Thunderclap","floor":3}],"player_experience":36521,"relics_obtained":[{"floor":1,"key":"LetterFromLob"}],"event_choices":[{"cards_removed":["Strike_R"],"damage_healed":0,"gold_gain":0,"player_choice":"Card Removal","damage_taken":0,"max_hp_gain":0,"max_hp_loss":0,"event_name":"The Cleric","floor":2,"gold_loss":50},{"damage_healed":0,"gold_gain":175,"player_choice":"AGREE","damage_taken":0,"max_hp_gain":0,"max_hp_loss":0,"event_name":"Liars Game","floor":4,"gold_loss":0,"cards_obtained":["Doubt"]}],"is_beta":false,"boss_relics":[],"items_purged_floors":[5],"is_endless":false,"potions_floor_spawned":[],"killed_by":"Gremlin Nob","ascension_level":0}}