{"host":"uyrebrj0204enqpc","time":1609005964,"event":{"mods":["Act Like it!","Bard","BaseMod","Block Reminder","Challenge The Spire","Colored Map","Colored Powertips","DeckTracker","Downfall","GifTheSpireLib","HexUI Lib","Highlight Path","Hubris","Minty Spire (QoL Compilation)","Pale of the Ancients","Quick Restart","Random Character Button","Relic Sorter","Relic Stats","Replay The Spire","Shop Mod","StSLib","The Blue Laboratory","The Bug Knight","The Cursed","The Marked","Wandering Minibosses"],"gold_per_floor":[110,110,185,260,271,271,305,319,319,336,370,370,350,366,366,366,366],"floor_reached":16,"playtime":391,"items_purged":[],"score":155,"play_id":"e55feda4-7f7b-4c04-be80-67bbbfaca91f","local_time":"20201226130604","is_ascension_mode":true,"campfire_choices":[{"data":"TheCursedMod:CleanUpWorkshop","floor":6,"key":"SMITH"},{"floor":15,"key":"REST"}],"circlet_count":0,"master_deck":["TheCursedMod:Strike_TheCursed","TheCursedMod:Strike_TheCursed","TheCursedMod:Strike_TheCursed","TheCursedMod:Strike_TheCursed","TheCursedMod:Defend_TheCursed","TheCursedMod:Defend_TheCursed","TheCursedMod:Defend_TheCursed","TheCursedMod:CursedWand","TheCursedMod:CleanUpWorkshop+1","TheCursedMod:Dregs","TheCursedMod:CursedShiv","TheCursedMod:CursedShiv","TheCursedMod:RapidMovement","TheCursedMod:HellfireBreathing","Injury"],"relics":["TheCursedMod:BlackMagic101","NeowsBlessing","Mummified Hand","hubris:DisguiseKit","Replay:WaspNest","Golden Idol"],"acts_visited":["Exordium"],"potions_floor_usage":[14,16],"damage_taken":[{"damage":0.0,"enemies":"Small Slimes","floor":1.0,"turns":1.0},{"damage":0,"enemies":"Jaw Worm","floor":5,"turns":1},{"damage":0,"enemies":"3 Sentries","floor":7,"turns":1},{"damage":0,"enemies":"Cultist","floor":8,"turns":3},{"damage":9,"enemies":"3 Louse","floor":10,"turns":4},{"damage":19,"enemies":"Gremlin Nob","floor":11,"turns":4},{"damage":5,"enemies":"Lots of Slimes","floor":14,"turns":3},{"damage":41,"enemies":"Slime Boss","floor":16,"turns":7}],"seed_played":"-2668773918657390598","potions_obtained":[{"floor":7,"key":"blueLaboratory:EmptyBottle"},{"floor":11,"key":"Elixir"},{"floor":13,"key":"SteroidPotion"}],"is_trial":false,"path_per_floor":["M","?","?","?","M","R","E","M","T","M","E","?","?","M","R","B"],"character_chosen":"THE_CURSED","items_purchased":[],"campfire_rested":1,"item_purchase_floors":[],"current_hp_per_floor":[75,68,57,50,50,50,50,50,50,41,22,22,22,17,39,0,0],"gold":366,"neow_bonus":"THREE_ENEMY_KILL","is_daily":false,"chose_seed":false,"campfire_upgraded":1,"win_rate":0.0,"timestamp":1609005964,"path_taken":["M","?","?","?","?","R","E","M","T","M","E","?","?","M","R","BOSS"],"items_purchased_type":[],"build_version":"2020-12-22","purchased_purges":0,"victory":false,"max_hp_per_floor":[75,75,75,75,75,75,75,75,75,75,75,75,75,75,75,75,75],"relic_stats":{"counters":[8,24],"Mummified Hand":[3],"Golden Idol":3,"obtain_stats":[{"TheCursedMod:BlackMagic101":0,"hubris:DisguiseKit":9,"NeowsBlessing":0,"Mummified Hand":7,"Golden Idol":12,"Replay:WaspNest":11},{"TheCursedMod:BlackMagic101":0,"hubris:DisguiseKit":4,"NeowsBlessing":0,"Mummified Hand":3,"Golden Idol":6,"Replay:WaspNest":6},{"TheCursedMod:BlackMagic101":0,"hubris:DisguiseKit":6,"NeowsBlessing":0,"Mummified Hand":3,"Golden Idol":14,"Replay:WaspNest":14}]},"card_choices":[{"not_picked":["TheCursedMod:SmokeScreen","TheCursedMod:WearCloak"],"picked":"TheCursedMod:CursedShiv","floor":1.0},{"not_picked":["TheCursedMod:Torture","TheCursedMod:SurpriseAttack"],"picked":"TheCursedMod:CursedShiv","floor":5},{"not_picked":["TheCursedMod:DarkBarrier","TheCursedMod:SpitefulStrike","TheCursedMod:Torture"],"picked":"SKIP","floor":7},{"not_picked":["TheCursedMod:CircleOfFlame","TheCursedMod:Mangle"],"picked":"TheCursedMod:RapidMovement","floor":8},{"not_picked":["TheCursedMod:Stigma","TheCursedMod:RapidMovement","Sever Soul"],"picked":"TheCursedMod:HellfireBreathing","floor":10},{"not_picked":["TheCursedMod:CursedArmor","TheCursedMod:SurpriseAttack","TheCursedMod:FleshFromBone","hubris:StunningStrike"],"picked":"SKIP","floor":11},{"not_picked":["TheCursedMod:Wield","TheCursedMod:RavingStaff","TheCursedMod:Evocation","Replay:Undeath\u0027s Touch"],"picked":"SKIP","floor":14}],"player_experience":935360,"relics_obtained":[{"floor":7,"key":"Mummified Hand"},{"floor":9,"key":"hubris:DisguiseKit"},{"floor":11,"key":"Replay:WaspNest"}],"event_choices":[{"cards_removed":["TheCursedMod:Defend_TheCursed"],"damage_healed":0.0,"max_hp_gain":0.0,"max_hp_loss":0.0,"gold_gain":0.0,"event_name":"Golden Wing","player_choice":"Card Removal","floor":2.0,"gold_loss":0.0,"damage_taken":7.0},{"damage_healed":0.0,"max_hp_gain":0.0,"max_hp_loss":0.0,"gold_gain":75.0,"event_name":"World of Goop","player_choice":"Gather Gold","floor":3.0,"gold_loss":0.0,"damage_taken":11.0},{"damage_healed":0,"gold_gain":75,"player_choice":"Touch","damage_taken":7,"max_hp_gain":0,"max_hp_loss":0,"event_name":"FaceTrader","floor":4,"gold_loss":0},{"damage_healed":0,"gold_gain":0,"player_choice":"Take Wound","damage_taken":0,"relics_obtained":["Golden Idol"],"max_hp_gain":0,"max_hp_loss":0,"event_name":"Golden Idol","floor":12,"gold_loss":0,"cards_obtained":["Injury"]},{"damage_healed":0,"gold_gain":0,"player_choice":"Bought 1 Potion","damage_taken":0,"max_hp_gain":0,"max_hp_loss":0,"event_name":"The Woman in Blue","floor":13,"gold_loss":0}],"is_beta":false,"boss_relics":[],"items_purged_floors":[],"is_endless":false,"potions_floor_spawned":[7,11],"killed_by":"Slime Boss","ascension_level":3}}