{"host":"pf9sh7nh6rpu9sau","time":1609017445,"event":{"mods":["2.2 Compatiblity","BaseMod","BetterRewards","Downfall","Hermit","Hubris","Mad Scientist","Minty Spire (QoL Compilation)","Permanent Neow","Quick Restart","Replay The Spire","Somnambulant","StSLib","The Clintock","The Cursed","The Disciple","The Hierophant","The Necromancer","The Runesmith","The Servant 0.9.4","TheVacant"],"gold_per_floor":[99,117,117,131,131,142,169,193,193,22,22,22,57,73,93,196,196,196,212,268,288,15,26,26,26,11,11,37,37,48,33,50,154,254,254,267,279,418,428,428,455,455,470,470,516,542,561,636,654,654],"floor_reached":51,"playtime":5423,"items_purged":["champ:Strike"],"score":872,"play_id":"3f2ef624-9c14-4fef-98eb-33825e0c9d8b","local_time":"20201226161725","is_ascension_mode":false,"campfire_choices":[{"floor":1,"key":"DIG"},{"data":"champ:Taunt","floor":9,"key":"SMITH"},{"data":"champ:FlashCut","floor":12,"key":"SMITH"},{"data":"champ:PerfectForm","floor":18,"key":"SMITH"},{"data":"champ:Balance","floor":27,"key":"SMITH"},{"floor":35,"key":"RECALL"},{"data":"champ:EndlessRage","floor":40,"key":"SMITH"},{"data":"champ:TornadoPunch","floor":44,"key":"SMITH"}],"circlet_count":0,"master_deck":["champ:Strike","champ:Strike+1","champ:Strike","champ:Defend","champ:Defend","champ:Defend","champ:Defend","champ:Execute","champ:Taunt+1","champ:Haymaker","champ:FlashCut+1","champ:Balance+1","champ:PerfectForm+1","champ:Lariat","champ:DefensiveShout+1","champ:BringItOn","Clumsy","champ:StrikeOfGenius","champ:StanceDance+1","champ:MurderStrike","champ:TornadoPunch+1","champ:ShieldThrow+1","champ:FocusedDefense+1","champ:EndlessRage+1","Sickly","Combust","champ:DancingMaster","Battle Trance"],"relics":["champ:ChampionCrown","Durian","Omamori","hubris:DisguiseKit","hubris:TenFootPole","Blood Vial","champ:DefensiveTrainingManual","PreservedInsect","Ornamental Fan","Cursed Key","Bag of Preparation","ReplayTheSpireMod:Shallot","hubris:CuriousFeather","Ginger","Replay:Grab Bag","Replay:Wanted Poster","Sozu","hubris:ScarierMask","hubris:Backtick","King of Hearts","Membership Card","Whetstone","Ring of Searing","hubris:Potato","hubris:FunFungus"],"acts_visited":["Exordium","TheCity","TheBeyond"],"potions_floor_usage":[16,22,33,33],"damage_taken":[{"damage":10,"enemies":"Cultist","floor":2,"turns":5},{"damage":21,"enemies":"Jaw Worm","floor":4,"turns":5},{"damage":9,"enemies":"Small Slimes","floor":6,"turns":5},{"damage":0,"enemies":"downfall:FleeingMerchant","floor":10,"turns":4},{"damage":19,"enemies":"3 Sentries","floor":13,"turns":6},{"damage":8,"enemies":"Exordium Wildlife","floor":14,"turns":4},{"damage":5,"enemies":"Red Slaver","floor":15,"turns":2},{"damage":81,"enemies":"downfall:Ironclad","floor":16,"turns":9},{"damage":5,"enemies":"Spheric Guardian","floor":19,"turns":3},{"damage":29,"enemies":"Shell Parasite","floor":21,"turns":4},{"damage":19,"enemies":"downfall:FleeingMerchant","floor":22,"turns":4},{"damage":38,"enemies":"Snecko","floor":23,"turns":3},{"damage":16,"enemies":"downfall:FleeingMerchant","floor":26,"turns":4},{"damage":23,"enemies":"Slavers","floor":28,"turns":5},{"damage":20,"enemies":"Snake Plant","floor":30,"turns":4},{"damage":11,"enemies":"downfall:FleeingMerchant","floor":31,"turns":4},{"damage":26,"enemies":"Centurion and Healer","floor":32,"turns":5},{"damage":47,"enemies":"downfall:Silent","floor":33,"turns":8},{"damage":16,"enemies":"3 Darklings","floor":36,"turns":4},{"damage":7,"enemies":"Orb Walker","floor":37,"turns":3},{"damage":11,"enemies":"downfall:FleeingMerchant","floor":38,"turns":3},{"damage":32,"enemies":"4 Shapes","floor":39,"turns":5},{"damage":24,"enemies":"Maw","floor":43,"turns":5},{"damage":15,"enemies":"2 Orb Walkers","floor":45,"turns":3},{"damage":3,"enemies":"Giant Head","floor":46,"turns":6},{"damage":2,"enemies":"Transient","floor":47,"turns":5},{"damage":0,"enemies":"Sphere and 2 Shapes","floor":49,"turns":2},{"damage":7,"enemies":"downfall:Watcher","floor":50,"turns":7}],"seed_played":"7594169478915486451","potions_obtained":[{"floor":2,"key":"Regen Potion"},{"floor":5,"key":"GamblersBrew"},{"floor":5,"key":"SpeedPotion"},{"floor":15,"key":"Weak Potion"},{"floor":20,"key":"Milkshake"},{"floor":28,"key":"Fire Potion"},{"floor":32,"key":"Languid Potion"},{"floor":33,"key":"FairyPotion"}],"is_trial":false,"path_per_floor":["R","M","?","M","?","M","T","T","R","$","T","R","E","M","M","B",null,"R","M","?","M","$","M","T","?","$","R","E","?","M","$","M","B",null,"R","M","M","$","M","R","T","?","M","R","?","E","M","?","M","B",null],"character_chosen":"THE_CHAMP","items_purchased":["champ:DefensiveTrainingManual","ReplayTheSpireMod:Shallot","Membership Card","champ:EndlessRage"],"campfire_rested":0,"item_purchase_floors":[10,22,38,38],"current_hp_per_floor":[86,81,81,70,70,64,64,64,64,66,66,66,59,53,55,6,86,86,86,86,86,86,86,86,86,86,86,76,70,76,78,82,71,91,91,91,90,91,77,77,77,77,73,73,65,89,90,90,91,91],"gold":654,"neow_bonus":"ONE_RARE_RELIC","is_daily":false,"chose_seed":false,"campfire_upgraded":6,"win_rate":0.0,"timestamp":1609017445,"path_taken":["R","M","?","M","?","?","T","?","R","$","?","R","E","M","M","BOSS","R","M","?","M","$","M","T","?","?","R","E","?","M","?","M","BOSS","R","M","M","$","M","R","T","?","M","R","?","E","M","?","M","BOSS"],"items_purchased_type":["Relic","Relic","Relic","Card"],"build_version":"2020-12-22","purchased_purges":1,"victory":true,"max_hp_per_floor":[86,86,86,86,86,86,86,86,86,86,86,86,86,86,86,86,86,86,86,86,86,86,86,86,86,86,86,86,91,91,91,91,91,91,91,91,91,91,91,91,91,91,91,91,91,91,91,91,91,91],"card_choices":[{"not_picked":["champ:FalseCounter","champ:GutPunch","champ:Shatter"],"picked":"SKIP","floor":2},{"not_picked":["champ:EnGarde","champ:CrookedStrike","Entrench"],"picked":"champ:Haymaker","floor":4},{"not_picked":["champ:Shatter","champ:DefensiveShout","champ:HeartStrike","Clothesline"],"picked":"SKIP","floor":6},{"not_picked":["champ:DefensiveShout","champ:PerfectedStrike","Wild Strike"],"picked":"champ:FlashCut","floor":10},{"not_picked":["champ:Duel","champ:EnGarde","Thunderclap"],"picked":"champ:Balance","floor":13},{"not_picked":["champ:BerserkersShout","champ:FocusedGladiator","champ:LastStand","Clothesline"],"picked":"SKIP","floor":14},{"not_picked":["champ:BerserkersShout","champ:BladeFlurry","champ:CrookedStrike","Perfected Strike"],"picked":"SKIP","floor":15},{"not_picked":["champ:HeavySlash","champ:IgnorePain","Impervious"],"picked":"champ:PerfectForm","floor":16},{"not_picked":["champ:Circumvent","champ:BringItOn","Anger"],"picked":"champ:Lariat","floor":19},{"not_picked":["champ:Duel","champ:SkillfulDodge","Anger"],"picked":"champ:DefensiveShout+1","floor":21},{"not_picked":["champ:Haymaker","champ:Encircle","Twin Strike"],"picked":"champ:BringItOn","floor":22},{"not_picked":["champ:DefensiveShout","champ:Devastate","champ:BringItOn","Blood for Blood"],"picked":"SKIP","floor":23},{"not_picked":["champ:FightOn","champ:DefensiveShout","Warcry"],"picked":"champ:StrikeOfGenius","floor":26},{"not_picked":["champ:Devastate","champ:GladiatorsShout","ReplayTheSpireMod:Strike From Hell"],"picked":"champ:StanceDance+1","floor":28},{"not_picked":["champ:BerserkersShout+1","champ:Backstep+1","champ:CrookedStrike+1","Body Slam"],"picked":"SKIP","floor":30},{"not_picked":["champ:BringItOn+1","champ:PerfectedStrike","Ghostly Armor"],"picked":"champ:MurderStrike","floor":31},{"not_picked":["champ:Backstep","champ:BladeFlurry+1","Clash"],"picked":"champ:TornadoPunch","floor":32},{"not_picked":["champ:PerfectForm","champ:MurderStrike","Offering"],"picked":"champ:ShieldThrow","floor":33},{"not_picked":["champ:DefensiveShout","champ:EndlessRage+1","Intimidate"],"picked":"champ:FocusedDefense+1","floor":36},{"not_picked":["champ:Haymaker+1","champ:CrookedStrike","champ:GladiatorsShout+1","ReplayTheSpireMod:LeadingStrike"],"picked":"SKIP","floor":37},{"not_picked":["champ:TornadoPunch+1","champ:DefensiveShout","champ:EnragedBash+1","Reaper"],"picked":"SKIP","floor":38},{"not_picked":["champ:GutPunch","champ:Backstep+1","champ:GladiatorsShout+1","Blood for Blood"],"picked":"SKIP","floor":39},{"not_picked":["champ:GutPunch","champ:AdrenalArmor","champ:StanceDance+1"],"picked":"Combust","floor":43},{"not_picked":["champ:RisingSlash+1","champ:AdrenalArmor+1","Twin Strike"],"picked":"champ:DancingMaster","floor":45},{"not_picked":["champ:GutPunch+1","champ:TornadoPunch","champ:GladiatorsShout","Body Slam"],"picked":"SKIP","floor":46},{"not_picked":["champ:AdrenalArmor","champ:Backstep+1","champ:FlashCut+1"],"picked":"Battle Trance","floor":47},{"not_picked":["champ:EnragedBash+1","champ:DefensiveShout+1","champ:FlashCut+1","Shockwave"],"picked":"SKIP","floor":49}],"player_experience":749172,"relics_obtained":[{"floor":1,"key":"Omamori"},{"floor":7,"key":"hubris:TenFootPole"},{"floor":8,"key":"Blood Vial"},{"floor":11,"key":"PreservedInsect"},{"floor":13,"key":"Ornamental Fan"},{"floor":20,"key":"Bag of Preparation"},{"floor":24,"key":"hubris:CuriousFeather"},{"floor":28,"key":"Ginger"},{"floor":41,"key":"Whetstone"},{"floor":42,"key":"Ring of Searing"},{"floor":45,"key":"hubris:Potato"},{"floor":46,"key":"hubris:FunFungus"}],"event_choices":[{"damage_healed":0,"gold_gain":0,"player_choice":"Got Potions","damage_taken":0,"max_hp_gain":0,"max_hp_loss":0,"event_name":"Lab","floor":5,"gold_loss":0},{"damage_healed":0,"gold_gain":0,"player_choice":"Ignored","damage_taken":0,"max_hp_gain":0,"max_hp_loss":0,"event_name":"Ghosts","floor":25,"gold_loss":0},{"damage_healed":0,"gold_gain":0,"player_choice":"Fight","damage_taken":0,"max_hp_gain":0,"max_hp_loss":0,"event_name":"Mysterious Sphere","floor":45,"gold_loss":0}],"is_beta":false,"boss_relics":[{"not_picked":["Painkiller Herb","Honey Jar"],"picked":"Cursed Key"},{"not_picked":["Busted Crown","hubris:TerracottaHorce"],"picked":"Replay:Grab Bag"},{"not_picked":["Velvet Choker","Abe\u0027s Treasure"],"picked":"Replay:Wanted Poster"},{"not_picked":["Runic Dome","hubris:CrackedHourglass"],"picked":"Sozu"},{"not_picked":["hubris:BlackHole","SlaversCollar"],"picked":"hubris:ScarierMask"},{"not_picked":["Calling Bell","Runic Pyramid"],"picked":"hubris:Backtick"}],"items_purged_floors":[38],"is_endless":false,"potions_floor_spawned":[2,15,28,32,33,36,39,43,49],"ascension_level":0}}