{"host":"86c6vgocyjlprmyx","time":1609011035,"event":{"mods":["BaseMod","Downfall","Hermit","Minty Spire (QoL Compilation)","Replay The Spire","Shade Mod","StSLib","The Cursed","The Hierophant","The Necromancer","The Servant 0.9.4"],"gold_per_floor":[108,6,49,124,9,75,87,49,88,100,149,161,173,255,267,227,227],"floor_reached":16,"playtime":991,"items_purged":["hierophant:Strike_Hierophant"],"score":96,"play_id":"e1e4761e-2c58-49d7-8293-f2c6d8c7e36b","local_time":"20201226203035","is_ascension_mode":false,"campfire_choices":[{"data":"hierophant:ChurchCoffers","floor":7,"key":"SMITH"},{"floor":10,"key":"REST"},{"data":"hierophant:Purify","floor":12,"key":"SMITH"}],"circlet_count":0,"master_deck":["hierophant:Strike_Hierophant","hierophant:Strike_Hierophant","hierophant:Punish","hierophant:Defend_Hierophant","hierophant:Defend_Hierophant","hierophant:Defend_Hierophant","hierophant:Defend_Hierophant","hierophant:ChurchCoffers+1","hierophant:Upheaval","hierophant:RustyCrate","hierophant:Doubloon","hierophant:Doubloon","hierophant:Doubloon","hierophant:Endure","hierophant:Martyrdom","hierophant:FieryStrike","Pot Of Greed","Pot Of Greed","hierophant:Purify+1"],"relics":["hierophant:PropheticMaskRelic","MawBank","Grinning Jar","Letter Opener","PreservedInsect"],"acts_visited":["Exordium"],"potions_floor_usage":[],"damage_taken":[{"damage":6,"enemies":"Jaw Worm","floor":1,"turns":4},{"damage":17,"enemies":"Small Slimes","floor":3,"turns":4},{"damage":15,"enemies":"Replay:BlueRogue","floor":6,"turns":10},{"damage":0,"enemies":"2 Louse","floor":11,"turns":3},{"damage":52,"enemies":"Hexaghost","floor":16,"turns":10}],"seed_played":"-6702473998199998402","potions_obtained":[{"floor":3,"key":"champ:CounterPotion"},{"floor":6,"key":"CultistPotion"}],"is_trial":false,"path_per_floor":["M","$","M","?","$","E","R","?","T","R","M","R","$","T","R","B"],"character_chosen":"HIEROPHANT","items_purchased":["hierophant:RustyCrate","hierophant:Doubloon","hierophant:Martyrdom"],"campfire_rested":1,"item_purchase_floors":[2,2,5],"current_hp_per_floor":[76,76,59,48,48,33,33,33,33,57,57,57,57,57,50,0,0],"gold":227,"neow_bonus":"TEN_PERCENT_HP_BONUS","is_daily":false,"chose_seed":false,"campfire_upgraded":2,"win_rate":0.0,"timestamp":1609011035,"path_taken":["M","$","M","?","$","E","R","?","T","R","M","R","$","?","R","BOSS"],"items_purchased_type":["Card","Card","Card"],"build_version":"2020-12-22","purchased_purges":1,"victory":false,"max_hp_per_floor":[82,82,82,82,82,82,82,82,82,82,82,82,82,82,82,82,82],"card_choices":[{"not_picked":["hierophant:RepressedViolence","hierophant:AuricShield"],"picked":"hierophant:Upheaval","floor":1},{"not_picked":["hierophant:Remorse","hierophant:PassingBell"],"picked":"hierophant:Endure","floor":3},{"not_picked":["hierophant:Generosity","hierophant:Kindle"],"picked":"hierophant:FieryStrike","floor":6},{"not_picked":["hierophant:EyeForCoin","hierophant:PassingBell"],"picked":"hierophant:Purify","floor":11}],"player_experience":179744,"relics_obtained":[{"floor":6,"key":"MawBank"},{"floor":9,"key":"Grinning Jar"},{"floor":14,"key":"Letter Opener"}],"event_choices":[{"damage_healed":0,"gold_gain":75,"player_choice":"Gather Gold","damage_taken":11,"max_hp_gain":0,"max_hp_loss":0,"event_name":"World of Goop","floor":4,"gold_loss":0},{"cards_removed":["hierophant:Strike_Hierophant"],"damage_healed":0,"gold_gain":0,"player_choice":"Card Removal","damage_taken":0,"max_hp_gain":0,"max_hp_loss":0,"event_name":"The Cleric","floor":8,"gold_loss":50},{"damage_healed":0,"gold_gain":0,"player_choice":"Success","damage_taken":7,"relics_obtained":["PreservedInsect"],"max_hp_gain":0,"max_hp_loss":0,"event_name":"Scrap Ooze","floor":15,"gold_loss":0}],"is_beta":false,"boss_relics":[],"items_purged_floors":[5],"is_endless":false,"potions_floor_spawned":[3,6],"killed_by":"Hexaghost","ascension_level":0}}