{"host":"w3q5ijqu8eoknil3","time":1609006047,"event":{"mods":["AchievementEnabler","BaseMod","Block Reminder","Colored Powertips","Minty Spire (QoL Compilation)","Quick Restart","Relic Stats","ojb\u0027s Better Paths Mod","ojb\u0027s Info Mod","slay the spire mod where everything is the same but ironclad has a cowboy hat"],"gold_per_floor":[111,111,111,127,147,147,161,194,194,194,194],"floor_reached":10,"playtime":310,"items_purged":[],"score":136,"play_id":"b074c56a-f0d9-4d62-a984-373a1cd0aecc","local_time":"20201226180727","is_ascension_mode":true,"campfire_choices":[{"data":"Armaments","floor":6,"key":"SMITH"}],"circlet_count":0,"master_deck":["AscendersBane","Strike_R","Strike_R","Strike_R","Strike_R+1","Strike_R","Defend_R+1","Defend_R","Defend_R+1","Defend_R","Bash","Wild Strike","Metallicize","Armaments+1","Flex+1","Infernal Blade"],"relics":["SacredBark","Matryoshka","Bottled Tornado","Gremlin Horn","War Paint"],"acts_visited":["Exordium"],"potions_floor_usage":[4,8,8],"damage_taken":[{"damage":5,"enemies":"Small Slimes","floor":1,"turns":3},{"damage":0,"enemies":"Jaw Worm","floor":4,"turns":1},{"damage":8,"enemies":"Cultist","floor":5,"turns":4},{"damage":4,"enemies":"Blue Slaver","floor":7,"turns":5},{"damage":10,"enemies":"Lagavulin","floor":8,"turns":7},{"damage":30,"enemies":"Gremlin Nob","floor":10,"turns":3}],"seed_played":"6297598200038780488","potions_obtained":[{"floor":1,"key":"DistilledChaos"},{"floor":4,"key":"Strength Potion"},{"floor":7,"key":"SkillPotion"}],"is_trial":false,"path_per_floor":["M","?","?","M","M","R","M","E","T","E"],"character_chosen":"IRONCLAD","items_purchased":[],"campfire_rested":0,"item_purchase_floors":[],"current_hp_per_floor":[63,52,29,29,21,21,17,7,7,0,0],"gold":194,"neow_bonus":"BOSS_RELIC","is_daily":false,"chose_seed":false,"campfire_upgraded":1,"win_rate":0.0,"timestamp":1609006047,"path_taken":["M","?","?","M","?","R","M","E","T","E"],"items_purchased_type":[],"build_version":"2020-12-22","purchased_purges":0,"victory":false,"max_hp_per_floor":[75,75,75,75,75,75,75,75,75,75,75],"relic_stats":{"Gremlin Horn":[0,0],"counters":[6,23],"War Paint":["Flex","Defend_R"],"obtain_stats":[{"Matryoshka":2,"Gremlin Horn":9,"SacredBark":0,"Bottled Tornado":8,"War Paint":9,"Burning Blood":0},{"Matryoshka":1,"Gremlin Horn":5,"SacredBark":0,"Bottled Tornado":5,"War Paint":5,"Burning Blood":0},{"Matryoshka":3,"Gremlin Horn":20,"SacredBark":0,"Bottled Tornado":20,"War Paint":20,"Burning Blood":0}]},"card_choices":[{"not_picked":["Intimidate","Seeing Red"],"picked":"Wild Strike","floor":1},{"not_picked":["Intimidate","Ghostly Armor"],"picked":"Metallicize","floor":4},{"not_picked":["Twin Strike","Body Slam"],"picked":"Armaments","floor":5},{"not_picked":["Anger","Warcry"],"picked":"Flex","floor":7},{"not_picked":["Perfected Strike","Clothesline"],"picked":"Infernal Blade","floor":8}],"player_experience":951859,"relics_obtained":[{"floor":8,"key":"Bottled Tornado"},{"floor":9,"key":"Gremlin Horn"},{"floor":9,"key":"War Paint"}],"event_choices":[{"damage_healed":0,"gold_gain":0,"player_choice":"Success","damage_taken":11,"relics_obtained":["Matryoshka"],"max_hp_gain":0,"max_hp_loss":0,"event_name":"Scrap Ooze","floor":2,"gold_loss":0},{"damage_healed":0,"gold_gain":0,"player_choice":"Entered Light","damage_taken":23,"max_hp_gain":0,"max_hp_loss":0,"event_name":"Shining Light","floor":3,"gold_loss":0,"cards_upgraded":["Defend_R","Strike_R"]}],"is_beta":false,"boss_relics":[],"items_purged_floors":[],"is_endless":false,"potions_floor_spawned":[1,4,7],"killed_by":"Gremlin Nob","ascension_level":20}}