{"host":"ishme5wb80o83upk","time":1609005037,"event":{"mods":["Arknights The Spire","BaseMod","Minty Spire (QoL Compilation)","StSLib"],"gold_per_floor":[109,8,22,39,39,39,65,65,65,90,90,121,121,131,131,236,236,248,268,168,178,178,178,207,207,259,275,304,304,304,149,149,248,248,267,293,293,307,48,61,97,447,474,508,525,544,557,591,591,591,591,591,5,40,40],"floor_reached":56,"playtime":2760,"items_purged":["Normality","ats:Strike G","ats:Strike V","ats:Defend"],"score":1607,"play_id":"c4a9f790-1ee6-44ba-adab-55d42f1f674a","local_time":"20201227025037","is_ascension_mode":true,"campfire_choices":[{"data":"Apotheosis","floor":6,"key":"SMITH"},{"data":"ats:Emotion Absorption","floor":11,"key":"SMITH"},{"data":"ats:Burning Ground","floor":13,"key":"SMITH"},{"data":"ats:Ignite","floor":15,"key":"SMITH"},{"floor":23,"key":"RECALL"},{"floor":25,"key":"REST"},{"floor":30,"key":"REST"},{"floor":32,"key":"REST"},{"data":"1","floor":49,"key":"LIFT"},{"data":"2","floor":52,"key":"LIFT"}],"circlet_count":0,"master_deck":["ats:Strike C","ats:Armor Crushing Shot","ats:Defend","ats:Emotion Absorption+1","Apotheosis+1","ats:Shell Defense","ats:Charging Defense","ats:Powerful Strike","ats:Ignite+1","ats:Burning Ground+1","ats:Calcification","ats:Ignite+1","ats:Flame Of Heaven","ats:Flame Of Heaven","ats:Volcano","ats:Burning Ground","ats:Flame Of Heaven+1","ats:Wolf Pack","ats:Calcification+1","ats:Flame Of Heaven+1","ats:Disruption Kick"],"relics":["ats:Sanity","ats:Originium","Gremlin Horn","ats:Originium","Bird Faced Urn","ats:Originium","Singing Bowl","Fusion Hammer","ats:Originium","Omamori","CeramicFish","Toxic Egg 2","ats:Omniscience","Pantograph","Girya","Old Coin","Centennial Puzzle","Anchor","Bag of Marbles","Dead Branch","Pear"],"acts_visited":["Exordium","TheCity","TheBeyond","TheEnding"],"potions_floor_usage":[19,24,35,41,55,55,55],"damage_taken":[{"damage":7,"enemies":"Jaw Worm","floor":1,"turns":4},{"damage":8,"enemies":"2 Louse","floor":3,"turns":6},{"damage":2,"enemies":"Cultist","floor":4,"turns":4},{"damage":17,"enemies":"3 Sentries","floor":7,"turns":11},{"damage":5,"enemies":"Gremlin Nob","floor":10,"turns":4},{"damage":2,"enemies":"Lagavulin","floor":12,"turns":8},{"damage":4,"enemies":"3 Louse","floor":14,"turns":3},{"damage":0,"enemies":"Slime Boss","floor":16,"turns":9},{"damage":17,"enemies":"2 Thieves","floor":18,"turns":3},{"damage":9,"enemies":"3 Byrds","floor":19,"turns":4},{"damage":10,"enemies":"3 Cultists","floor":21,"turns":4},{"damage":15,"enemies":"Book of Stabbing","floor":24,"turns":4},{"damage":0,"enemies":"Centurion and Healer","floor":27,"turns":4},{"damage":0,"enemies":"Gremlin Leader","floor":28,"turns":5},{"damage":21,"enemies":"Collector","floor":33,"turns":4},{"damage":10,"enemies":"3 Darklings","floor":35,"turns":3},{"damage":0,"enemies":"3 Shapes","floor":36,"turns":3},{"damage":0,"enemies":"Sphere and 2 Shapes","floor":38,"turns":2},{"damage":0,"enemies":"4 Shapes","floor":40,"turns":3},{"damage":35,"enemies":"Reptomancer","floor":41,"turns":3},{"damage":0,"enemies":"Mind Bloom Boss Battle","floor":42,"turns":5},{"damage":0,"enemies":"Nemesis","floor":44,"turns":4},{"damage":0,"enemies":"Maw","floor":45,"turns":3},{"damage":0,"enemies":"Writhing Mass","floor":46,"turns":4},{"damage":0,"enemies":"Jaw Worm Horde","floor":47,"turns":3},{"damage":0,"enemies":"Reptomancer","floor":48,"turns":4},{"damage":19,"enemies":"Time Eater","floor":50,"turns":7},{"damage":0,"enemies":"Shield and Spear","floor":54,"turns":4},{"damage":50,"enemies":"The Heart","floor":55,"turns":5}],"seed_played":"-8846866694539422920","potions_obtained":[{"floor":3,"key":"Block Potion"},{"floor":12,"key":"Weak Potion"},{"floor":14,"key":"EssenceOfSteel"},{"floor":16,"key":"PowerPotion"},{"floor":19,"key":"Fruit Juice"},{"floor":27,"key":"Ancient Potion"},{"floor":35,"key":"GamblersBrew"},{"floor":45,"key":"CultistPotion"}],"is_trial":false,"path_per_floor":["M","$","M","M","?","R","E","?","T","E","R","E","R","M","R","B",null,"M","M","$","M","?","R","E","R","T","M","E","?","R","$","R","B",null,"M","M","?","M","$","M","E","?","T","E","M","M","M","E","R","B",null,"R","$","E","B",null],"character_chosen":"DOCTOR_CLASS","items_purchased":["ats:Shell Defense","ats:Burning Ground","Pantograph","Dead Branch","ats:Flame Of Heaven+1","DistilledChaos"],"campfire_rested":3,"item_purchase_floors":[2,31,39,53,53,53],"current_hp_per_floor":[65,65,62,63,63,63,52,45,45,43,43,41,41,41,41,46,74,59,53,53,46,46,46,39,61,61,66,71,71,80,80,80,61,82,81,86,85,87,87,89,59,91,91,93,95,97,99,99,99,85,99,99,99,109,61],"gold":40,"neow_bonus":"RANDOM_COLORLESS_2","is_daily":false,"chose_seed":false,"campfire_upgraded":4,"win_rate":0.0,"timestamp":1609005037,"path_taken":["M","$","M","M","?","R","E","?","T","E","R","E","R","M","R","BOSS","M","M","$","M","?","R","E","R","T","?","E","?","R","$","R","BOSS","M","?","?","M","$","M","E","?","T","E","M","M","?","E","R","BOSS","R","$","E","BOSS"],"items_purchased_type":["Card","Card","Relic","Relic","Card","Potion"],"build_version":"2020-12-22","purchased_purges":4,"victory":true,"max_hp_per_floor":[72,72,72,72,72,72,72,72,72,72,72,72,72,74,74,74,74,74,74,74,74,74,74,76,76,76,78,80,80,80,80,80,82,82,89,89,85,87,87,89,89,91,91,93,95,97,99,99,99,99,99,99,99,109,109],"card_choices":[{"not_picked":["Panache","Mayhem"],"picked":"Apotheosis","floor":0},{"not_picked":["ats:Explosion Area Strengthen","ats:Assault Order","ats:Leaping Hammer"],"picked":"SKIP","floor":1},{"not_picked":["ats:Childhood Dance","ats:Charging Defense","ats:Encircling Forest"],"picked":"SKIP","floor":3},{"not_picked":["ats:Childhood Dance","ats:Encircling Forest"],"picked":"ats:Charging Defense","floor":3},{"not_picked":["ats:Sunburst","ats:Shell Defense","ats:Explosion Area Strengthen"],"picked":"SKIP","floor":4},{"not_picked":["ats:Spore Proliferation","ats:Sunburst"],"picked":"ats:Powerful Strike","floor":7},{"not_picked":["ats:Thermite Blade","ats:Assault Order"],"picked":"ats:Ignite","floor":10},{"not_picked":["ats:Blood Oath","ats:Sword Rain"],"picked":"ats:Burning Ground","floor":12},{"not_picked":["ats:Flexible Camouflage","ats:Rapid Magazine","ats:Shell Defense"],"picked":"Singing Bowl","floor":14},{"not_picked":["ats:Disruption Kick","ats:Shadow Assault"],"picked":"ats:Calcification","floor":16},{"not_picked":["ats:Thermite Blade","ats:Sunburst"],"picked":"ats:Ignite+1","floor":18},{"not_picked":["ats:Shell Defense","ats:Thermite Blade"],"picked":"ats:Flame Of Heaven","floor":19},{"not_picked":["ats:Explosion Area Strengthen","ats:Assault Order+1"],"picked":"ats:Flame Of Heaven","floor":21},{"not_picked":["ats:Assault Order","ats:Fractured Body","ats:Ignite+1"],"picked":"Singing Bowl","floor":24},{"not_picked":["ats:Closed Bolt Burst Fire","ats:Leaping Hammer","ats:Magnetic Hammer"],"picked":"Singing Bowl","floor":27},{"not_picked":["ats:Defend Order","ats:Apocalypse+1","ats:Neurotoxin"],"picked":"Singing Bowl","floor":28},{"not_picked":["ats:Fractured Body+1","ats:Shadow Assault","ats:Durian+1"],"picked":"Singing Bowl","floor":33},{"not_picked":["ats:Explosion Area Strengthen+1","ats:Encircling Forest+1","ats:Mental Burst"],"picked":"Singing Bowl","floor":35},{"not_picked":["ats:Poison Spread","ats:Curse Doll+1"],"picked":"ats:Flame Of Heaven+1","floor":36},{"not_picked":["ats:Curse Doll+1","ats:Red Shift+1","ats:Steam Pump+1"],"picked":"Singing Bowl","floor":38},{"not_picked":["ats:Shell Defense+1","ats:Durian+1","ats:Hammer On+1"],"picked":"Singing Bowl","floor":40},{"not_picked":["ats:Explosion Area Strengthen","ats:Flame Of Heaven+1"],"picked":"ats:Wolf Pack","floor":41},{"not_picked":["ats:Sunburst","ats:Thermite Blade+1","ats:Explosion Area Strengthen"],"picked":"Singing Bowl","floor":42},{"not_picked":["ats:Overload","ats:Shell Defense+1","ats:Childhood Dance+1"],"picked":"Singing Bowl","floor":44},{"not_picked":["ats:Consecutive Shot Auto+1","ats:Flexible Camouflage+1","ats:Poison Spread"],"picked":"Singing Bowl","floor":45},{"not_picked":["ats:Counter Healing Mode","ats:Apocalypse+1","ats:Soul Rend"],"picked":"Singing Bowl","floor":46},{"not_picked":["ats:Powerful Strike","ats:Shell Defense+1","ats:Charging Defense+1"],"picked":"Singing Bowl","floor":47},{"not_picked":["ats:Healing Drone+1","ats:Flexible Camouflage+1"],"picked":"ats:Calcification+1","floor":48},{"not_picked":["ats:Flexible Camouflage+1","ats:Shell Defense+1"],"picked":"ats:Disruption Kick","floor":54}],"player_experience":1067378,"relics_obtained":[{"floor":7,"key":"ats:Originium"},{"floor":7,"key":"Gremlin Horn"},{"floor":10,"key":"ats:Originium"},{"floor":10,"key":"Bird Faced Urn"},{"floor":12,"key":"ats:Originium"},{"floor":12,"key":"Singing Bowl"},{"floor":24,"key":"ats:Originium"},{"floor":24,"key":"Omamori"},{"floor":26,"key":"CeramicFish"},{"floor":28,"key":"Toxic Egg 2"},{"floor":41,"key":"Girya"},{"floor":42,"key":"Old Coin"},{"floor":43,"key":"Centennial Puzzle"},{"floor":44,"key":"Anchor"},{"floor":48,"key":"Bag of Marbles"},{"floor":54,"key":"Pear"}],"event_choices":[{"damage_healed":0,"gold_gain":0,"player_choice":"Ignored","damage_taken":0,"max_hp_gain":0,"max_hp_loss":0,"event_name":"Liars Game","floor":5,"gold_loss":0},{"cards_removed":["ats:Defend"],"damage_healed":0,"gold_gain":0,"player_choice":"Card Removal","damage_taken":7,"max_hp_gain":0,"max_hp_loss":0,"event_name":"Golden Wing","floor":8,"gold_loss":0},{"damage_healed":0,"gold_gain":0,"cards_transformed":["ats:Strike S"],"player_choice":"Transformed","damage_taken":0,"max_hp_gain":0,"max_hp_loss":0,"event_name":"Transmorgrifier","floor":22,"gold_loss":0,"cards_obtained":["ats:Volcano"]},{"cards_removed":["ats:Defend"],"damage_healed":0,"gold_gain":0,"player_choice":"Purged","damage_taken":0,"max_hp_gain":0,"max_hp_loss":0,"event_name":"Purifier","floor":29,"gold_loss":0},{"damage_healed":0,"gold_gain":0,"player_choice":"Max HP","damage_taken":0,"max_hp_gain":0,"max_hp_loss":4,"event_name":"Winding Halls","floor":37,"gold_loss":0},{"damage_healed":0,"gold_gain":0,"player_choice":"Fight","damage_taken":0,"max_hp_gain":0,"max_hp_loss":0,"event_name":"MindBloom","floor":42,"gold_loss":0}],"is_beta":false,"boss_relics":[{"not_picked":["Philosopher\u0027s Stone","Tiny House"],"picked":"Fusion Hammer"},{"not_picked":["Pandora\u0027s Box","Calling Bell"],"picked":"ats:Omniscience"}],"items_purged_floors":[2,20,31,53],"is_endless":false,"potions_floor_spawned":[3,12,14,16,19,27,35,40,45,54],"ascension_level":2}}