{"host":"xkmvu47k9fdstweo","time":1609017408,"event":{"mods":["BaseMod","Colored Map","Conspire","Hubris","Minty Spire (QoL Compilation)","Quick Restart","Railgun Mod","Shop Mod","StSLib","The Alterego","The Servant 0.9.4","The Wild Card","TheBandit","WarShipGirlsR/??è≠èóR mod","vexMod"],"gold_per_floor":[113,143,154,171,171,199,199,234,261,29,48,48,48,48,48,146,146,161,161,161,174,190,190,215,215,263,263,283,283,283,8,8,111,111,125,125,50,70,70,97,97,208,235,135,135,10,10,24,24,24],"floor_reached":51,"playtime":1137,"items_purged":["TheRailgun:Defend","Clumsy","TheRailgun:Strike"],"score":731,"play_id":"bf9aaac5-889b-40f7-8002-d63e6aa9bd00","local_time":"20201226161648","is_ascension_mode":true,"campfire_choices":[{"data":"TheRailgun:Iron_Dust_Field","floor":7,"key":"SMITH"},{"data":"TheRailgun:Heroinism","floor":12,"key":"SMITH"},{"data":"TheRailgun:Battery_Pack","floor":15,"key":"SMITH"},{"data":"TheRailgun:Lightning_Speed","floor":23,"key":"SMITH"},{"data":"TheRailgun:Thundervolt","floor":25,"key":"SMITH"},{"data":"TheRailgun:Electrical_Storm","floor":27,"key":"SMITH"},{"data":"TheRailgun:Electrical_Storm","floor":29,"key":"SMITH"},{"floor":32,"key":"REST"},{"data":"TheRailgun:Overload","floor":41,"key":"SMITH"},{"floor":47,"key":"REST"},{"data":"TheRailgun:Level_6","floor":49,"key":"SMITH"}],"circlet_count":0,"master_deck":["TheRailgun:Strike","TheRailgun:Strike","TheRailgun:Strike","TheRailgun:Defend","TheRailgun:Defend","TheRailgun:Defend","TheRailgun:Discharge","TheRailgun:Static","TheRailgun:Zip","TheRailgun:Magnetic_Flight+1","TheRailgun:Electrical_Storm+1","TheRailgun:Zap","TheRailgun:Iron_Dust_Field+1","TheRailgun:Electrical_Storm+1","TheRailgun:Lightning_Speed+1","TheRailgun:Battery_Pack+1","Master of Strategy","TheRailgun:Heroinism+1","TheRailgun:Railgun+1","TheRailgun:Lightningbolt+1","TheRailgun:Teleporter","TheRailgun:Electric_Fence","TheRailgun:Thundervolt+1","TheRailgun:Electrical_Fire","TheRailgun:Overload+1","TheRailgun:Iron_Dust_Field+1","TheRailgun:Iron_Dust_Sword+1","TheRailgun:Magnetic_Flight","TheRailgun:Sister_Network","TheRailgun:Scatter_Railgun","TheRailgun:Level_6+1"],"relics":["TheRailgun:CoinRelic","Lantern","vexMod:BarristanHead","vexMod:FocusSash","Oddly Smooth Stone","hubris:TenFootPole","hubris:Towel","vexMod:MysteryBossChallenge","Runic Dome","Orichalcum","Anchor","hubris:Icosahedron","hubris:Reverence","Cursed Key","Vajra","Blood Vial"],"acts_visited":["Exordium","TheCity","TheBeyond"],"potions_floor_usage":[6,16,24,28,33,40,50,50,50,50],"damage_taken":[{"damage":2,"enemies":"Small Slimes","floor":1,"turns":3},{"damage":3,"enemies":"conspire:MimicChest","floor":2,"turns":4},{"damage":7,"enemies":"2 Louse","floor":3,"turns":2},{"damage":0,"enemies":"Cultist","floor":4,"turns":4},{"damage":7,"enemies":"3 Sentries","floor":6,"turns":6},{"damage":12,"enemies":"Gremlin Nob","floor":8,"turns":4},{"damage":0,"enemies":"Exordium Wildlife","floor":11,"turns":3},{"damage":5,"enemies":"Slime Boss","floor":16,"turns":8},{"damage":10,"enemies":"Chosen","floor":18,"turns":4},{"damage":16,"enemies":"2 Thieves","floor":21,"turns":3},{"damage":3,"enemies":"Centurion and Healer","floor":22,"turns":5},{"damage":7,"enemies":"conspire:Head Lice","floor":24,"turns":5},{"damage":0,"enemies":"3 Cultists","floor":28,"turns":4},{"damage":5,"enemies":"Champ","floor":33,"turns":6},{"damage":14,"enemies":"3 Darklings","floor":35,"turns":3},{"damage":8,"enemies":"3 Shapes","floor":38,"turns":3},{"damage":5,"enemies":"Reptomancer","floor":40,"turns":5},{"damage":7,"enemies":"Sphere and 2 Shapes","floor":42,"turns":3},{"damage":0,"enemies":"Jaw Worm Horde","floor":48,"turns":3},{"damage":6,"enemies":"Donu and Deca","floor":50,"turns":5}],"seed_played":"2613736049377753740","potions_obtained":[{"floor":3,"key":"CultistPotion"},{"floor":4,"key":"SkillPotion"},{"floor":6,"key":"DistilledChaos"},{"floor":8,"key":"SpeedPotion"},{"floor":21,"key":"LiquidBronze"},{"floor":24,"key":"Dexterity Potion"},{"floor":33,"key":"Dexterity Potion"},{"floor":42,"key":"Strength Potion"}],"is_trial":false,"path_per_floor":["M","?","M","M","?","E","R","E","T","$","M","R","?","?","R","B",null,"M","?","?","M","M","R","E","R","T","R","M","R","?","$","R","B",null,"M","?","$","M","?","E","R","M","T","$","?","$","R","M","R","B",null],"character_chosen":"THE_DEFAULT","items_purchased":["TheRailgun:Battery_Pack","Master of Strategy","hubris:Reverence","TheRailgun:Electrical_Fire"],"campfire_rested":2,"item_purchase_floors":[10,10,31,31],"current_hp_per_floor":[68,65,58,58,58,51,51,39,39,39,39,39,36,36,36,31,70,60,60,60,44,41,41,34,34,34,34,34,34,34,34,55,50,70,56,56,56,48,48,43,43,36,36,36,36,36,57,59,59,66],"gold":24,"neow_bonus":"ONE_RANDOM_RARE_CARD","is_daily":false,"chose_seed":false,"campfire_upgraded":9,"win_rate":0.0,"timestamp":1609017408,"path_taken":["M","?","?","M","?","E","R","E","T","$","M","R","?","?","R","BOSS","M","?","?","?","M","R","E","R","T","R","M","R","?","$","R","BOSS","M","?","$","M","?","E","R","M","T","$","?","$","R","M","R","BOSS"],"items_purchased_type":["Card","Card","Relic","Card"],"build_version":"2020-12-22","purchased_purges":3,"victory":true,"max_hp_per_floor":[70,70,70,70,70,70,70,70,70,70,70,70,70,70,70,70,70,70,70,70,70,70,70,70,70,70,70,70,70,70,70,70,70,70,70,70,70,70,70,70,70,70,70,70,70,70,70,70,70,70],"card_choices":[{"not_picked":["TheRailgun:Positive_Field","TheRailgun:Teleporter"],"picked":"TheRailgun:Electrical_Storm","floor":1},{"not_picked":["TheRailgun:Token_Collection","TheRailgun:Negative_Field"],"picked":"TheRailgun:Zap","floor":2},{"not_picked":["TheRailgun:Zip","TheRailgun:Iron_Dust_Shield"],"picked":"TheRailgun:Iron_Dust_Field","floor":3},{"not_picked":["TheRailgun:Coin_Flip","TheRailgun:Thundershock","TheRailgun:Zap"],"picked":"SKIP","floor":4},{"not_picked":["TheRailgun:Overload","TheRailgun:Stun_Shock"],"picked":"TheRailgun:Electrical_Storm","floor":6},{"not_picked":["TheRailgun:Sister_Noise","TheRailgun:Thunderjolt"],"picked":"TheRailgun:Lightning_Speed","floor":8},{"not_picked":["TheRailgun:Push","TheRailgun:Static"],"picked":"TheRailgun:Heroinism","floor":11},{"not_picked":["TheRailgun:Overload","TheRailgun:Circuitous"],"picked":"TheRailgun:Railgun","floor":16},{"not_picked":["TheRailgun:Circuit_Breaker","TheRailgun:Gekotamania+1"],"picked":"TheRailgun:Lightningbolt+1","floor":18},{"not_picked":["TheRailgun:Zap","TheRailgun:Static"],"picked":"TheRailgun:Teleporter","floor":21},{"not_picked":["TheRailgun:Static","TheRailgun:Heroinism"],"picked":"TheRailgun:Electric_Fence","floor":22},{"not_picked":["TheRailgun:Zap","TheRailgun:Zip"],"picked":"TheRailgun:Thundervolt","floor":24},{"not_picked":["TheRailgun:Discharge","TheRailgun:Iron_Dust_Vial","TheRailgun:Taser"],"picked":"SKIP","floor":28},{"not_picked":["TheRailgun:Thunder","TheRailgun:Railgun"],"picked":"TheRailgun:Overload","floor":33},{"not_picked":["TheRailgun:Recharge","TheRailgun:Sister_Network"],"picked":"TheRailgun:Iron_Dust_Field+1","floor":35},{"not_picked":["TheRailgun:Charge","TheRailgun:Teleporter"],"picked":"TheRailgun:Iron_Dust_Sword+1","floor":38},{"not_picked":[],"picked":"TheRailgun:Magnetic_Flight","floor":39},{"not_picked":["TheRailgun:Spark","TheRailgun:Thunder","TheRailgun:Charge"],"picked":"SKIP","floor":40},{"not_picked":["TheRailgun:Magnetic_Flight","TheRailgun:Thunderbolt"],"picked":"TheRailgun:Sister_Network","floor":42},{"not_picked":["TheRailgun:Crack","TheRailgun:Gekota_Phone","TheRailgun:Coin_Flip"],"picked":"SKIP","floor":48}],"player_experience":335636,"relics_obtained":[{"floor":2,"key":"Lantern"},{"floor":6,"key":"vexMod:BarristanHead"},{"floor":8,"key":"vexMod:FocusSash"},{"floor":9,"key":"Oddly Smooth Stone"},{"floor":24,"key":"Orichalcum"},{"floor":26,"key":"Anchor"},{"floor":40,"key":"Vajra"},{"floor":43,"key":"Blood Vial"}],"event_choices":[{"damage_healed":0,"gold_gain":0,"player_choice":"Success","damage_taken":3,"relics_obtained":["hubris:TenFootPole"],"max_hp_gain":0,"max_hp_loss":0,"event_name":"Scrap Ooze","floor":13,"gold_loss":0},{"damage_healed":0,"gold_gain":0,"player_choice":"Ignored","damage_taken":0,"max_hp_gain":0,"max_hp_loss":0,"event_name":"Ghosts","floor":19,"gold_loss":0},{"damage_healed":0,"gold_gain":0,"player_choice":"Upgraded","damage_taken":0,"max_hp_gain":0,"max_hp_loss":0,"event_name":"Upgrade Shrine","floor":20,"gold_loss":0,"cards_upgraded":["TheRailgun:Railgun"]},{"damage_healed":0,"gold_gain":0,"player_choice":"Leave","damage_taken":0,"max_hp_gain":0,"max_hp_loss":0,"event_name":"conspire:Investor","floor":36,"gold_loss":0},{"damage_healed":0,"gold_gain":0,"player_choice":"2 cards matched","damage_taken":0,"max_hp_gain":0,"max_hp_loss":0,"event_name":"Match and Keep!","floor":45,"gold_loss":0,"cards_obtained":["TheRailgun:Scatter_Railgun","TheRailgun:Level_6"]}],"is_beta":false,"boss_relics":[{"not_picked":["vexMod:MegatonBomb","Busted Crown"],"picked":"vexMod:MysteryBossChallenge"},{"not_picked":["vexMod:EndlessSickness","Empty Cage"],"picked":"Cursed Key"}],"items_purged_floors":[37,44,46],"is_endless":false,"potions_floor_spawned":[3,4,6,8,11,21,24,33,35,42],"ascension_level":1}}