{"host":"5dk97cf2ubw2v967","time":1609026673,"event":{"mods":["AlwaysNeverKeys","BaseMod","Better Altar","Better Vampires","Block Reminder","Colored Powertips","Downfall","Googly Eyes","Highlight Path","Minty Spire (QoL Compilation)","Permanent Neow","Potion Indicator Mod","Quick Restart","Relic Filter","Relic Stats","Say the Spire","Spicy Shops","StSLib","Waifu the Spire","everything is the same but u backflip on backflip"],"gold_per_floor":[116,129,156,315,66,66,109,109,135,135,157,183,183,218,218,299,299,328,347,83,94,116,116,116],"floor_reached":23,"playtime":1394,"items_purged":["Doubt","Strike_G"],"score":452,"play_id":"09a1a704-7600-4c93-8153-04828179ceb2","local_time":"20201226235113","is_ascension_mode":true,"campfire_choices":[{"data":"Apotheosis","floor":6,"key":"SMITH"},{"floor":8,"key":"REST"},{"data":"Defend_G","floor":10,"key":"PURGE"},{"data":"Strike_G","floor":13,"key":"PURGE"},{"data":"Strike_G","floor":15,"key":"PURGE"}],"circlet_count":0,"master_deck":["AscendersBane","Strike_G","Strike_G","Defend_G","Defend_G","Defend_G","Defend_G","Survivor","Neutralize","Apotheosis+1","Cloak And Dagger","Catalyst","expansioncontent:DecasProtection","Backflip","Deflect+1","Poisoned Stab","Endless Agony","Noxious Fumes","Venomology+1","Noxious Fumes","Poisoned Stab","Backflip+1"],"relics":["Ring of the Snake","CeramicFish","Toxic Egg 2","Peace Pipe","Snake Skull","Fusion Hammer","OrangePellets"],"acts_visited":["Exordium","TheCity"],"potions_floor_usage":[14,18,19,21,22,23,23,23,23,23],"damage_taken":[{"damage":0,"enemies":"Cultist","floor":1,"turns":4},{"damage":4,"enemies":"2 Louse","floor":2,"turns":5},{"damage":6,"enemies":"Lagavulin","floor":7,"turns":9},{"damage":4,"enemies":"Jaw Worm","floor":11,"turns":4},{"damage":4,"enemies":"3 Louse","floor":12,"turns":4},{"damage":0,"enemies":"3 Sentries","floor":14,"turns":3},{"damage":4,"enemies":"Hexaghost","floor":16,"turns":8},{"damage":25,"enemies":"Chosen","floor":18,"turns":5},{"damage":0,"enemies":"Spheric Guardian","floor":19,"turns":4},{"damage":27,"enemies":"Snake Plant","floor":21,"turns":5},{"damage":3,"enemies":"Snecko","floor":22,"turns":5},{"damage":6,"enemies":"Slavers","floor":23,"turns":3}],"seed_played":"-229768233854204038","potions_obtained":[{"floor":1,"key":"SkillPotion"},{"floor":14,"key":"Energy Potion"},{"floor":16,"key":"ColorlessPotion"}],"is_trial":false,"path_per_floor":["M","M","T","?","$","R","E","R","T","R","M","M","R","E","R","B",null,"M","M","$","M","M","E"],"character_chosen":"THE_SILENT","items_purchased":["expansioncontent:DecasProtection","Backflip","OrangePellets"],"campfire_rested":1,"item_purchase_floors":[5,5,20],"current_hp_per_floor":[44,40,40,40,40,40,34,53,53,53,49,45,45,45,45,41,60,35,35,35,8,5,0,0],"gold":116,"neow_bonus":"RANDOM_COLORLESS_2","is_daily":false,"chose_seed":false,"campfire_upgraded":1,"win_rate":0.0,"timestamp":1609026673,"path_taken":["M","?","?","?","$","R","E","R","T","R","M","?","R","E","R","BOSS","M","M","$","M","M","E"],"items_purchased_type":["Card","Card","Relic"],"build_version":"2020-12-22","purchased_purges":2,"victory":false,"max_hp_per_floor":[66,66,66,66,66,66,66,66,66,66,66,66,66,66,66,66,66,66,66,66,66,66,66,66],"relic_stats":{"Peace Pipe":3,"OrangePellets":[5],"counters":[12,59],"CeramicFish":99,"Snake Skull":[39],"obtain_stats":[{"Peace Pipe":9,"OrangePellets":20,"CeramicFish":3,"Snake Skull":14,"Fusion Hammer":17,"Toxic Egg 2":7,"Ring of the Snake":0},{"Peace Pipe":3,"OrangePellets":9,"CeramicFish":2,"Snake Skull":6,"Fusion Hammer":7,"Toxic Egg 2":3,"Ring of the Snake":0},{"Peace Pipe":18,"OrangePellets":46,"CeramicFish":9,"Snake Skull":29,"Fusion Hammer":37,"Toxic Egg 2":18,"Ring of the Snake":0}],"Ring of the Snake":[24]},"card_choices":[{"not_picked":["Sadistic Nature","Mayhem"],"picked":"Apotheosis","floor":0},{"not_picked":["Underhanded Strike","All Out Attack"],"picked":"Cloak And Dagger","floor":1},{"not_picked":["Deadly Poison","Poisoned Stab"],"picked":"Catalyst","floor":2},{"not_picked":["Slice","Blade Dance+1"],"picked":"Deflect+1","floor":7},{"not_picked":["PiercingWail+1","Terror+1"],"picked":"Poisoned Stab","floor":11},{"not_picked":["A Thousand Cuts","Acrobatics+1"],"picked":"Endless Agony","floor":12},{"not_picked":["Dash","Underhanded Strike"],"picked":"Noxious Fumes","floor":14},{"not_picked":["Adrenaline+1","Burst+1"],"picked":"Venomology+1","floor":16},{"not_picked":["Dagger Throw","Blur+1"],"picked":"Noxious Fumes","floor":18},{"not_picked":["Outmaneuver+1","Acrobatics+1"],"picked":"Poisoned Stab","floor":19},{"not_picked":["Accuracy","Heel Hook","Finisher"],"picked":"SKIP","floor":21},{"not_picked":["Setup+1","Outmaneuver+1"],"picked":"Backflip+1","floor":22}],"player_experience":1259681,"relics_obtained":[{"floor":3,"key":"CeramicFish"},{"floor":7,"key":"Toxic Egg 2"},{"floor":9,"key":"Peace Pipe"},{"floor":14,"key":"Snake Skull"}],"event_choices":[{"damage_healed":0,"gold_gain":150,"player_choice":"AGREE","damage_taken":0,"max_hp_gain":0,"max_hp_loss":0,"event_name":"Liars Game","floor":4,"gold_loss":0,"cards_obtained":["Doubt"]}],"is_beta":false,"boss_relics":[{"not_picked":["Runic Dome","Calling Bell"],"picked":"Fusion Hammer"}],"items_purged_floors":[5,20],"is_endless":false,"potions_floor_spawned":[1,14,16],"killed_by":"Slavers","ascension_level":20}}