{"host":"1yib4t3blvbtzkw7","time":1609008249,"event":{"mods":["2.2 Compatiblity","AchievementEnabler","BaseMod","Colored Map","DeckTracker","Highlight Path","Minty Spire (QoL Compilation)","Random Character Button","Rare Cards Sparkle"],"gold_per_floor":[119,137,137,157,177,204,204,218,218,228,262,282,282,300,300,400,400,415,431,431,431,431],"floor_reached":21,"playtime":695,"items_purged":[],"score":270,"play_id":"7843969c-8e76-4fa7-a194-84433d8655ce","local_time":"20201226194409","is_ascension_mode":false,"campfire_choices":[{"floor":7,"key":"REST"},{"floor":15,"key":"REST"}],"circlet_count":0,"master_deck":["Strike_B","Strike_B","Strike_B","Defend_B","Defend_B","Defend_B","Defend_B","Zap","Dualcast","Skim","Conserve Battery+1","Double Energy","Streamline","Ball Lightning","Machine Learning","Meteor Strike","Ball Lightning","Panacea","Ball Lightning","Machine Learning","Hologram+1","Conserve Battery","Stack"],"relics":["Cracked Core","Regal Pillow","Mango","Calipers","SacredBark"],"acts_visited":["Exordium","TheCity"],"potions_floor_usage":[11,16,16,16],"damage_taken":[{"damage":0,"enemies":"Cultist","floor":1,"turns":3},{"damage":6,"enemies":"Jaw Worm","floor":2,"turns":3},{"damage":7,"enemies":"Small Slimes","floor":4,"turns":4},{"damage":39,"enemies":"Gremlin Gang","floor":5,"turns":5},{"damage":21,"enemies":"Lagavulin","floor":6,"turns":7},{"damage":2,"enemies":"Blue Slaver","floor":8,"turns":3},{"damage":5,"enemies":"Looter","floor":10,"turns":3},{"damage":20,"enemies":"Gremlin Nob","floor":11,"turns":4},{"damage":4,"enemies":"2 Fungi Beasts","floor":12,"turns":3},{"damage":2,"enemies":"Blue Slaver","floor":14,"turns":3},{"damage":0,"enemies":"Slime Boss","floor":16,"turns":5},{"damage":30,"enemies":"2 Thieves","floor":18,"turns":4},{"damage":33,"enemies":"Shell Parasite","floor":19,"turns":6},{"damage":35,"enemies":"Snake Plant","floor":21,"turns":4}],"seed_played":"-7321980296837213677","potions_obtained":[{"floor":1,"key":"DuplicationPotion"},{"floor":4,"key":"Weak Potion"},{"floor":10,"key":"Swift Potion"},{"floor":12,"key":"PotionOfCapacity"},{"floor":14,"key":"LiquidMemories"}],"is_trial":false,"path_per_floor":["M","M","?","M","M","E","R","M","T","M","E","M","?","M","R","B",null,"M","M","?","M"],"character_chosen":"DEFECT","items_purchased":[],"campfire_rested":2,"item_purchase_floors":[],"current_hp_per_floor":[82,76,76,69,30,9,48,46,60,55,35,31,31,29,72,72,96,66,33,33,0,0],"gold":431,"neow_bonus":"TEN_PERCENT_HP_BONUS","is_daily":false,"chose_seed":false,"campfire_upgraded":0,"win_rate":0.0,"timestamp":1609008249,"path_taken":["M","?","?","M","?","E","R","M","T","M","E","M","?","M","R","BOSS","M","?","?","M"],"items_purchased_type":[],"build_version":"2020-12-22","purchased_purges":0,"victory":false,"max_hp_per_floor":[82,82,82,82,82,82,82,82,96,96,96,96,96,96,96,96,96,96,96,96,96,96],"card_choices":[{"not_picked":["Turbo","Go for the Eyes"],"picked":"Skim","floor":1},{"not_picked":["Reinforced Body","Leap"],"picked":"Conserve Battery","floor":2},{"not_picked":["Reinforced Body","Rebound"],"picked":"Double Energy","floor":4},{"not_picked":["Rainbow","Beam Cell"],"picked":"Streamline","floor":5},{"not_picked":["Beam Cell","Rip and Tear"],"picked":"Ball Lightning","floor":6},{"not_picked":["Heatsinks","Steam Power"],"picked":"Machine Learning","floor":8},{"not_picked":["Barrage","Stack","White Noise"],"picked":"SKIP","floor":10},{"not_picked":["Capacitor","Undo"],"picked":"Meteor Strike","floor":11},{"not_picked":["Doom and Gloom","Cold Snap"],"picked":"Ball Lightning","floor":12},{"not_picked":["Hologram","Redo"],"picked":"Ball Lightning","floor":14},{"not_picked":["All For One","Meteor Strike"],"picked":"Machine Learning","floor":16},{"not_picked":["Rebound","Sweeping Beam"],"picked":"Hologram+1","floor":18},{"not_picked":["Sweeping Beam+1","Streamline"],"picked":"Conserve Battery","floor":19}],"player_experience":755723,"relics_obtained":[{"floor":6,"key":"Regal Pillow"},{"floor":9,"key":"Mango"},{"floor":11,"key":"Calipers"}],"event_choices":[{"damage_healed":0,"gold_gain":0,"player_choice":"Upgraded","damage_taken":0,"max_hp_gain":0,"max_hp_loss":0,"event_name":"Upgrade Shrine","floor":3,"gold_loss":0,"cards_upgraded":["Conserve Battery"]},{"damage_healed":0,"gold_gain":0,"player_choice":"1 cards matched","damage_taken":0,"max_hp_gain":0,"max_hp_loss":0,"event_name":"Match and Keep!","floor":13,"gold_loss":0,"cards_obtained":["Panacea"]},{"damage_healed":0,"gold_gain":0,"cards_transformed":["Strike_B"],"player_choice":"Transformed","damage_taken":0,"max_hp_gain":0,"max_hp_loss":0,"event_name":"Transmorgrifier","floor":20,"gold_loss":0,"cards_obtained":["Stack"]}],"is_beta":false,"boss_relics":[{"not_picked":["Cursed Key","Pandora\u0027s Box"],"picked":"SacredBark"}],"items_purged_floors":[],"is_endless":false,"potions_floor_spawned":[1,4,10,12,14],"killed_by":"Snake Plant","ascension_level":0}}