{"host":"kev6uqotw4tlyx8l","time":1609003647,"event":{"mods":["Act Like it!","Aspiration","BaseMod","Colored Powertips","Dota2Spire","Downfall","Hallownest","Infinite Spire","Marisa????????","Minty Spire (QoL Compilation)","Quick Restart","Remilia??????","Replay The Spire","StSLib","The Cursed","The Jungle","The Marked","The Mystic","The Servant 0.9.4"],"gold_per_floor":[118,118,118,131,149,178,178,193,193,224,224,265,308,255,255,384,384,400,400,448,448,491,491,24,90,90,90,90,90,190,230,230,260,260],"floor_reached":33,"playtime":944,"items_purged":[],"score":282,"play_id":"5498f12c-dc4f-40dc-9c86-9096c4890f7d","local_time":"20201227002727","is_ascension_mode":false,"campfire_choices":[{"data":"ReplayTheSpireMod:Strike From Hell","floor":7,"key":"SMITH"},{"data":"Headbutt","floor":11,"key":"SMITH"},{"floor":15,"key":"REST"},{"data":"ReplayTheSpireMod:Muscle Training","floor":23,"key":"SMITH"},{"floor":28,"key":"REST"},{"data":"Hemogenesis","floor":32,"key":"SMITH"}],"circlet_count":0,"master_deck":["Strike_R","Strike_R","Strike_R","Strike_R","Strike_R","Defend_R","Defend_R","Defend_R","Bash","Thunderclap+1","ReplayTheSpireMod:Stacked+1","Pummel","ReplayTheSpireMod:Strike From Hell+1","Headbutt+1","Twin Strike","Warcry","Iron Wave","Cleave","ReplayTheSpireMod:Muscle Training+1","True Grit","HandOfGreed","Hemogenesis+1","Reaper","Life Link","Battle Trance","True Grit"],"relics":["Burning Blood","NeowsBlessing","Mango","Iron Hammer","Dota2Spire:HandOfMidas","Dota2Spire:HeartOfTarrasque","aspiration:FutureDiary","Vajra","Potion Belt","aspiration:FrozenJewel","Replay:Blank Codex"],"acts_visited":["Exordium","TheCity"],"potions_floor_usage":[6,6,10,16,33],"damage_taken":[{"damage":0,"enemies":"2 Louse","floor":1,"turns":1},{"damage":0,"enemies":"Cultist","floor":4,"turns":1},{"damage":0,"enemies":"Small Slimes","floor":5,"turns":1},{"damage":16,"enemies":"Gremlin Nob","floor":6,"turns":3},{"damage":11,"enemies":"3 Louse","floor":8,"turns":2},{"damage":18,"enemies":"3 Sentries","floor":10,"turns":4},{"damage":8,"enemies":"Gremlin Gang","floor":12,"turns":3},{"damage":0,"enemies":"2 Fungi Beasts","floor":13,"turns":3},{"damage":64,"enemies":"Hexaghost","floor":16,"turns":9},{"damage":22,"enemies":"Shell Parasite","floor":18,"turns":3},{"damage":0,"enemies":"3 Byrds","floor":20,"turns":3},{"damage":33,"enemies":"Snake Plant","floor":22,"turns":4},{"damage":10,"enemies":"Cultist and Chosen","floor":25,"turns":6},{"damage":0,"enemies":"Snecko","floor":31,"turns":3}],"seed_played":"-3578339583925208400","potions_obtained":[{"floor":4,"key":"ColorlessPotion"},{"floor":5,"key":"infinitespire:BlackPotion"},{"floor":8,"key":"Dota2Spire:Clarity"},{"floor":12,"key":"Reflective Coating"},{"floor":16,"key":"LiquidMemories"},{"floor":18,"key":"ElixirPotion"},{"floor":22,"key":"Reflective Coating"}],"is_trial":false,"path_per_floor":["M","?","?","M","M","E","R","M","T","E","R","M","M","?","R","B",null,"M","?","M","?","M","R","$","M","T","?","R","$","?","M","R","B"],"character_chosen":"IRONCLAD","items_purchased":["HandOfGreed","Hemogenesis","Reaper","Life Link"],"campfire_rested":2,"item_purchase_floors":[24,24,24,24],"current_hp_per_floor":[80,80,80,80,80,84,84,79,79,67,67,65,71,79,102,52,102,86,86,92,92,65,65,65,66,66,50,80,80,80,86,86,65,65],"gold":260,"neow_bonus":"THREE_ENEMY_KILL","is_daily":false,"chose_seed":false,"campfire_upgraded":4,"win_rate":0.0,"timestamp":1609003647,"path_taken":["M","?","?","?","M","E","R","M","T","E","R","M","M","?","R","BOSS","M","?","?","?","?","R","$","M","T","?","R","$","?","?","R","BOSS"],"items_purchased_type":["Card","Card","Card","Card"],"build_version":"2020-12-22","purchased_purges":0,"victory":false,"max_hp_per_floor":[80,80,80,80,80,94,94,94,94,94,94,94,94,102,102,102,102,102,102,102,102,102,102,102,102,102,102,102,102,102,102,102,102,102],"card_choices":[{"not_picked":["Clothesline","Cleave"],"picked":"Thunderclap","floor":1},{"not_picked":["Shrug It Off","Disarm"],"picked":"Pummel","floor":4},{"not_picked":["Flex","Iron Wave"],"picked":"ReplayTheSpireMod:Strike From Hell","floor":5},{"not_picked":["Body Slam","Warcry"],"picked":"Headbutt","floor":6},{"not_picked":["Second Wind","Pommel Strike"],"picked":"Twin Strike","floor":8},{"not_picked":["Massacre","Defy Death","Hemokinesis"],"picked":"SKIP","floor":10},{"not_picked":["ReplayReversal","Replay:Undeath\u0027s Touch"],"picked":"Warcry","floor":12},{"not_picked":["Flex","Brutality"],"picked":"Iron Wave","floor":13},{"not_picked":["Rupture+1","Sword Boomerang"],"picked":"Cleave","floor":18},{"not_picked":["Anger","Uppercut"],"picked":"ReplayTheSpireMod:Muscle Training","floor":20},{"not_picked":["Sever Soul","Pommel Strike"],"picked":"True Grit","floor":22},{"not_picked":["Thunderclap","Flex+1"],"picked":"Battle Trance","floor":25},{"not_picked":["Sever Soul","Cleave"],"picked":"True Grit","floor":31}],"player_experience":10033,"relics_obtained":[{"floor":6,"key":"Mango"},{"floor":9,"key":"Iron Hammer"},{"floor":10,"key":"Dota2Spire:HandOfMidas"},{"floor":21,"key":"Potion Belt"},{"floor":26,"key":"aspiration:FrozenJewel"},{"floor":27,"key":"Replay:Blank Codex"}],"event_choices":[{"damage_healed":0,"gold_gain":0,"player_choice":"Forge","damage_taken":0,"max_hp_gain":0,"max_hp_loss":0,"event_name":"Accursed Blacksmith","floor":3,"gold_loss":0,"cards_upgraded":["Thunderclap"]},{"damage_healed":0,"gold_gain":0,"player_choice":"Paid Gold","damage_taken":0,"relics_obtained":["Dota2Spire:HeartOfTarrasque"],"max_hp_gain":0,"max_hp_loss":0,"event_name":"WeMeetAgain","floor":14,"gold_loss":53},{"damage_healed":0,"gold_gain":0,"player_choice":"Relic","damage_taken":0,"max_hp_gain":0,"max_hp_loss":0,"event_name":"Wheel of Change","floor":21,"gold_loss":0},{"damage_healed":0,"gold_gain":0,"player_choice":"Obtained Book","damage_taken":16,"max_hp_gain":0,"max_hp_loss":0,"event_name":"Cursed Tome","floor":27,"gold_loss":0},{"damage_healed":0,"gold_gain":100,"player_choice":"Pray","damage_taken":0,"max_hp_gain":0,"max_hp_loss":0,"event_name":"Golden Shrine","floor":30,"gold_loss":0}],"is_beta":false,"boss_relics":[{"not_picked":["Runic Dome","Sozu"],"picked":"aspiration:FutureDiary"}],"items_purged_floors":[],"is_endless":false,"potions_floor_spawned":[4,5,8,12,16,18,22],"killed_by":"Pondfish","ascension_level":0}}