{"host":"qrbkigq52dd42dk0","time":1609026409,"event":{"mods":["AchievementEnabler","BaseMod","Colored Map","Colored Powertips","Downfall","Minty Spire (QoL Compilation)","Quick Restart","StSLib","SuperFastMode"],"gold_per_floor":[99,114,24,41,26,26,26,26,26,56,56,70,89,103,117,217,217,67,82,82,82,82,82,82,98,198,83,102,128,12,31,42,147,147,72,89,89,103,53,153,153,170,131,131,148,173,173,190,208,208,208,239,37,37,37],"floor_reached":56,"playtime":5873,"items_purged":["Guardian:Defend_Guardian","Guardian:Strike_Guardian","Guardian:Defend_Guardian","Guardian:Defend_Guardian"],"score":1324,"play_id":"70e101e3-3fda-40a6-8297-3fc374529fd6","local_time":"20201227004649","is_ascension_mode":false,"campfire_choices":[{"floor":1.0,"key":"RECALL"},{"data":"Guardian:DecasProtection","floor":6.0,"key":"SMITH"},{"data":"Guardian:HyperBeam_Guardian","floor":11.0,"key":"SMITH"},{"data":"Guardian:PiercingHide","floor":18.0,"key":"SMITH"},{"floor":23.0,"key":"DIG"},{"floor":35.0,"key":"DIG"},{"data":"Guardian:EvasiveProtocol","floor":44.0,"key":"SMITH"},{"floor":54,"key":"DIG"}],"circlet_count":0,"master_deck":["Guardian:Defend_Guardian+1","Guardian:CurlUp","Guardian:TwinSlam","Guardian:PiercingHide+1","Guardian:Incinerate","Guardian:DecasProtection+1","Guardian:HyperBeam_Guardian+1","Guardian:Reroute","Guardian:Recover","Guardian:Planning+1","Guardian:AncientConstruct","Guardian:TemporalShield+1","Guardian:Reroute+1","Guardian:Planning+1","Guardian:PrismaticBarrier","Guardian:EvasiveProtocol+1","Guardian:MultiBeam+1","Guardian:ExploitGems","Guardian:TemporalShield+1","Guardian:SpikerProtocol+1","Guardian:PiercingHide+1","Guardian:Preprogram+1","Guardian:PrismaticBarrier+1","Guardian:SpikerProtocol"],"relics":["Guardian:ModeShifter","Shovel","Nunchaku","SlaversCollar","downfall:HeartBlessingRed","downfall:HeartBlessingGreen","Shuriken","Ancient Tea Set","Eternal Feather","Astrolabe","downfall:HeartBlessingBlue","Dream Catcher","MealTicket","Calipers","War Paint","Kunai","Letter Opener"],"acts_visited":["Exordium","TheCity","TheBeyond","TheEnding"],"potions_floor_usage":[55,55],"damage_taken":[{"damage":2.0,"enemies":"Cultist","floor":2.0,"turns":5.0},{"damage":0.0,"enemies":"downfall:FleeingMerchant","floor":3.0,"turns":4.0},{"damage":0.0,"enemies":"2 Louse","floor":4.0,"turns":3.0},{"damage":0.0,"enemies":"downfall:FleeingMerchant","floor":5.0,"turns":4.0},{"damage":22.0,"enemies":"3 Sentries","floor":10.0,"turns":10.0},{"damage":5.0,"enemies":"Jaw Worm","floor":12.0,"turns":3.0},{"damage":0.0,"enemies":"3 Louse","floor":13.0,"turns":1.0},{"damage":13.0,"enemies":"Exordium Thugs","floor":14.0,"turns":3.0},{"damage":1.0,"enemies":"Blue Slaver","floor":15.0,"turns":3.0},{"damage":31.0,"enemies":"downfall:Defect","floor":16.0,"turns":8.0},{"damage":0.0,"enemies":"Spheric Guardian","floor":19.0,"turns":4.0},{"damage":2.0,"enemies":"3 Byrds","floor":25.0,"turns":2.0},{"damage":0.0,"enemies":"downfall:FleeingMerchant","floor":27.0,"turns":4.0},{"damage":11.0,"enemies":"Shelled Parasite and Fungi","floor":28.0,"turns":4.0},{"damage":0.0,"enemies":"Slavers","floor":29.0,"turns":5.0},{"damage":11.0,"enemies":"downfall:FleeingMerchant","floor":30.0,"turns":4.0},{"damage":13.0,"enemies":"Snecko","floor":31.0,"turns":6.0},{"damage":14.0,"enemies":"3 Cultists","floor":32.0,"turns":6.0},{"damage":11.0,"enemies":"downfall:Silent","floor":33.0,"turns":9.0},{"damage":7.0,"enemies":"3 Shapes","floor":36.0,"turns":3.0},{"damage":5.0,"enemies":"Orb Walker","floor":38.0,"turns":5.0},{"damage":0.0,"enemies":"downfall:FleeingMerchant","floor":39.0,"turns":4.0},{"damage":20.0,"enemies":"Writhing Mass","floor":42.0,"turns":6.0},{"damage":21.0,"enemies":"downfall:FleeingMerchant","floor":43.0,"turns":3.0},{"damage":0.0,"enemies":"Transient","floor":45.0,"turns":5.0},{"damage":7.0,"enemies":"Nemesis","floor":46.0,"turns":8.0},{"damage":5.0,"enemies":"Sphere and 2 Shapes","floor":48.0,"turns":9.0},{"damage":11.0,"enemies":"Jaw Worm Horde","floor":49.0,"turns":6.0},{"damage":0,"enemies":"downfall:Ironclad","floor":50,"turns":11},{"damage":90,"enemies":"downfall:CharBossMerchant","floor":52,"turns":16},{"damage":0,"enemies":"downfall:NeowBoss","floor":55,"turns":22}],"seed_played":"1062449539236721988","potions_obtained":[{"floor":9.0,"key":"SneckoOil"},{"floor":9.0,"key":"DuplicationPotion"},{"floor":9.0,"key":"SmokeBomb"},{"floor":10.0,"key":"SkillPotion"},{"floor":12.0,"key":"Fruit Juice"},{"floor":14.0,"key":"SkillPotion"},{"floor":15.0,"key":"AttackPotion"},{"floor":16.0,"key":"DistilledChaos"},{"floor":22.0,"key":"CultistPotion"},{"floor":25.0,"key":"Guardian:BlockOnCardUsePotion"},{"floor":31.0,"key":"Guardian:AcceleratePotion"},{"floor":32.0,"key":"SneckoOil"},{"floor":45.0,"key":"FearPotion"},{"floor":46.0,"key":"LiquidMemories"}],"is_trial":false,"path_per_floor":["R","M","$","M","$","R","T","?","?","E","R","M","M","M","M","B",null,"R","M","?","?","?","R","T","M","?","$","M","E","$","M","M","B",null,"R","M","?","M","$","?","T","M","$","R","M","E","?","M","M","B",null,"E","$","R","B",null],"character_chosen":"GUARDIAN","items_purchased":["Guardian:EvasiveProtocol","Guardian:Gem_Cyan","Guardian:Gem_White","Calipers","Guardian:Gem_Lightblue"],"campfire_rested":0,"item_purchase_floors":[30,30,39,43,53],"current_hp_per_floor":[88,86,86,86,86,86,86,79,79,57,57,52,52,44,43,12,93,93,93,75,75,75,75,75,73,73,73,62,62,51,38,24,13,98,108,101,101,96,96,96,96,76,70,85,85,78,78,73,62,62,108,18,33,51,51],"gold":37,"neow_bonus":"TEN_PERCENT_HP_BONUS","is_daily":false,"chose_seed":false,"campfire_upgraded":4,"win_rate":0.0,"timestamp":1609026409,"path_taken":["R","M","$","M","?","R","T","?","?","E","R","M","?","M","M","BOSS","R","M","?","?","?","R","T","M","?","$","?","E","$","M","M","BOSS","R","M","?","M","$","?","T","?","$","R","M","E","?","M","M","BOSS","E","$","R","BOSS"],"items_purchased_type":["Card","Card","Card","Relic","Card"],"build_version":"2020-12-22","purchased_purges":4,"victory":true,"max_hp_per_floor":[88,88,88,88,88,88,88,88,88,88,88,88,88,93,93,93,93,93,93,98,98,98,98,98,98,98,98,98,98,98,98,98,98,98,108,108,108,108,108,108,108,108,108,108,108,108,108,108,108,108,108,108,108,108,108],"card_choices":[{"not_picked":["Guardian:CrystalBeam","Guardian:Gem_Lightblue"],"picked":"Guardian:Gem_Blue","floor":2.0},{"not_picked":["Guardian:ShieldCharger","Guardian:TemporalStrike"],"picked":"Guardian:PiercingHide","floor":3.0},{"not_picked":["Guardian:ShieldSpikes","Guardian:ChargeUp"],"picked":"Guardian:Incinerate","floor":4.0},{"not_picked":["Guardian:TemporalShield","Guardian:TemporalStrike"],"picked":"Guardian:DecasProtection","floor":5.0},{"not_picked":["Guardian:Gem_Cyan","Guardian:VentSteam"],"picked":"Guardian:HyperBeam_Guardian","floor":10.0},{"not_picked":["Guardian:RollAttack","Guardian:Gem_Lightblue"],"picked":"Guardian:Gem_Red","floor":12.0},{"not_picked":["Guardian:Incinerate","Guardian:RollAttack"],"picked":"Guardian:Reroute","floor":13.0},{"not_picked":["Guardian:TemporalStrike","Guardian:Repulse"],"picked":"Guardian:Recover","floor":14.0},{"not_picked":["Guardian:Harden","Guardian:Gem_Cyan"],"picked":"Guardian:Planning","floor":15.0},{"not_picked":["Guardian:ConstructionForm","Guardian:GatlingBeam"],"picked":"Guardian:AncientConstruct","floor":16.0},{"not_picked":["Guardian:FloatingOrbs+1","Guardian:TimeCapacitor"],"picked":"Guardian:TemporalShield+1","floor":19.0},{"not_picked":["Guardian:SpikerProtocol","Guardian:GuardianWhirl"],"picked":"Guardian:Reroute+1","floor":25.0},{"not_picked":["Guardian:Gem_Red","Guardian:TemporalShield"],"picked":"Guardian:Planning+1","floor":27.0},{"not_picked":["Guardian:BronzeOrb","Guardian:ChargeUp","Guardian:ChargeCore"],"picked":"SKIP","floor":28.0},{"not_picked":["Guardian:Reroute","Guardian:BronzeOrb","Guardian:PrimingBeam"],"picked":"SKIP","floor":29.0},{"not_picked":["Guardian:SpikerProtocol","Guardian:Gem_Red"],"picked":"Guardian:PrismaticBarrier","floor":30.0},{"not_picked":["Guardian:PrimingBeam","Guardian:RollAttack+1"],"picked":"Guardian:Gem_Red","floor":31.0},{"not_picked":["Guardian:Gem_White","Guardian:TimeSifter"],"picked":"Guardian:MultiBeam+1","floor":32.0},{"not_picked":["Guardian:FierceBash","Guardian:StasisField"],"picked":"Guardian:ExploitGems","floor":33.0},{"not_picked":["Guardian:VentSteam","Guardian:WalkerClaw","Guardian:ShieldSpikes"],"picked":"SKIP","floor":36.0},{"not_picked":["Guardian:GuardianWhirl+1","Guardian:Incinerate"],"picked":"Guardian:PiercingHide+1","floor":38.0},{"not_picked":["Guardian:Emergency","Guardian:GatlingBeam"],"picked":"Guardian:Preprogram+1","floor":39.0},{"not_picked":["Guardian:BronzeArmor+1","Guardian:WalkerClaw"],"picked":"Guardian:PrismaticBarrier+1","floor":42.0},{"not_picked":["Guardian:RefractedBeam+1","Guardian:Repulse"],"picked":"Guardian:Gem_Purple","floor":43.0},{"not_picked":["Guardian:ShieldCharger","Guardian:Gem_Green","Guardian:StasisStrike"],"picked":"SKIP","floor":45.0},{"not_picked":["Guardian:Incinerate+1","Guardian:Gem_Lightblue"],"picked":"Guardian:Gem_Red","floor":46.0},{"not_picked":["Guardian:MultiBeam+1","Guardian:PiercingHide"],"picked":"Guardian:Gem_Red","floor":48.0},{"not_picked":["Guardian:RollAttack+1","Guardian:Gem_Crimson"],"picked":"Guardian:Gem_Cyan","floor":49.0},{"not_picked":["Guardian:Emergency","Guardian:HyperBeam_Guardian"],"picked":"Guardian:SpikerProtocol","floor":52}],"player_experience":80597,"relics_obtained":[{"floor":10.0,"key":"Nunchaku"},{"floor":23.0,"key":"Shuriken"},{"floor":24.0,"key":"Ancient Tea Set"},{"floor":29.0,"key":"Eternal Feather"},{"floor":35.0,"key":"Dream Catcher"},{"floor":41.0,"key":"MealTicket"},{"floor":46.0,"key":"War Paint"},{"floor":52,"key":"Kunai"},{"floor":54,"key":"Letter Opener"}],"event_choices":[{"damage_healed":0.0,"max_hp_gain":0.0,"max_hp_loss":0.0,"gold_gain":0.0,"event_name":"Scrap Ooze","player_choice":"Success","floor":8.0,"gold_loss":0.0,"damage_taken":7.0,"relics_obtained":["Shovel"]},{"damage_healed":0.0,"max_hp_gain":0.0,"max_hp_loss":0.0,"gold_gain":0.0,"event_name":"Lab","player_choice":"Got Potions","floor":9.0,"gold_loss":0.0,"damage_taken":0.0},{"damage_healed":0.0,"max_hp_gain":0.0,"max_hp_loss":0.0,"gold_gain":0.0,"event_name":"Ghosts","player_choice":"Ignored","floor":21.0,"gold_loss":0.0,"damage_taken":0.0}],"is_beta":false,"boss_relics":[{"not_picked":["Fusion Hammer","Snecko Eye"],"picked":"SlaversCollar"},{"not_picked":["Calling Bell","Black Star"],"picked":"Astrolabe"}],"items_purged_floors":[3,27,43,53],"is_endless":false,"potions_floor_spawned":[10,12,14,15,16,25,31,32,45,46,48],"ascension_level":0}}