{"host":"u0f5uy314yz7olfc","time":1609009102,"event":{"mods":["AchievementEnabler","Aspiration","BaseMod","Better Altar","Better Match","Better Note","Better Sensory Stone","Better Skull","Better Third Choice","BetterRewards","Block Reminder","Colored Map","Colored Powertips","DeckTracker","Dota2Spire","Emptier Cage","Gold Saver","Highlight Path","Hubris","Infinite Spire","Marked Mod","Mimic Mod","Minty Spire (QoL Compilation)","Permanent Neow","Quick Restart","Rare Cards Sparkle","Relic Sorter","Shop Mod","StSLib","The Bladedancer","The Blue Laboratory","Watcher Patcher"],"gold_per_floor":[286,11,11,11,27,57,107,107,139,139,150,150,150,166,166,268,268,281,295,295,295,313,313,326,340,340,374,392,408,425,425,425],"floor_reached":31,"playtime":2220,"items_purged":["Strike_B"],"score":259,"play_id":"dd443331-46ed-4259-adbb-1931923fb1d5","local_time":"20201227015822","is_ascension_mode":false,"campfire_choices":[{"floor":10.0,"key":"REST"},{"floor":12.0,"key":"RECALL"},{"data":"Electrodynamics","floor":15.0,"key":"SMITH"},{"floor":23.0,"key":"REST"}],"circlet_count":0,"master_deck":["Strike_B","Strike_B","Defend_B","Defend_B","Defend_B","Defend_B","Zap","Dualcast","Undo","Loop+1","Steam","Self Repair+1","Electrodynamics+1","Darkness","Self Repair","Rainbow","Steam","Capacitor+1","infinitespire:Punishment","Defragment","CrushJoints","Beam Cell","Turbo","Auto Shields","Rip and Tear","Self Repair"],"relics":["Cracked Core","Membership Card","MerchantsRug","Potion Belt","Philosopher\u0027s Stone","Thread and Needle","MealTicket","Bag of Marbles"],"acts_visited":["Exordium","TheCity"],"potions_floor_usage":[],"damage_taken":[{"damage":5.0,"enemies":"2 Louse","floor":1.0,"turns":3.0},{"damage":1.0,"enemies":"Cultist","floor":5.0,"turns":4.0},{"damage":36.0,"enemies":"3 Sentries","floor":6.0,"turns":14.0},{"damage":0.0,"enemies":"Jaw Worm","floor":9.0,"turns":6.0},{"damage":14.0,"enemies":"Jaw Worm","floor":11.0,"turns":4.0},{"damage":0.0,"enemies":"Exordium Wildlife","floor":14.0,"turns":2.0},{"damage":33.0,"enemies":"Hexaghost","floor":16.0,"turns":10.0},{"damage":20.0,"enemies":"Spheric Guardian","floor":18.0,"turns":4.0},{"damage":28.0,"enemies":"3 Byrds","floor":19.0,"turns":3.0},{"damage":15.0,"enemies":"Centurion and Healer","floor":22.0,"turns":5.0},{"damage":18.0,"enemies":"3 Cultists","floor":24.0,"turns":4.0},{"damage":25.0,"enemies":"Snake Plant","floor":25.0,"turns":4.0},{"damage":33.0,"enemies":"Gremlin Leader","floor":27.0,"turns":8.0},{"damage":31.0,"enemies":"Centurion and Healer","floor":28.0,"turns":6.0},{"damage":18.0,"enemies":"Chosen and Byrds","floor":29.0,"turns":4.0},{"damage":7.0,"enemies":"Cultist and Chosen","floor":30.0,"turns":5.0},{"damage":40,"enemies":"Book of Stabbing","floor":31,"turns":4}],"seed_played":"-1132919483729758787","potions_obtained":[{"floor":5.0,"key":"blueLaboratory:CoolantVial"},{"floor":13.0,"key":"blueLaboratory:FruitPunch"},{"floor":13.0,"key":"blueLaboratory:StoneskinPotion"},{"floor":13.0,"key":"blueLaboratory:TeslaPotion"},{"floor":14.0,"key":"blueLaboratory:CoolantVial"},{"floor":19.0,"key":"DuplicationPotion"},{"floor":24.0,"key":"blueLaboratory:BottleOfVodka"},{"floor":25.0,"key":"Weak Potion"},{"floor":29.0,"key":"AttackPotion"}],"is_trial":false,"path_per_floor":["M","$","?","$","M","E","T","?","MIM","R","M","R","?","M","R","B",null,"M","M","?","AVR","M","R","M","M","T","E","M","M","M","E"],"character_chosen":"DEFECT","items_purchased":["Membership Card","Loop","MerchantsRug","Undo"],"campfire_rested":2,"item_purchase_floors":[2,2,2,2],"current_hp_per_floor":[70,70,70,70,69,33,33,33,43,65,61,61,61,61,61,47,77,74,53,53,53,55,77,76,58,58,42,28,27,37,0,0],"gold":425,"neow_bonus":"","is_daily":false,"chose_seed":false,"campfire_upgraded":1,"win_rate":0.0,"timestamp":1609009102,"path_taken":["M","$","?","?","M","E","?","?","MIM","R","M","R","?","?","R","BOSS","M","M","?","AVR","M","R","M","M","T","E","M","M","?","E"],"items_purchased_type":["Relic","Card","Relic","Card"],"build_version":"2020-12-22","purchased_purges":1,"victory":false,"max_hp_per_floor":[75,75,75,75,75,75,75,75,75,75,75,75,75,75,75,77,77,77,77,77,77,77,77,77,77,77,77,77,77,77,77,77],"card_choices":[{"not_picked":["Recycle","White Noise"],"picked":"Undo","floor":1.0},{"not_picked":["Rip and Tear","Rebound"],"picked":"Steam","floor":5.0},{"not_picked":["Crescendo","WaveOfTheHand"],"picked":"Self Repair","floor":6.0},{"not_picked":["Ball Lightning","aspiration:Polymerization"],"picked":"Electrodynamics","floor":9.0},{"not_picked":["Steam Power","Rip and Tear"],"picked":"Darkness","floor":11.0},{"not_picked":["JustLucky","Tempest"],"picked":"Self Repair","floor":14.0},{"not_picked":["Fission","Buffer"],"picked":"Rainbow","floor":16.0},{"not_picked":["Protect","Gash"],"picked":"Steam","floor":18.0},{"not_picked":["Reinforced Body","Crescendo+1"],"picked":"Capacitor+1","floor":19.0},{"not_picked":["Glacier+1","Darkness+1"],"picked":"Defragment","floor":22.0},{"not_picked":["White Noise","Reinforced Body+1"],"picked":"CrushJoints","floor":24.0},{"not_picked":["FTL","Consume"],"picked":"Beam Cell","floor":25.0},{"not_picked":["Loop","Coolheaded"],"picked":"Turbo","floor":27.0},{"not_picked":["hubris:Ukulele","CrushJoints"],"picked":"Auto Shields","floor":28.0},{"not_picked":["FTL","JustLucky+1"],"picked":"Rip and Tear","floor":29.0},{"not_picked":["Cold Snap","Double Energy+1"],"picked":"Self Repair","floor":30.0}],"player_experience":327056,"relics_obtained":[{"floor":6.0,"key":"Boot"},{"floor":9.0,"key":"Potion Belt"},{"floor":26.0,"key":"MealTicket"},{"floor":27.0,"key":"Bag of Marbles"}],"event_choices":[{"cards_removed":["Undo"],"damage_healed":0.0,"max_hp_gain":0.0,"max_hp_loss":0.0,"gold_gain":0.0,"event_name":"Purifier","player_choice":"Purged","floor":3.0,"gold_loss":0.0,"damage_taken":0.0},{"damage_healed":0.0,"max_hp_gain":0.0,"max_hp_loss":0.0,"gold_gain":0.0,"event_name":"Lab","player_choice":"Got Potions","floor":13.0,"gold_loss":0.0,"damage_taken":0.0},{"cards_removed":["Strike_B"],"damage_healed":0.0,"max_hp_gain":0.0,"max_hp_loss":0.0,"gold_gain":0.0,"event_name":"Purifier","player_choice":"Purged","floor":20.0,"gold_loss":0.0,"damage_taken":0.0}],"is_beta":false,"boss_relics":[{"not_picked":["aspiration:SecretTechniqueScroll","Empty Cage"],"picked":"Philosopher\u0027s Stone"}],"items_purged_floors":[21],"is_endless":false,"potions_floor_spawned":[5,14,19,24,25,29],"killed_by":"Book of Stabbing","ascension_level":0}}