{"host":"wjjo3y19ggvj12sc","time":1609023599,"event":{"mods":["AchievementEnabler","Ascension Unlocker","Bard","BaseMod","Beaked The Cultist","BetterRewards","Conspire","Downfall","Duelist Mod","GifTheSpireLib","Googly Eyes","Gremlin Mod","Hermit","Hubris","Infinite Spire","Jorbs\u0027s Wanderer Trilogy","Mad Scientist","Marisa????????","Minty Spire (QoL Compilation)","Random Character Button","Random Character Mod","Relic Sorter","Relic Stats","Remilia??????","Replay The Spire","Spicy Shops","StSLib","Td1madao Mod","The Bladedancer","The Bug Knight","The Construct","The Cursed","The Disciple","The Gatherer","The Hierophant","The Mystic","The Necromancer","The Poker Player","The Runesmith","The Servant 0.9.4"],"gold_per_floor":[115,127,68,68,68,102,115,40,40,40,83,83,83,98,98,222,222,243,268,268,278,278,309,609,609,609,626,340,353,353,373,373,475,475,494,535,549,560,575,575,627,683,709,739,799,0,0,25,25,47],"floor_reached":51,"playtime":3144,"items_purged":["Regret","Greed_TH"],"score":832,"play_id":"63cd5f45-6ac7-431c-9bf3-cb327c6d176c","local_time":"20201226175959","is_ascension_mode":false,"campfire_choices":[{"data":"ReplayTheSpireMod:Muscle Training","floor":10,"key":"SMITH"},{"data":"Shrug It Off","floor":13,"key":"SMITH"},{"data":"Hemogenesis","floor":15,"key":"SMITH"},{"floor":25,"key":"DIG"},{"data":"Offering","floor":32,"key":"SMITH"},{"data":"Limit Break","floor":40,"key":"SMITH"},{"data":"Demon Form","floor":49,"key":"SMITH"}],"circlet_count":0,"master_deck":["Strike_R","Strike_R","Strike_R","Strike_R","Strike_R","Defend_R","Defend_R","Defend_R","Defend_R","Bash","Shrug It Off+1","Pummel+1","ReplayTheSpireMod:Muscle Training+1","Demon Form+1","Perfected Strike","Hemogenesis+1","Offering+1","Pummel","Heavy Blade","Heavy Blade+1","Ghostly","Ghostly","Ghostly","Ghostly","Ghostly","Dark Embrace","Dark Embrace","conspire:Banana","Battle Trance","infinitespire:FutureSight+1","Spot Weakness+1","Limit Break+1","Sword Boomerang+1","Thunderclap+1","ReplayTheSpireMod:Splinters","Sword Boomerang","Perfected Strike+1","Demon Form+1","Replay:Undeath\u0027s Touch"],"relics":["Burning Blood","NeowsBlessing","Boot","Bloody Idol","King of Hearts","Akabeko","conspire:RoyalGoblet","Shovel","Replay:Accelerometer","hubris:MysteriousPyramids","Lee\u0027s Waffle","SlaversCollar","conspire:DeflatedDodgeball","Replay:Bandana","Dream Catcher","Gremlin Food","TungstenRod","Kunai","Toolbox"],"acts_visited":["Exordium","TheCity","TheBeyond"],"potions_floor_usage":[7,29,35,42,42,42,50,50],"damage_taken":[{"damage":0,"enemies":"2 Louse","floor":1,"turns":1},{"damage":0,"enemies":"Small Slimes","floor":2,"turns":1},{"damage":0,"enemies":"Gremlin Nob","floor":6,"turns":1},{"damage":2,"enemies":"Cultist","floor":7,"turns":2},{"damage":10,"enemies":"Replay:BlueRogue","floor":11,"turns":5},{"damage":0,"enemies":"Blue Slaver","floor":14,"turns":2},{"damage":67,"enemies":"The Guardian","floor":16,"turns":9},{"damage":13,"enemies":"Shell Parasite","floor":18,"turns":5},{"damage":0,"enemies":"3 Byrds","floor":19,"turns":4},{"damage":27,"enemies":"conspire:HollyBat","floor":21,"turns":7},{"damage":15,"enemies":"conspire:SneckoGhost","floor":23,"turns":4},{"damage":1,"enemies":"Snake Plant","floor":27,"turns":5},{"damage":4,"enemies":"Centurion and Healer","floor":29,"turns":8},{"damage":12,"enemies":"conspire:HollyBat","floor":31,"turns":7},{"damage":19,"enemies":"conspire:MysteriousRune","floor":33,"turns":6},{"damage":1,"enemies":"Orb Walker","floor":35,"turns":4},{"damage":59,"enemies":"conspire:MimicChest","floor":36,"turns":9},{"damage":18,"enemies":"3 Shapes","floor":37,"turns":8},{"damage":13,"enemies":"Transient","floor":38,"turns":5},{"damage":17,"enemies":"Writhing Mass","floor":39,"turns":4},{"damage":4,"enemies":"HollowMod:StalkingDevout","floor":42,"turns":8},{"damage":1,"enemies":"3 Darklings","floor":44,"turns":5},{"damage":23,"enemies":"Mind Bloom Boss Battle","floor":45,"turns":6},{"damage":4,"enemies":"Jaw Worm Horde","floor":48,"turns":5},{"damage":50,"enemies":"Time Eater","floor":50,"turns":10}],"seed_played":"4373708843576129101","potions_obtained":[{"floor":1,"key":"Toxic Potion"},{"floor":6,"key":"Fire Potion"},{"floor":16,"key":"AttackPotion"},{"floor":19,"key":"DistilledChaos"},{"floor":29,"key":"LifebloodPotion"},{"floor":35,"key":"hexamod:EctoCoolerPotion"},{"floor":45,"key":"Venom Potion"},{"floor":48,"key":"Explosive Potion"}],"is_trial":false,"path_per_floor":["M","M","$","?","?","E","M","$","T","R","E","?","R","M","R","B",null,"M","M","?","M","?","E","?","R","T","M","$","M","?","M","R","B",null,"M","?","M","M","M","R","?","E","T","M","?","$","?","M","R","B",null],"character_chosen":"IRONCLAD","items_purchased":["Boot","Dark Embrace","conspire:Banana","Lee\u0027s Waffle","Kunai","Toolbox"],"campfire_rested":0,"item_purchase_floors":[3,28,28,28,46,46],"current_hp_per_floor":[80,80,80,60,60,66,70,70,70,70,66,66,66,72,72,11,80,79,80,80,64,40,36,40,40,40,40,47,48,36,36,36,40,50,51,19,24,22,16,16,21,40,45,55,44,32,32,51,51,16],"gold":47,"neow_bonus":"THREE_ENEMY_KILL","is_daily":false,"chose_seed":false,"campfire_upgraded":6,"win_rate":0.0,"timestamp":1609023599,"path_taken":["M","M","$","?","?","E","?","$","T","R","E","?","R","M","R","BOSS","M","M","?","M","?","E","?","R","T","M","$","M","?","M","R","BOSS","M","?","M","M","M","R","?","E","T","M","?","?","?","M","R","BOSS"],"items_purchased_type":["Relic","Card","Card","Relic","Relic","Relic"],"build_version":"2020-12-22","purchased_purges":2,"victory":true,"max_hp_per_floor":[80,80,80,80,80,80,80,80,80,80,80,80,80,80,80,80,80,80,80,80,80,40,40,40,40,40,40,47,48,48,49,49,50,50,51,52,53,53,53,53,53,54,54,55,56,56,56,57,57,58],"relic_stats":{"Lee\u0027s Waffle":22,"Dream Catcher":0,"Shovel":1,"counters":[25,131],"Bloody Idol":84,"Kunai":[3],"Boot":[154],"obtain_stats":[{"Gremlin Food":43,"Replay:Accelerometer":25,"Lee\u0027s Waffle":28,"NeowsBlessing":0,"conspire:RoyalGoblet":17,"Golden Idol":4,"King of Hearts":6,"hubris:MysteriousPyramids":26,"Boot":3,"Burning Blood":0,"Akabeko":11,"SlaversCollar":34,"Replay:Bandana":41,"Dream Catcher":42,"Shovel":23,"Bloody Idol":20,"Toolbox":46,"Kunai":46,"conspire:DeflatedDodgeball":36,"TungstenRod":45},{"Gremlin Food":21,"Replay:Accelerometer":11,"Lee\u0027s Waffle":12,"NeowsBlessing":0,"conspire:RoyalGoblet":7,"Golden Idol":2,"King of Hearts":3,"hubris:MysteriousPyramids":11,"Boot":2,"Burning Blood":0,"Akabeko":5,"SlaversCollar":15,"Replay:Bandana":20,"Dream Catcher":21,"Shovel":11,"Bloody Idol":9,"Toolbox":23,"Kunai":23,"conspire:DeflatedDodgeball":17,"TungstenRod":23},{"Gremlin Food":105,"Replay:Accelerometer":41,"Lee\u0027s Waffle":46,"NeowsBlessing":0,"conspire:RoyalGoblet":21,"Golden Idol":2,"King of Hearts":3,"hubris:MysteriousPyramids":41,"Boot":2,"Burning Blood":0,"Akabeko":10,"SlaversCollar":67,"Replay:Bandana":97,"Dream Catcher":105,"Shovel":41,"Bloody Idol":30,"Toolbox":116,"Kunai":116,"conspire:DeflatedDodgeball":80,"TungstenRod":116}],"Burning Blood":110,"TungstenRod":13},"card_choices":[{"not_picked":["Perfected Strike","Clothesline"],"picked":"Shrug It Off","floor":1},{"not_picked":["Abandon","Heavy Blade"],"picked":"Pummel","floor":2},{"not_picked":["Disarm","ReplayTheSpireMod:Corrosion Curse"],"picked":"ReplayTheSpireMod:Muscle Training","floor":6},{"not_picked":["Uppercut","ReplayTheSpireMod:Strike From Hell"],"picked":"Demon Form","floor":7},{"not_picked":["Body Slam","Wild Strike"],"picked":"Perfected Strike","floor":11},{"not_picked":["Combust","Armaments"],"picked":"Hemogenesis","floor":14},{"not_picked":["Eclipse","conspire:HitWhereItHurts"],"picked":"Offering","floor":16},{"not_picked":["ReplayTheSpireMod:Corrosion Curse","Clash"],"picked":"Pummel","floor":18},{"not_picked":["ReplayTheSpireMod:Stacked","Cleave"],"picked":"Heavy Blade","floor":19},{"not_picked":["Clash","Reckless Charge"],"picked":"Heavy Blade+1","floor":21},{"not_picked":["Searing Blow","Headbutt","Clash"],"picked":"SKIP","floor":23},{"not_picked":["Body Slam","Twin Strike+1"],"picked":"Dark Embrace","floor":27},{"not_picked":["Flex+1","ReplayTheSpireMod:Strike From Hell"],"picked":"Battle Trance","floor":29},{"not_picked":["infinitespire:SealOfDarkness+","ReplayTheSpireMod:Echoes of Time"],"picked":"infinitespire:FutureSight","floor":30},{"not_picked":["conspire:ExplosiveBarrier+1","Rampage+1"],"picked":"Spot Weakness+1","floor":31},{"not_picked":["conspire:HitWhereItHurts","Replay:Many Hands"],"picked":"Limit Break","floor":33},{"not_picked":["ReplayTheSpireMod:Strike From Hell","Life Link","Defy Death"],"picked":"SKIP","floor":35},{"not_picked":["Sentinel","hubris:CleavingFinish","Body Slam"],"picked":"SKIP","floor":37},{"not_picked":["ReplayTheSpireMod:Stacked","Battle Trance+1"],"picked":"Sword Boomerang+1","floor":38},{"not_picked":["Pommel Strike+1","Warcry"],"picked":"Thunderclap+1","floor":39},{"not_picked":["Shrug It Off","Combust+1"],"picked":"Sword Boomerang","floor":41},{"not_picked":["Battle Trance","Shrug It Off"],"picked":"Perfected Strike+1","floor":41},{"not_picked":["Searing Blow","Fiend Fire","Iron Wave"],"picked":"SKIP","floor":42},{"not_picked":["Blood for Blood+1","Perfected Strike"],"picked":"Demon Form","floor":44},{"not_picked":["Metallicize+1","Twin Strike+1"],"picked":"Replay:Undeath\u0027s Touch","floor":45},{"not_picked":["Power Through+1","Sentinel+1","Twin Strike+1"],"picked":"SKIP","floor":48}],"player_experience":376744,"relics_obtained":[{"floor":6,"key":"King of Hearts"},{"floor":11,"key":"Akabeko"},{"floor":23,"key":"Shovel"},{"floor":25,"key":"Replay:Accelerometer"},{"floor":26,"key":"hubris:MysteriousPyramids"},{"floor":36,"key":"conspire:DeflatedDodgeball"},{"floor":41,"key":"Replay:Bandana"},{"floor":42,"key":"Dream Catcher"},{"floor":43,"key":"Gremlin Food"},{"floor":45,"key":"TungstenRod"}],"event_choices":[{"damage_healed":0,"gold_gain":0,"player_choice":"Take Damage","damage_taken":20,"relics_obtained":["Golden Idol"],"max_hp_gain":0,"max_hp_loss":0,"event_name":"Golden Idol","floor":4,"gold_loss":0},{"damage_healed":0,"gold_gain":0,"player_choice":"Forge","damage_taken":0,"max_hp_gain":0,"max_hp_loss":0,"event_name":"Accursed Blacksmith","floor":5,"gold_loss":0,"cards_upgraded":["Pummel"]},{"damage_healed":0,"gold_gain":0,"player_choice":"Gave Idol","damage_taken":0,"relics_obtained":["Bloody Idol"],"max_hp_gain":0,"max_hp_loss":0,"event_name":"Forgotten Altar","floor":20,"relics_lost":["Golden Idol"],"gold_loss":0},{"damage_healed":0,"gold_gain":0,"player_choice":"Became a Ghost","damage_taken":0,"max_hp_gain":0,"max_hp_loss":40,"event_name":"Ghosts","floor":22,"gold_loss":0,"cards_obtained":["Ghostly","Ghostly","Ghostly","Ghostly","Ghostly"]},{"damage_healed":0,"gold_gain":0,"player_choice":"Fight","damage_taken":0,"max_hp_gain":0,"max_hp_loss":0,"event_name":"MindBloom","floor":45,"gold_loss":0},{"damage_healed":0,"gold_gain":0,"player_choice":"Upgraded","damage_taken":0,"max_hp_gain":0,"max_hp_loss":0,"event_name":"Upgrade Shrine","floor":47,"gold_loss":0,"cards_upgraded":["infinitespire:FutureSight"]}],"is_beta":false,"boss_relics":[{"not_picked":["hubris:BlackHole","Ring of Chaos"],"picked":"conspire:RoyalGoblet"},{"not_picked":["Electric Blood","Runesmith:UraniumAnvil"],"picked":"SlaversCollar"}],"items_purged_floors":[8,46],"is_endless":false,"potions_floor_spawned":[1,6,16,19,27,29,35,39,45,48],"ascension_level":0}}