{"host":"7sni158j623xchr2","time":1609003463,"event":{"mods":["BaseMod","Colored Map","Highlight Path","Minty Spire (QoL Compilation)","Permanent Neow","Potion Indicator Mod","Rare Cards Sparkle","Relic Sorter","Relic Stats","StSLib","everything is the same but u backflip on backflip"],"gold_per_floor":[127,180,205,228,3,3,16,52,104,104,128,166,166,181,181,288,315,336,45,71,92,109,146,146,181,204,220,245,245,245,289,289,393,393,415,141,159,171,181,181,200,200,200,200,242,39,69,69,69,69,69,69,18,46,46],"floor_reached":56,"playtime":1510,"items_purged":["Strike_G","Strike_G","Defend_G","Defend_G"],"score":1428,"play_id":"9b195bf7-94dc-491b-801f-05ea55e7ceb4","local_time":"20201226112423","is_ascension_mode":true,"campfire_choices":[{"data":"Backstab","floor":6.0,"key":"SMITH"},{"data":"Die Die Die","floor":10.0,"key":"SMITH"},{"data":"Dagger Spray","floor":13.0,"key":"SMITH"},{"data":"Predator","floor":15.0,"key":"SMITH"},{"data":"1","floor":24.0,"key":"LIFT"},{"data":"2","floor":29.0,"key":"LIFT"},{"data":"3","floor":32.0,"key":"LIFT"},{"data":"Wraith Form v2","floor":40.0,"key":"SMITH"},{"data":"Malaise","floor":42.0,"key":"SMITH"},{"data":"Madness","floor":44.0,"key":"SMITH"},{"floor":49,"key":"RECALL"},{"data":"Madness","floor":52,"key":"SMITH"}],"circlet_count":0,"master_deck":["Defend_G+1","Defend_G","Defend_G","Survivor","Neutralize","Dagger Spray+1","Predator+1","Backstab+1","Die Die Die+1","Wraith Form v2+1","Die Die Die","Skewer+1","Bullet Time+1","Flying Knee+1","Dash","Backflip","Deadly Poison","Backflip+1","Malaise+1","Skewer+1","Backflip+1","Madness+1","Madness+1","Doppelganger+1"],"relics":["Ring of the Snake","CeramicFish","Pen Nib","Happy Flower","Girya","Anchor","Blood Vial","Nunchaku","Astrolabe","Chemical X","White Beast Statue","Kunai","Bag of Marbles","Akabeko","SlaversCollar","ClockworkSouvenir","Smiling Mask","Centennial Puzzle","Bronze Scales","War Paint"],"acts_visited":["Exordium","TheCity","TheBeyond","TheEnding"],"potions_floor_usage":[55,55,55],"damage_taken":[{"damage":1.0,"enemies":"Cultist","floor":1.0,"turns":5.0},{"damage":0.0,"enemies":"Jaw Worm","floor":3.0,"turns":5.0},{"damage":0.0,"enemies":"Small Slimes","floor":4.0,"turns":2.0},{"damage":0.0,"enemies":"Exordium Wildlife","floor":7.0,"turns":4.0},{"damage":4.0,"enemies":"Gremlin Nob","floor":8.0,"turns":3.0},{"damage":0.0,"enemies":"3 Sentries","floor":12.0,"turns":4.0},{"damage":0.0,"enemies":"2 Fungi Beasts","floor":14.0,"turns":1.0},{"damage":43.0,"enemies":"Hexaghost","floor":16.0,"turns":9.0},{"damage":0.0,"enemies":"Shell Parasite","floor":18.0,"turns":4.0},{"damage":0.0,"enemies":"Spheric Guardian","floor":20.0,"turns":1.0},{"damage":0.0,"enemies":"Chosen and Byrds","floor":21.0,"turns":3.0},{"damage":0.0,"enemies":"Centurion and Healer","floor":22.0,"turns":4.0},{"damage":14.0,"enemies":"Gremlin Leader","floor":23.0,"turns":5.0},{"damage":10.0,"enemies":"Book of Stabbing","floor":25.0,"turns":5.0},{"damage":0.0,"enemies":"Snecko","floor":27.0,"turns":2.0},{"damage":0.0,"enemies":"Snake Plant","floor":28.0,"turns":1.0},{"damage":0.0,"enemies":"Slavers","floor":31.0,"turns":1.0},{"damage":1.0,"enemies":"Collector","floor":33.0,"turns":3.0},{"damage":0.0,"enemies":"Orb Walker","floor":35.0,"turns":1.0},{"damage":0.0,"enemies":"3 Shapes","floor":38.0,"turns":1.0},{"damage":0.0,"enemies":"3 Darklings","floor":39.0,"turns":2.0},{"damage":6.0,"enemies":"Transient","floor":41.0,"turns":5.0},{"damage":0,"enemies":"Giant Head","floor":45,"turns":4},{"damage":1,"enemies":"Nemesis","floor":47,"turns":3},{"damage":16,"enemies":"Time Eater","floor":50,"turns":6},{"damage":0,"enemies":"Shield and Spear","floor":54,"turns":5},{"damage":4,"enemies":"The Heart","floor":55,"turns":9}],"seed_played":"-5178425640155056440","potions_obtained":[{"floor":4.0,"key":"Dexterity Potion"},{"floor":7.0,"key":"ColorlessPotion"},{"floor":8.0,"key":"Fire Potion"},{"floor":14.0,"key":"LiquidBronze"},{"floor":16.0,"key":"Explosive Potion"},{"floor":23.0,"key":"CunningPotion"},{"floor":25.0,"key":"Strength Potion"},{"floor":27.0,"key":"BlessingOfTheForge"},{"floor":33.0,"key":"SkillPotion"},{"floor":38.0,"key":"SpeedPotion"},{"floor":54,"key":"LiquidMemories"}],"is_trial":false,"path_per_floor":["M","T","M","M","$","R","M","E","T","R","T","E","R","M","R","B",null,"M","$","M","M","M","E","R","E","T","M","M","R","?","E","R","B",null,"M","$","?","M","M","R","M","R","T","R","E","$","E","?","R","B",null,"R","$","E","B",null],"character_chosen":"THE_SILENT","items_purchased":["Happy Flower","Chemical X","Backflip","ClockworkSouvenir","Centennial Puzzle","SkillPotion"],"campfire_rested":0,"item_purchase_floors":[5,19,19,36,46,53],"current_hp_per_floor":[69,69,69,69,69,69,69,65,65,65,65,67,67,69,69,27,70,70,70,70,70,70,56,56,48,48,50,52,52,52,54,54,55,70,70,70,61,63,65,65,61,61,61,61,63,63,64,64,64,50,70,70,70,70,66],"gold":46,"neow_bonus":"RANDOM_COMMON_RELIC","is_daily":false,"chose_seed":false,"campfire_upgraded":8,"win_rate":0.0,"timestamp":1609003463,"path_taken":["M","?","M","M","$","R","M","E","T","R","?","E","R","M","R","BOSS","M","$","M","M","?","E","R","E","T","M","M","R","?","E","R","BOSS","M","$","?","M","M","R","M","R","T","R","E","$","E","?","R","BOSS","R","$","E","BOSS"],"items_purchased_type":["Relic","Relic","Card","Relic","Relic","Potion"],"build_version":"2020-12-22","purchased_purges":4,"victory":true,"max_hp_per_floor":[70,70,70,70,70,70,70,70,70,70,70,70,70,70,70,70,70,70,70,70,70,70,70,70,70,70,70,70,70,70,70,70,70,70,70,70,70,70,70,70,70,70,70,70,70,70,70,70,70,70,70,70,70,70,70],"relic_stats":{"Happy Flower":[28],"counters":[27,98],"CeramicFish":180,"Astrolabe":["Skewer","Bullet Time","Flying Knee"],"Pen Nib":[21],"War Paint":["Doppelganger","Defend_G"],"Smiling Mask":100,"Blood Vial":27,"Nunchaku":[17],"Centennial Puzzle":[9],"Bronze Scales":[123],"Chemical X":[41],"Kunai":[24],"obtain_stats":[{"Girya":8,"Happy Flower":5,"CeramicFish":0,"Astrolabe":17,"Pen Nib":2,"War Paint":54,"Smiling Mask":45,"White Beast Statue":23,"Akabeko":31,"ClockworkSouvenir":36,"Blood Vial":11,"SlaversCollar":34,"Anchor":9,"Nunchaku":12,"Centennial Puzzle":46,"Bronze Scales":47,"Bag of Marbles":26,"Chemical X":19,"Kunai":25,"Ring of the Snake":0},{"Girya":5,"Happy Flower":3,"CeramicFish":0,"Astrolabe":8,"Pen Nib":1,"War Paint":26,"Smiling Mask":23,"White Beast Statue":13,"Akabeko":17,"ClockworkSouvenir":19,"Blood Vial":5,"SlaversCollar":18,"Anchor":5,"Nunchaku":6,"Centennial Puzzle":23,"Bronze Scales":24,"Bag of Marbles":14,"Chemical X":9,"Kunai":14,"Ring of the Snake":0},{"Girya":19,"Happy Flower":12,"CeramicFish":0,"Astrolabe":33,"Pen Nib":5,"War Paint":89,"Smiling Mask":75,"White Beast Statue":50,"Akabeko":59,"ClockworkSouvenir":63,"Blood Vial":19,"SlaversCollar":62,"Anchor":19,"Nunchaku":23,"Centennial Puzzle":75,"Bronze Scales":78,"Bag of Marbles":55,"Chemical X":37,"Kunai":55,"Ring of the Snake":0}],"Ring of the Snake":[54]},"card_choices":[{"not_picked":["Deflect","Eviscerate"],"picked":"Dagger Spray","floor":1.0},{"not_picked":["Catalyst","Sucker Punch"],"picked":"Predator","floor":3.0},{"not_picked":["Deadly Poison","Acrobatics"],"picked":"Backstab","floor":4.0},{"not_picked":["Quick Slash","Acrobatics","Eviscerate"],"picked":"SKIP","floor":7.0},{"not_picked":["Deflect","Noxious Fumes"],"picked":"Die Die Die","floor":8.0},{"not_picked":["Infinite Blades","Poisoned Stab"],"picked":"Wraith Form v2","floor":12.0},{"not_picked":["Poisoned Stab","Slice","Choke"],"picked":"SKIP","floor":14.0},{"not_picked":["Envenom","Wraith Form v2"],"picked":"Die Die Die","floor":16.0},{"not_picked":["Riddle With Holes","Infinite Blades"],"picked":"Dash","floor":18.0},{"not_picked":["Poisoned Stab","Bane"],"picked":"Deadly Poison","floor":20.0},{"not_picked":["Blade Dance","Slice"],"picked":"Acrobatics","floor":21.0},{"not_picked":["Dodge and Roll","Unload","Bane"],"picked":"SKIP","floor":22.0},{"not_picked":["Dodge and Roll","Concentrate"],"picked":"Backflip+1","floor":23.0},{"not_picked":["Calculated Gamble","Concentrate+1","Acrobatics"],"picked":"SKIP","floor":25.0},{"not_picked":["Poisoned Stab","Blade Dance","Backflip+1"],"picked":"SKIP","floor":27.0},{"not_picked":["Accuracy","Blur"],"picked":"Malaise","floor":28.0},{"not_picked":["Footwork","Bullet Time"],"picked":"Skewer+1","floor":31.0},{"not_picked":["Acrobatics","Backstab"],"picked":"Backflip+1","floor":35.0},{"not_picked":["Deadly Poison","Deflect+1","Dagger Spray+1"],"picked":"SKIP","floor":38.0},{"not_picked":["Dodge and Roll+1","Acrobatics","Blade Dance"],"picked":"SKIP","floor":39.0},{"not_picked":["Infinite Blades","Sucker Punch","Choke+1"],"picked":"SKIP","floor":41.0},{"not_picked":["Prepared+1","Dagger Throw+1"],"picked":"Doppelganger","floor":45},{"not_picked":["Dagger Spray+1","Deflect","Flying Knee"],"picked":"SKIP","floor":47},{"not_picked":["Flechettes+1","Poisoned Stab+1","Deadly Poison+1"],"picked":"SKIP","floor":54}],"player_experience":1536467,"relics_obtained":[{"floor":2.0,"key":"Pen Nib"},{"floor":8.0,"key":"Girya"},{"floor":9.0,"key":"Anchor"},{"floor":11.0,"key":"Blood Vial"},{"floor":12.0,"key":"Nunchaku"},{"floor":23.0,"key":"White Beast Statue"},{"floor":25.0,"key":"Kunai"},{"floor":26.0,"key":"Bag of Marbles"},{"floor":31.0,"key":"Akabeko"},{"floor":45,"key":"Smiling Mask"},{"floor":47,"key":"Bronze Scales"},{"floor":54,"key":"War Paint"}],"event_choices":[{"damage_healed":0.0,"max_hp_gain":0.0,"max_hp_loss":0.0,"gold_gain":0.0,"event_name":"Vampires","player_choice":"Ignored","floor":30.0,"gold_loss":0.0,"damage_taken":0.0},{"damage_healed":0.0,"max_hp_gain":0.0,"max_hp_loss":0.0,"gold_gain":0.0,"event_name":"Winding Halls","player_choice":"Embrace Madness","floor":37.0,"gold_loss":0.0,"damage_taken":9.0,"cards_obtained":["Madness","Madness"]},{"cards_removed":["Acrobatics"],"damage_healed":0,"gold_gain":0,"player_choice":"Removed Skill","damage_taken":0,"max_hp_gain":0,"max_hp_loss":0,"event_name":"Falling","floor":48,"gold_loss":0}],"is_beta":false,"boss_relics":[{"not_picked":["Fusion Hammer","WristBlade"],"picked":"Astrolabe"},{"not_picked":["Black Star","Ring of the Serpent"],"picked":"SlaversCollar"}],"items_purged_floors":[5,19,36,46],"is_endless":false,"potions_floor_spawned":[4,7,8,14,16,18,23,25,27,28,31,33,35,38,39,41,45,47,54],"ascension_level":1}}