{"host":"3jpwrwmmgyabjceh","time":1609009789,"event":{"mods":["AchievementEnabler","BaseMod","Colored Map","Colored Powertips","Highlight Path","Minty Spire (QoL Compilation)","Quick Restart","StSLib"],"gold_per_floor":[19,34,34,34,52,52,52,52,52,67,80,103,126,126,126,126,126],"floor_reached":16,"playtime":360,"items_purged":[],"score":118,"play_id":"0c847f10-53a7-426b-8826-0df246b37aca","local_time":"20201226220949","is_ascension_mode":true,"campfire_choices":[{"data":"Bash","floor":6,"key":"SMITH"},{"data":"Bludgeon","floor":8,"key":"SMITH"},{"floor":15,"key":"REST"}],"circlet_count":0,"master_deck":["Strike_R","Strike_R","Strike_R","Strike_R","Strike_R","Defend_R","Defend_R","Defend_R","Defend_R","Bash+1","Bludgeon+1","Twin Strike","Shrug It Off","Decay","Spot Weakness","Cleave"],"relics":["Burning Blood","Golden Idol","Mummified Hand"],"acts_visited":["Exordium"],"potions_floor_usage":[10,12,16],"damage_taken":[{"damage":4,"enemies":"2 Louse","floor":1,"turns":4},{"damage":4,"enemies":"Small Slimes","floor":2,"turns":2},{"damage":3,"enemies":"Cultist","floor":5,"turns":3},{"damage":3,"enemies":"2 Fungi Beasts","floor":10,"turns":3},{"damage":24,"enemies":"Large Slime","floor":11,"turns":3},{"damage":11,"enemies":"Blue Slaver","floor":12,"turns":2},{"damage":43,"enemies":"Lots of Slimes","floor":13,"turns":6},{"damage":57,"enemies":"Slime Boss","floor":16,"turns":9}],"seed_played":"-7183227372465341971","potions_obtained":[{"floor":2,"key":"Block Potion"},{"floor":11,"key":"BloodPotion"},{"floor":13,"key":"Regen Potion"}],"is_trial":false,"path_per_floor":["M","M","?","?","M","R","?","R","T","M","M","M","M","?","R","B"],"character_chosen":"IRONCLAD","items_purchased":[],"campfire_rested":1,"item_purchase_floors":[],"current_hp_per_floor":[80,80,60,60,63,63,63,63,63,66,48,59,22,15,39,0,0],"gold":126,"neow_bonus":"THREE_RARE_CARDS","is_daily":false,"chose_seed":false,"campfire_upgraded":2,"win_rate":0.0,"timestamp":1609009789,"path_taken":["M","M","?","?","M","R","?","R","T","M","M","M","?","?","R","BOSS"],"items_purchased_type":[],"build_version":"2020-12-22","purchased_purges":0,"victory":false,"max_hp_per_floor":[80,80,80,80,80,80,80,80,80,80,80,80,80,80,80,80,80],"card_choices":[{"not_picked":["Berserk","Exhume"],"picked":"Bludgeon","floor":0},{"not_picked":["Flex","Dual Wield"],"picked":"Twin Strike","floor":1},{"not_picked":["Carnage","Battle Trance","Infernal Blade"],"picked":"SKIP","floor":2},{"not_picked":["Armaments","Sever Soul"],"picked":"Shrug It Off","floor":5},{"not_picked":["Rage","Body Slam","Bloodletting"],"picked":"SKIP","floor":10},{"not_picked":["Dropkick","Sword Boomerang","Clothesline"],"picked":"SKIP","floor":11},{"not_picked":["Seeing Red","Entrench"],"picked":"Spot Weakness","floor":12},{"not_picked":["Clothesline","Evolve"],"picked":"Cleave","floor":13}],"player_experience":290339,"relics_obtained":[],"event_choices":[{"damage_healed":0,"gold_gain":0,"player_choice":"Take Damage","damage_taken":20,"relics_obtained":["Golden Idol"],"max_hp_gain":0,"max_hp_loss":0,"event_name":"Golden Idol","floor":3,"gold_loss":0},{"damage_healed":0,"gold_gain":0,"player_choice":"Box","damage_taken":0,"relics_obtained":["Mummified Hand"],"max_hp_gain":0,"max_hp_loss":0,"event_name":"Big Fish","floor":4,"gold_loss":0,"cards_obtained":["Regret"]},{"damage_healed":0,"gold_gain":0,"player_choice":"Cursed","damage_taken":0,"max_hp_gain":0,"max_hp_loss":0,"event_name":"Wheel of Change","floor":7,"gold_loss":0,"cards_obtained":["Decay"]},{"cards_removed":["Regret"],"damage_healed":0,"gold_gain":0,"player_choice":"Card Removal","damage_taken":7,"max_hp_gain":0,"max_hp_loss":0,"event_name":"Golden Wing","floor":14,"gold_loss":0}],"is_beta":false,"boss_relics":[],"items_purged_floors":[],"is_endless":false,"potions_floor_spawned":[2,11,13],"killed_by":"Slime Boss","ascension_level":5}}