{"host":"ya94u95moedzeoqz","time":1609016867,"event":{"mods":["2.2 Compatiblity","Abigail Mod","Act Like it!","Aspiration","BaseMod","Better Altar","Better Match","Better Note","Better Sensory Stone","Better Skull","BetterRewards","ChefMod","Energized Spire","Filter the Spire","GifTheSpireLib","Infinite Spire","KinomotoSakuraMod(????)","Lobotomy","LobotomyExtend","Luminous","Minty Spire (QoL Compilation)","Permanent Neow","Railgun Mod","Replay The Spire","Spicy Shops","StSLib","The Alterego","The Fake Hero","The Florist","The Forsaken","The Juggle","The Marked","The Senshi","TheArtist","TheSwordswoman","TheVelvet","Yuri Mod"],"gold_per_floor":[115,115,39,58,73,73,2,2,27,46,62,86,86,96,96,200,200,215,215,229,248,248,248],"floor_reached":22,"playtime":2430,"items_purged":[],"score":178,"play_id":"945da203-3e66-43df-9f30-bc48744038c2","local_time":"20201226160747","is_ascension_mode":false,"campfire_choices":[{"data":"theMarked:SoldierOfQuellstein","floor":6,"key":"SMITH"},{"floor":13,"key":"REST"}],"circlet_count":0,"master_deck":["theMarked:Strike","theMarked:Strike","theMarked:Strike","theMarked:Strike","theMarked:Defend","theMarked:Defend","theMarked:Defend","theMarked:SoldierOfQuellstein+1","theMarked:EnhancedHearing","MHz","theMarked:HeritageOfTheMarked+1","theMarked:ReduceFriction","SpiderBud","theMarked:HeritageOfTheMarked","OSAHOGD","theMarked:WardOff","ShyLook","theMarked:WardOff","theMarked:DeterminationOfTheMarked","UniverseFragment","theMarked:SuspiciousRaven","BeautyBeast","theMarked:Aftermath","theMarked:GodGivenPower+1","Murderer","theMarked:Seal","GreedKing"],"relics":["theMarked:ArtifactOfAir","CogitoBucket","LetterFromLob","Omamori","Odd Mushroom","SkinProphecy","Empty Cage"],"acts_visited":["Exordium","TheCity"],"potions_floor_usage":[10,12,18],"damage_taken":[{"damage":0,"enemies":"2 Louse","floor":1,"turns":3},{"damage":11,"enemies":"Jaw Worm","floor":4,"turns":5},{"damage":3,"enemies":"Cultist","floor":5,"turns":6},{"damage":8,"enemies":"Blue Slaver","floor":10,"turns":3},{"damage":0,"enemies":"Looter","floor":11,"turns":4},{"damage":4,"enemies":"The Mushroom Lair","floor":12,"turns":5},{"damage":13,"enemies":"Large Slime","floor":14,"turns":5},{"damage":25,"enemies":"Fading Forest","floor":16,"turns":11},{"damage":12,"enemies":"Shell Parasite","floor":18,"turns":6},{"damage":5,"enemies":"Spheric Guardian","floor":20,"turns":5},{"damage":21,"enemies":"Snake Plant","floor":21,"turns":5},{"damage":25,"enemies":"Cultist and Chosen","floor":22,"turns":1}],"seed_played":"-1459899239847327326","potions_obtained":[{"floor":1,"key":"Regen Potion"},{"floor":10,"key":"LifebloodPotion"},{"floor":14,"key":"Cursed Concoction"},{"floor":16,"key":"ColorlessPotion"},{"floor":20,"key":"Dexterity Potion"}],"is_trial":false,"path_per_floor":["M","?","$","M","M","R","$","M","T","M","M","?","R","M","R","B",null,"M","?","M","M","M"],"character_chosen":"THE_DEFAULT","items_purchased":["theMarked:HeritageOfTheMarked","theMarked:HeritageOfTheMarked"],"campfire_rested":1,"item_purchase_floors":[3,7],"current_hp_per_floor":[70,70,70,59,56,56,56,56,56,53,53,49,70,57,57,38,72,56,56,47,22,0,0],"gold":248,"neow_bonus":"","is_daily":false,"chose_seed":false,"campfire_upgraded":1,"win_rate":0.0,"timestamp":1609016867,"path_taken":["M","?","$","M","M","R","$","M","T","M","M","?","R","M","R","BOSS","M","?","M","M","M"],"items_purchased_type":["Card","Card"],"build_version":"2020-12-22","purchased_purges":0,"victory":false,"max_hp_per_floor":[70,70,70,70,70,70,70,70,70,70,70,70,70,70,70,72,72,74,74,76,78,82,82],"card_choices":[{"not_picked":["theMarked:BanishingStrike","theMarked:RepellingDischarge"],"picked":"theMarked:EnhancedHearing","floor":1},{"not_picked":["LittleHelper","HeroicMonk"],"picked":"MHz","floor":1},{"not_picked":["theMarked:Frustration","theMarked:Static"],"picked":"theMarked:Aftermath","floor":4},{"not_picked":["WallGazer","LittlePrince"],"picked":"CrumblingArmor","floor":4},{"not_picked":["theMarked:ParalyzingBlade","theMarked:EnhanceMovement"],"picked":"theMarked:ReduceFriction","floor":5},{"not_picked":["FairyFestival","Wellcheers"],"picked":"SpiderBud","floor":5},{"not_picked":["WallGazer","Murderer"],"picked":"OSAHOGD","floor":10},{"not_picked":["theMarked:Improvise","theMarked:EnhanceMovement","theMarked:Parkour"],"picked":"SKIP","floor":10},{"not_picked":["theMarked:ComboAttacks","theMarked:BanishingStrike"],"picked":"theMarked:WardOff","floor":11},{"not_picked":["Wellcheers","Variant","WallGazer"],"picked":"Singing Bowl","floor":11},{"not_picked":["MeatLantern","FairyFestival"],"picked":"ShyLook","floor":11},{"not_picked":["theMarked:Frustration","theMarked:Panic"],"picked":"theMarked:WardOff","floor":12},{"not_picked":["LaLuna","HappyTeddy"],"picked":"QueenBee","floor":12},{"not_picked":["theMarked:TunnelVision","theMarked:Overcharge"],"picked":"theMarked:DeterminationOfTheMarked","floor":14},{"not_picked":["Rudolta","Variant"],"picked":"UniverseFragment","floor":14},{"not_picked":["theMarked:TakeOffHeels","theMarked:Levitate"],"picked":"theMarked:SuspiciousRaven","floor":16},{"not_picked":["Porccubus","WallGazer"],"picked":"BeautyBeast","floor":18},{"not_picked":["theMarked:ResourceFulStrike","theMarked:Convert"],"picked":"theMarked:Aftermath","floor":18},{"not_picked":["theMarked:WastefulAttack","theMarked:ElectricStrings+1"],"picked":"theMarked:GodGivenPower+1","floor":20},{"not_picked":["BigBadWolf","FieryBird"],"picked":"Murderer","floor":20},{"not_picked":["theMarked:RepellingDischarge","theMarked:BanishingStrike"],"picked":"theMarked:Seal","floor":21},{"not_picked":["CrumblingArmor","OldLady"],"picked":"GreedKing","floor":21}],"player_experience":483440,"relics_obtained":[{"floor":1,"key":"LetterFromLob"},{"floor":9,"key":"Omamori"},{"floor":12,"key":"Odd Mushroom"}],"event_choices":[{"damage_healed":0,"gold_gain":0,"player_choice":"Ignored","damage_taken":0,"max_hp_gain":0,"max_hp_loss":0,"event_name":"Golden Idol","floor":2,"gold_loss":0},{"damage_healed":0,"gold_gain":0,"player_choice":"Fought Mushrooms","damage_taken":0,"max_hp_gain":0,"max_hp_loss":0,"event_name":"Mushrooms","floor":12,"gold_loss":0},{"cards_removed":["theMarked:Strike"],"damage_healed":0,"gold_gain":0,"player_choice":"Purged","damage_taken":0,"max_hp_gain":0,"max_hp_loss":0,"event_name":"Purifier","floor":15,"gold_loss":0},{"damage_healed":0,"gold_gain":0,"player_choice":"Upgraded","damage_taken":0,"max_hp_gain":0,"max_hp_loss":0,"event_name":"Upgrade Shrine","floor":19,"gold_loss":0,"cards_upgraded":["theMarked:HeritageOfTheMarked"]}],"is_beta":false,"boss_relics":[{"not_picked":["energizedSpire:EnergizedDie","Abe\u0027s Treasure"],"picked":"Empty Cage"}],"items_purged_floors":[],"is_endless":false,"potions_floor_spawned":[1,10,14,16,20],"killed_by":"Cultist and Chosen","ascension_level":0}}