{"host":"gj3450u0c4def4mj","time":1609000452,"event":{"mods":["2.2 Compatiblity","Act Like it!","BaseMod","Data Control","Minty Spire (QoL Compilation)","Permanent Neow","StSLib","Td1madao Mod"],"gold_per_floor":[115,23,23,92,112,112,37,37,87,63,78,105,105,123,123,218,218,237,248,251,263,93,93,128,128,128,88,88,121,121,121],"floor_reached":30,"playtime":1836,"items_purged":["Money Cant Rescue+1"],"score":291,"play_id":"4a5f916f-0bdc-4ab3-b19a-476eb9adb1b2","local_time":"20201226113412","is_ascension_mode":false,"campfire_choices":[{"data":"Here Defend Chip+1","floor":6.0,"key":"SMITH"},{"data":"Defend System","floor":8.0,"key":"SMITH"},{"data":"Here Defend Chip+2","floor":13.0,"key":"SMITH"},{"data":"Here Defend Chip+3","floor":15.0,"key":"SMITH"},{"data":"Defend System","floor":23.0,"key":"SMITH"},{"data":"Here Defend Chip+4","floor":25.0,"key":"SMITH"},{"data":"Retrieval Recycling","floor":28.0,"key":"SMITH"}],"circlet_count":0,"master_deck":["Strike_C","Strike_C","Strike_C","Defend_C","Defend_C+1","Defend_C+1","Knight Kick","Chip","Twin Teeth","Here Defend Chip+5","Fixing","Preloading","Defend System+1","Preloading","Black Dance","Retrieval Recycling+1","Black Dance+1","Awareness+1","Awareness","Thunder Jump","Afterwards","Defend System+1","Provocative","Fire Up"],"relics":["Apod","Mb Ring","Smiling Mask","Pantograph","Astrolabe","Boot","HornCleat","Blood Vial"],"acts_visited":[],"potions_floor_usage":[29],"damage_taken":[{"damage":4.0,"enemies":"2 Louse","floor":1.0,"turns":3.0},{"damage":0.0,"enemies":"Jaw Worm","floor":5.0,"turns":6.0},{"damage":0.0,"enemies":"Cultist","floor":11.0,"turns":4.0},{"damage":0.0,"enemies":"Lagavulin","floor":12.0,"turns":13.0},{"damage":1.0,"enemies":"Exordium Thugs","floor":14.0,"turns":4.0},{"damage":30.0,"enemies":"Hexaghost","floor":16.0,"turns":16.0},{"damage":2.0,"enemies":"Spheric Guardian","floor":18.0,"turns":10.0},{"damage":10.0,"enemies":"3 Byrds","floor":19.0,"turns":5.0},{"damage":0.0,"enemies":"Cultist and Chosen","floor":20.0,"turns":6.0},{"damage":12.0,"enemies":"Snecko","floor":21.0,"turns":9.0},{"damage":36.0,"enemies":"Book of Stabbing","floor":24.0,"turns":8.0},{"damage":27,"enemies":"Slavers","floor":29,"turns":4},{"damage":6,"enemies":"Snake Plant","floor":30,"turns":1}],"seed_played":"-6706928233286478136","potions_obtained":[{"floor":11.0,"key":"Energy Potion"},{"floor":14.0,"key":"SteroidPotion"},{"floor":18.0,"key":"SkillPotion"},{"floor":24.0,"key":"DuplicationPotion"},{"floor":29,"key":"Ancient Potion"}],"is_trial":false,"path_per_floor":["M","$","?","T","M","R","$","R","T","$","M","E","R","M","R","B",null,"M","M","M","M","$","R","E","R","T","?","R","E","M"],"character_chosen":"TD1MADAO_CLASS","items_purchased":["Here Defend Chip","Fixing","Defend System","Preloading","Defend System","Provocative"],"campfire_rested":0,"item_purchase_floors":[2,2,7,10,22,22],"current_hp_per_floor":[73,73,73,73,73,73,73,73,73,73,73,73,73,72,72,47,77,77,69,73,65,65,65,31,31,31,31,31,4,0,0],"gold":121,"neow_bonus":"TEN_PERCENT_HP_BONUS","is_daily":false,"chose_seed":false,"campfire_upgraded":7,"win_rate":0.0,"timestamp":1609000452,"path_taken":["M","$","?","?","M","R","$","R","T","?","?","E","R","M","R","BOSS","M","M","M","M","$","R","E","R","T","?","R","E","M"],"items_purchased_type":["Card","Card","Card","Card","Card","Card"],"build_version":"2020-12-22","purchased_purges":1,"victory":false,"max_hp_per_floor":[77,77,77,77,77,77,77,77,77,77,77,77,77,77,77,77,77,77,77,77,77,77,77,77,77,77,77,77,77,77,77],"card_choices":[{"not_picked":["Perfect Defend","Sudden Beat"],"picked":"Twin Teeth","floor":1.0},{"not_picked":["Fixing","Machining"],"picked":"Preloading","floor":5.0},{"not_picked":["Thunder Jump","Break Into"],"picked":"Black Dance","floor":11.0},{"not_picked":["Im Angry","Black Shadow","Machining"],"picked":"SKIP","floor":12.0},{"not_picked":["Fire Up","Judgment"],"picked":"Light Attack","floor":14.0},{"not_picked":["Im Angry","Chip Synthesis"],"picked":"Retrieval Recycling","floor":16.0},{"not_picked":["Revenge","Oblique Hack"],"picked":"Awareness","floor":18.0},{"not_picked":["Fixing","Energy Supply"],"picked":"Thunder Jump","floor":19.0},{"not_picked":["Sub Weapons","Ruin Defend+1"],"picked":"Afterwards","floor":20.0},{"not_picked":["Floating Even+1","Sudden Beat","Here Defend Chip"],"picked":"SKIP","floor":21.0},{"not_picked":["Black Shadow+1","Overclocking","Format All Data"],"picked":"SKIP","floor":24.0},{"not_picked":["Black Spear","Light Attack"],"picked":"Fire Up","floor":29}],"player_experience":19818,"relics_obtained":[{"floor":4.0,"key":"Mb Ring"},{"floor":9.0,"key":"Smiling Mask"},{"floor":12.0,"key":"Pantograph"},{"floor":24.0,"key":"Boot"},{"floor":26.0,"key":"HornCleat"},{"floor":29,"key":"Blood Vial"}],"event_choices":[{"damage_healed":0.0,"max_hp_gain":0.0,"max_hp_loss":0.0,"gold_gain":0.0,"event_name":"Living Wall","player_choice":"Grow","floor":3.0,"gold_loss":0.0,"damage_taken":0.0,"cards_upgraded":["Here Defend Chip"]},{"damage_healed":0.0,"max_hp_gain":0.0,"max_hp_loss":0.0,"gold_gain":0.0,"event_name":"Designer","player_choice":"Upgraded Two","floor":27.0,"gold_loss":40.0,"damage_taken":0.0,"cards_upgraded":["Defend_C","Defend_C"]}],"is_beta":false,"boss_relics":[{"not_picked":["Cursed Key","Fusion Hammer"],"picked":"Astrolabe"}],"items_purged_floors":[22],"is_endless":false,"potions_floor_spawned":[11,14,18,24,29],"killed_by":"Snake Plant","ascension_level":0}}