{"host":"xcuflocadasoaqda","time":1609025210,"event":{"mods":["BaseMod","Bestiary","Filter the Spire","Minty Spire (QoL Compilation)","Relic Stats"],"gold_per_floor":[112,122,122,122,47,47,62,62,62,106,106,125,47,78,78,168,168,189,189,189,207,157,157,192,216,268,307,307,307,207,238,238,334,334,353,373,404,404,427,458,458,438,438,167,183,183,203,238,238,238,238,238,238,238,273,273],"floor_reached":57,"playtime":2770,"items_purged":["Strike_P","Defend_P"],"score":3573,"play_id":"96ecd181-bed6-490f-9cf0-d874efb0b631","local_time":"20201226172650","is_ascension_mode":true,"campfire_choices":[{"data":"Eruption","floor":6.0,"key":"SMITH"},{"data":"InnerPeace","floor":11.0,"key":"SMITH"},{"data":"Adaptation","floor":15.0,"key":"SMITH"},{"data":"Ghostly","floor":23.0,"key":"SMITH"},{"data":"Ghostly","floor":32.0,"key":"SMITH"},{"data":"Tantrum","floor":41.0,"key":"SMITH"},{"data":"MentalFortress","floor":46.0,"key":"SMITH"},{"floor":49.0,"key":"RECALL"}],"circlet_count":0,"master_deck":["AscendersBane","InnerPeace+1","Adaptation+1","MentalFortress+1","Tantrum+1"],"relics":["VioletLotus","Golden Idol","Mummified Hand","Bird Faced Urn","Mercury Hourglass","Coffee Dripper","Enchiridion","InkBottle","Meat on the Bone","Gambling Chip","Medical Kit","MealTicket","Shuriken","Black Star","GoldenEye","Thread and Needle","Kunai","Sundial","Ornamental Fan","Anchor","Calipers","Juzu Bracelet","Frozen Egg 2","Oddly Smooth Stone","Bottled Flame"],"acts_visited":["Exordium","TheCity","TheBeyond","TheEnding"],"potions_floor_usage":[],"damage_taken":[{"damage":1.0,"enemies":"Cultist","floor":1.0,"turns":4.0},{"damage":4.0,"enemies":"Jaw Worm","floor":2.0,"turns":4.0},{"damage":8.0,"enemies":"Small Slimes","floor":7.0,"turns":4.0},{"damage":32.0,"enemies":"Gremlin Nob","floor":10.0,"turns":4.0},{"damage":1.0,"enemies":"3 Louse","floor":12.0,"turns":2.0},{"damage":146.0,"enemies":"3 Sentries","floor":14.0,"turns":18.0},{"damage":41.0,"enemies":"The Guardian","floor":16.0,"turns":7.0},{"damage":17.0,"enemies":"3 Byrds","floor":18.0,"turns":3.0},{"damage":0.0,"enemies":"Spheric Guardian","floor":21.0,"turns":2.0},{"damage":7.0,"enemies":"Slavers","floor":24.0,"turns":6.0},{"damage":0.0,"enemies":"3 Cultists","floor":25.0,"turns":4.0},{"damage":0.0,"enemies":"Gremlin Leader","floor":27.0,"turns":4.0},{"damage":0.0,"enemies":"Slavers","floor":31.0,"turns":3.0},{"damage":0.0,"enemies":"Automaton","floor":33.0,"turns":3.0},{"damage":1.0,"enemies":"3 Shapes","floor":35.0,"turns":4.0},{"damage":0.0,"enemies":"Orb Walker","floor":36.0,"turns":1.0},{"damage":0.0,"enemies":"Mind Bloom Boss Battle","floor":37.0,"turns":1.0},{"damage":0.0,"enemies":"Jaw Worm Horde","floor":39.0,"turns":1.0},{"damage":0.0,"enemies":"Nemesis","floor":40.0,"turns":1.0},{"damage":0.0,"enemies":"Writhing Mass","floor":45.0,"turns":2.0},{"damage":0.0,"enemies":"4 Shapes","floor":47.0,"turns":2.0},{"damage":0.0,"enemies":"Reptomancer","floor":48.0,"turns":1.0},{"damage":0.0,"enemies":"Donu and Deca","floor":50.0,"turns":1.0},{"damage":0.0,"enemies":"Awakened One","floor":51.0,"turns":2.0},{"damage":0.0,"enemies":"Shield and Spear","floor":55.0,"turns":1.0},{"damage":0,"enemies":"The Heart","floor":56,"turns":5}],"seed_played":"-8855384667887765165","potions_obtained":[{"floor":1.0,"key":"SneckoOil"},{"floor":7.0,"key":"Block Potion"},{"floor":14.0,"key":"EntropicBrew"},{"floor":18.0,"key":"DistilledChaos"},{"floor":33.0,"key":"SkillPotion"},{"floor":39.0,"key":"Explosive Potion"}],"is_trial":false,"path_per_floor":["M","M","?","?","$","R","M","$","T","E","R","M","$","E","R","B",null,"M","?","?","M","?","R","E","M","T","E","?","?","$","E","R","B",null,"M","M","?","?","M","E","R","?","T","$","M","R","M","E","R","B","B",null,"R","$","E","B",null],"character_chosen":"WATCHER","items_purchased":["Adaptation","Ornamental Fan"],"campfire_rested":0,"item_purchase_floors":[13,44],"current_hp_per_floor":[60,56,56,56,56,56,48,48,48,16,16,15,15,25,25,26,53,38,17,17,21,21,21,18,22,22,26,26,26,26,31,31,31,31,31,31,31,29,58,58,58,58,58,58,58,58,58,58,58,58,58,58,58,58,58,58],"gold":273,"neow_bonus":"BOSS_RELIC","is_daily":false,"chose_seed":false,"campfire_upgraded":7,"win_rate":0.0,"timestamp":1609025210,"path_taken":["M","M","?","?","$","R","M","?","T","E","R","M","$","E","R","BOSS","M","?","?","M","?","R","E","?","T","E","?","?","$","E","R","BOSS","M","?","?","?","M","E","R","?","T","$","M","R","?","E","R","BOSS","BOSS","R","$","E","BOSS"],"items_purchased_type":["Card","Relic"],"build_version":"2020-12-22","purchased_purges":2,"victory":true,"max_hp_per_floor":[68,68,68,62,62,62,62,62,62,62,62,62,62,62,62,62,62,62,62,31,31,31,31,31,31,31,31,31,31,31,31,31,31,31,31,31,31,29,58,58,58,58,58,58,58,58,58,58,58,58,58,58,58,58,58,58],"relic_stats":{"counters":[26,90],"Golden Idol":195,"Juzu Bracelet":0,"Medical Kit":[11],"GoldenEye":[0],"Mercury Hourglass":[321],"Mummified Hand":[51],"Shuriken":[58],"Sundial":[86],"Ornamental Fan":[144],"Bird Faced Urn":[28],"Gambling Chip":[5],"MealTicket":0,"VioletLotus":[284],"Black Star":3,"Kunai":[36],"obtain_stats":[{"Calipers":44,"Enchiridion":19,"Juzu Bracelet":48,"Mummified Hand":9,"Sundial":43,"Gambling Chip":29,"MealTicket":31,"VioletLotus":0,"Kunai":40,"InkBottle":24,"Golden Idol":4,"Oddly Smooth Stone":55,"Thread and Needle":40,"Frozen Egg 2":48,"Medical Kit":31,"GoldenEye":37,"Mercury Hourglass":14,"Anchor":44,"Bottled Flame":55,"Shuriken":33,"Ornamental Fan":44,"Bird Faced Urn":10,"Coffee Dripper":17,"Black Star":34,"PureWater":0,"Meat on the Bone":27},{"Calipers":19,"Enchiridion":8,"Juzu Bracelet":22,"Mummified Hand":3,"Sundial":19,"Gambling Chip":12,"MealTicket":13,"VioletLotus":0,"Kunai":19,"InkBottle":10,"Golden Idol":2,"Oddly Smooth Stone":25,"Thread and Needle":19,"Frozen Egg 2":22,"Medical Kit":13,"GoldenEye":17,"Mercury Hourglass":6,"Anchor":19,"Bottled Flame":25,"Shuriken":14,"Ornamental Fan":19,"Bird Faced Urn":4,"Coffee Dripper":7,"Black Star":14,"PureWater":0,"Meat on the Bone":12},{"Calipers":76,"Enchiridion":46,"Juzu Bracelet":81,"Mummified Hand":12,"Sundial":76,"Gambling Chip":62,"MealTicket":65,"VioletLotus":0,"Kunai":76,"InkBottle":54,"Golden Idol":8,"Oddly Smooth Stone":85,"Thread and Needle":76,"Frozen Egg 2":81,"Medical Kit":63,"GoldenEye":74,"Mercury Hourglass":36,"Anchor":76,"Bottled Flame":85,"Shuriken":68,"Ornamental Fan":76,"Bird Faced Urn":16,"Coffee Dripper":43,"Black Star":68,"PureWater":0,"Meat on the Bone":62}],"InkBottle":[31],"Meat on the Bone":0},"card_choices":[{"not_picked":["Weave","ThirdEye"],"picked":"InnerPeace","floor":1.0},{"not_picked":["EmptyFist","JustLucky","InnerPeace"],"picked":"SKIP","floor":2.0},{"not_picked":["WindmillStrike","BowlingBash","WheelKick"],"picked":"SKIP","floor":7.0},{"not_picked":["FollowUp","Halt","MasterReality"],"picked":"SKIP","floor":10.0},{"not_picked":["Consecrate","ThirdEye","Evaluate"],"picked":"SKIP","floor":12.0},{"not_picked":["Ragnarok","ThirdEye","PathToVictory"],"picked":"SKIP","floor":14.0},{"not_picked":["EmptyFist+1","CutThroughFate","FlyingSleeves"],"picked":"SKIP","floor":18.0},{"not_picked":["WheelKick","Conclude","BowlingBash"],"picked":"SKIP","floor":21.0},{"not_picked":["PathToVictory","FollowUp","Consecrate"],"picked":"SKIP","floor":24.0},{"not_picked":["SandsOfTime","Establishment","Crescendo"],"picked":"SKIP","floor":25.0},{"not_picked":["ClearTheMind","Sanctity","DeusExMachina"],"picked":"SKIP","floor":27.0},{"not_picked":["CarveReality","DevaForm","EmptyFist"],"picked":"SKIP","floor":31.0},{"not_picked":["Establishment","DeusExMachina"],"picked":"Ragnarok","floor":33.0},{"not_picked":["Adaptation","Weave","WreathOfFlame"],"picked":"SKIP","floor":35.0},{"not_picked":["FollowUp","PathToVictory+1","WreathOfFlame+1"],"picked":"SKIP","floor":36.0},{"not_picked":["FollowUp","PathToVictory+1","WreathOfFlame+1"],"picked":"SKIP","floor":36.0},{"not_picked":["FollowUp","PathToVictory+1","WreathOfFlame+1"],"picked":"SKIP","floor":36.0},{"not_picked":["Protect","WaveOfTheHand+1","Fasting2"],"picked":"SKIP","floor":39.0},{"not_picked":["Nirvana","EmptyBody+1","ThirdEye+1"],"picked":"SKIP","floor":40.0},{"not_picked":["EmptyBody+1","Crescendo","PathToVictory"],"picked":"SKIP","floor":45.0},{"not_picked":["CrushJoints","Prostrate","Evaluate"],"picked":"SKIP","floor":47.0},{"not_picked":["ThirdEye","Worship","Indignation"],"picked":"SKIP","floor":48.0},{"not_picked":["ThirdEye","Vengeance+1","DeceiveReality+1"],"picked":"SKIP","floor":55.0}],"player_experience":1777373,"relics_obtained":[{"floor":9.0,"key":"Mummified Hand"},{"floor":10.0,"key":"Bird Faced Urn"},{"floor":14.0,"key":"Mercury Hourglass"},{"floor":19.0,"key":"Enchiridion"},{"floor":24.0,"key":"InkBottle"},{"floor":27.0,"key":"Meat on the Bone"},{"floor":31.0,"key":"MealTicket"},{"floor":37.0,"key":"GoldenEye"},{"floor":40.0,"key":"Thread and Needle"},{"floor":40.0,"key":"Kunai"},{"floor":43.0,"key":"Sundial"},{"floor":48.0,"key":"Juzu Bracelet"},{"floor":48.0,"key":"Frozen Egg 2"},{"floor":55.0,"key":"Oddly Smooth Stone"},{"floor":55.0,"key":"Bottled Flame"}],"event_choices":[{"cards_removed":["Defend_P"],"damage_healed":0.0,"max_hp_gain":0.0,"max_hp_loss":0.0,"gold_gain":0.0,"event_name":"Living Wall","player_choice":"Forget","floor":3.0,"gold_loss":0.0,"damage_taken":0.0},{"damage_healed":0.0,"max_hp_gain":0.0,"max_hp_loss":6.0,"gold_gain":0.0,"event_name":"Golden Idol","player_choice":"Lose Max HP","floor":4.0,"gold_loss":0.0,"damage_taken":0.0,"relics_obtained":["Golden Idol"]},{"damage_healed":0.0,"max_hp_gain":0.0,"max_hp_loss":0.0,"gold_gain":0.0,"event_name":"Cursed Tome","player_choice":"Obtained Book","floor":19.0,"gold_loss":0.0,"damage_taken":21.0},{"damage_healed":0.0,"max_hp_gain":0.0,"max_hp_loss":31.0,"gold_gain":0.0,"event_name":"Ghosts","player_choice":"Became a Ghost","floor":20.0,"gold_loss":0.0,"damage_taken":0.0,"cards_obtained":["Ghostly","Ghostly","Ghostly"]},{"damage_healed":0.0,"max_hp_gain":0.0,"max_hp_loss":0.0,"gold_gain":0.0,"event_name":"The Joust","player_choice":"Bet on Murderer","floor":22.0,"gold_loss":50.0,"damage_taken":0.0},{"damage_healed":0.0,"max_hp_gain":0.0,"max_hp_loss":0.0,"gold_gain":0.0,"cards_transformed":["Strike_P","Defend_P"],"event_name":"Drug Dealer","player_choice":"Became Test Subject","floor":28.0,"gold_loss":0.0,"damage_taken":0.0,"cards_obtained":["Wallop","Nirvana"]},{"damage_healed":0.0,"max_hp_gain":0.0,"max_hp_loss":0.0,"gold_gain":0.0,"event_name":"WeMeetAgain","player_choice":"Gave Potion","floor":29.0,"gold_loss":0.0,"damage_taken":0.0,"relics_obtained":["Gambling Chip"]},{"damage_healed":0.0,"max_hp_gain":0.0,"max_hp_loss":0.0,"gold_gain":0.0,"event_name":"MindBloom","player_choice":"Fight","floor":37.0,"gold_loss":0.0,"damage_taken":0.0},{"damage_healed":0.0,"max_hp_gain":0.0,"max_hp_loss":2.0,"gold_gain":0.0,"event_name":"Winding Halls","player_choice":"Max HP","floor":38.0,"gold_loss":0.0,"damage_taken":0.0},{"damage_healed":0.0,"max_hp_gain":0.0,"max_hp_loss":0.0,"gold_gain":0.0,"event_name":"The Woman in Blue","player_choice":"Bought 1 Potion","floor":42.0,"gold_loss":0.0,"damage_taken":0.0}],"is_beta":false,"boss_relics":[{"not_picked":["SlaversCollar","Cursed Key"],"picked":"Coffee Dripper"},{"not_picked":["Astrolabe","Pandora\u0027s Box"],"picked":"Black Star"}],"items_purged_floors":[5,30],"is_endless":false,"potions_floor_spawned":[1,7,14,18,33,39,40,45,47,48],"ascension_level":20}}