{"host":"6r3ioyv75hs1gp74","time":1609026689,"event":{"mods":["AchievementEnabler","BaseMod","Colored Map","Colored Powertips","Minty Spire (QoL Compilation)"],"gold_per_floor":[113,128,142,160,160,160,177,10,10,10,10,10,31,55,55,180,180,199,199,12,26,3,37,61,75,99,99,117,140,173,0,0,123,123,144,144,38,104,104,143,161,174,174,189,189,214,228,248,248,248],"floor_reached":51,"playtime":4888,"items_purged":["Strike_B","Defend_B"],"score":715,"play_id":"5d92ef60-726a-446a-8785-550c8ccd09ed","local_time":"20201226235129","is_ascension_mode":false,"campfire_choices":[{"data":"Chaos","floor":6,"key":"SMITH"},{"floor":10,"key":"REST"},{"data":"Storm","floor":12,"key":"SMITH"},{"floor":15,"key":"REST"},{"data":"Zap","floor":27,"key":"SMITH"},{"floor":32,"key":"REST"},{"floor":45,"key":"REST"},{"floor":49,"key":"REST"}],"circlet_count":0,"master_deck":["Strike_B","Defend_B","Defend_B","Defend_B","Zap+1","Dualcast","Ball Lightning","Chaos+1","Storm+1","Beam Cell","Coolheaded","Chaos+1","Stack","Steam+1","Cold Snap","Electrodynamics","Compile Driver","Static Discharge","Chill+1","Beam Cell","Lockon","Conserve Battery","Thunder Strike","Redo+1","White Noise","Ball Lightning+1","Static Discharge","Aggregate","Ball Lightning","Bandage Up","Seek","CurseOfTheBell","Hologram+1","Violence","Purity","Hello World","Melter","Stack+1","Steam+1","Compile Driver","Conserve Battery+1","Machine Learning","FTL+1","Double Energy+1","Compile Driver+1"],"relics":["Cracked Core","HornCleat","DollysMirror","Mummified Hand","Golden Idol","Nuclear Battery","Membership Card","Ornamental Fan","War Paint","Gremlin Horn","Calling Bell","MealTicket","Kunai","FossilizedHelix","Calipers","Lizard Tail","Incense Burner"],"acts_visited":["Exordium","TheCity","TheBeyond"],"potions_floor_usage":[16,29,33,33,38,44,50,50],"damage_taken":[{"damage":1,"enemies":"Cultist","floor":1,"turns":3},{"damage":4,"enemies":"Small Slimes","floor":2,"turns":3},{"damage":6,"enemies":"Jaw Worm","floor":3,"turns":3},{"damage":10,"enemies":"Looter","floor":4,"turns":3},{"damage":20,"enemies":"Exordium Thugs","floor":7,"turns":5},{"damage":5,"enemies":"Exordium Wildlife","floor":13,"turns":3},{"damage":4,"enemies":"3 Louse","floor":14,"turns":2},{"damage":20,"enemies":"The Guardian","floor":16,"turns":10},{"damage":3,"enemies":"Chosen","floor":18,"turns":4},{"damage":1,"enemies":"3 Byrds","floor":21,"turns":3},{"damage":11,"enemies":"Gremlin Leader","floor":23,"turns":6},{"damage":4,"enemies":"Shelled Parasite and Fungi","floor":24,"turns":5},{"damage":7,"enemies":"Centurion and Healer","floor":25,"turns":6},{"damage":0,"enemies":"Sentry and Sphere","floor":28,"turns":3},{"damage":0,"enemies":"Shelled Parasite and Fungi","floor":29,"turns":3},{"damage":8,"enemies":"Book of Stabbing","floor":30,"turns":5},{"damage":49,"enemies":"Automaton","floor":33,"turns":9},{"damage":7,"enemies":"3 Shapes","floor":35,"turns":5},{"damage":45,"enemies":"2 Orb Walkers","floor":38,"turns":4},{"damage":0,"enemies":"Reptomancer","floor":40,"turns":5},{"damage":0,"enemies":"3 Darklings","floor":41,"turns":3},{"damage":0,"enemies":"Maw","floor":42,"turns":6},{"damage":3,"enemies":"Transient","floor":44,"turns":5},{"damage":0,"enemies":"3 Darklings","floor":46,"turns":6},{"damage":12,"enemies":"Spire Growth","floor":47,"turns":4},{"damage":21,"enemies":"Writhing Mass","floor":48,"turns":5},{"damage":49,"enemies":"Awakened One","floor":50,"turns":14}],"seed_played":"7152487004029866565","potions_obtained":[{"floor":3,"key":"Energy Potion"},{"floor":13,"key":"FocusPotion"},{"floor":14,"key":"PotionOfCapacity"},{"floor":18,"key":"PotionOfCapacity"},{"floor":30,"key":"FocusPotion"},{"floor":33,"key":"FairyPotion"},{"floor":35,"key":"Explosive Potion"},{"floor":42,"key":"SpeedPotion"},{"floor":48,"key":"Strength Potion"}],"is_trial":false,"path_per_floor":["M","M","M","M","?","R","M","$","T","R","?","R","M","M","R","B",null,"M","?","$","M","$","E","M","M","T","R","M","M","E","$","R","B",null,"M","?","$","?","?","E","M","M","T","M","R","M","M","M","R","B",null],"character_chosen":"DEFECT","items_purchased":["DollysMirror","Stack","Membership Card","Static Discharge","Beam Cell","Static Discharge","Aggregate","Ball Lightning","Bandage Up","Hello World","Melter"],"campfire_rested":5,"item_purchase_floors":[8,8,20,20,22,31,31,31,31,37,37],"current_hp_per_floor":[81,77,71,61,49,49,29,29,29,53,53,53,48,44,66,46,76,73,73,73,72,72,61,57,50,50,50,50,50,42,42,64,19,76,69,64,76,31,31,31,35,35,35,32,54,58,46,25,47,2],"gold":248,"neow_bonus":"TEN_PERCENT_HP_BONUS","is_daily":false,"chose_seed":false,"campfire_upgraded":3,"win_rate":0.0,"timestamp":1609026689,"path_taken":["M","?","M","M","?","R","M","$","T","R","?","R","M","M","R","BOSS","M","?","?","M","?","E","M","M","T","R","M","?","E","$","R","BOSS","M","?","$","?","?","E","M","M","T","M","R","M","M","M","R","BOSS"],"items_purchased_type":["Relic","Card","Relic","Card","Card","Card","Card","Card","Card","Card","Card"],"build_version":"2020-12-22","purchased_purges":2,"victory":true,"max_hp_per_floor":[82,82,82,82,82,82,82,82,82,82,76,76,76,76,76,76,76,76,76,76,76,76,76,76,76,76,76,76,76,76,76,76,76,76,76,76,76,76,76,76,76,76,76,76,76,76,76,76,76,76],"card_choices":[{"not_picked":["Hologram","Stack"],"picked":"Ball Lightning","floor":1},{"not_picked":["Sweeping Beam","Skim"],"picked":"Chaos","floor":2},{"not_picked":["Gash","Steam"],"picked":"Storm","floor":3},{"not_picked":["Leap","Stack"],"picked":"Beam Cell","floor":4},{"not_picked":["Multi-Cast","Loop"],"picked":"Coolheaded","floor":7},{"not_picked":["Go for the Eyes","Leap"],"picked":"Steam","floor":13},{"not_picked":["Sweeping Beam","Rip and Tear"],"picked":"Cold Snap","floor":14},{"not_picked":["Biased Cognition","All For One"],"picked":"Electrodynamics","floor":16},{"not_picked":["Gash","Barrage"],"picked":"Compile Driver","floor":18},{"not_picked":["Steam","Barrage"],"picked":"Chill","floor":21},{"not_picked":["Streamline+1","Coolheaded+1"],"picked":"Lockon","floor":23},{"not_picked":["Chaos","Stack"],"picked":"Conserve Battery","floor":24},{"not_picked":["Cold Snap","Beam Cell+1"],"picked":"Thunder Strike","floor":25},{"not_picked":["Compile Driver","Rip and Tear"],"picked":"Redo+1","floor":28},{"not_picked":["Redo","Ball Lightning"],"picked":"White Noise","floor":29},{"not_picked":["Streamline","Thunder Strike"],"picked":"Ball Lightning+1","floor":30},{"not_picked":["Buffer","Multi-Cast"],"picked":"Seek","floor":33},{"not_picked":["Auto Shields+1","Fusion"],"picked":"Hologram+1","floor":35},{"not_picked":["Jack Of All Trades","Madness"],"picked":"Violence","floor":36},{"not_picked":["Good Instincts","HandOfGreed"],"picked":"Purity","floor":36},{"not_picked":["Gash+1","Aggregate"],"picked":"Stack+1","floor":38},{"not_picked":["Loop+1","Ball Lightning"],"picked":"Steam+1","floor":40},{"not_picked":["Stack","Steam+1"],"picked":"Compile Driver","floor":41},{"not_picked":["Beam Cell","Streamline"],"picked":"Conserve Battery+1","floor":42},{"not_picked":["Leap","Streamline+1"],"picked":"Machine Learning","floor":44},{"not_picked":["Barrage+1","Hologram"],"picked":"FTL+1","floor":46},{"not_picked":["Leap","Beam Cell"],"picked":"Double Energy+1","floor":47},{"not_picked":["Scrape","Darkness"],"picked":"Compile Driver+1","floor":48}],"player_experience":7152,"relics_obtained":[{"floor":9,"key":"Mummified Hand"},{"floor":23,"key":"Ornamental Fan"},{"floor":26,"key":"War Paint"},{"floor":30,"key":"Gremlin Horn"},{"floor":34,"key":"MealTicket"},{"floor":34,"key":"Kunai"},{"floor":34,"key":"FossilizedHelix"},{"floor":38,"key":"Calipers"},{"floor":40,"key":"Lizard Tail"},{"floor":43,"key":"Incense Burner"}],"event_choices":[{"damage_healed":0,"gold_gain":0,"player_choice":"Success","damage_taken":12,"relics_obtained":["HornCleat"],"max_hp_gain":0,"max_hp_loss":0,"event_name":"Scrap Ooze","floor":5,"gold_loss":0},{"damage_healed":0,"gold_gain":0,"player_choice":"Lose Max HP","damage_taken":0,"relics_obtained":["Golden Idol"],"max_hp_gain":0,"max_hp_loss":6,"event_name":"Golden Idol","floor":11,"gold_loss":0},{"cards_removed":["Strike_B"],"damage_healed":0,"gold_gain":0,"player_choice":"Purged","damage_taken":0,"max_hp_gain":0,"max_hp_loss":0,"event_name":"Purifier","floor":19,"gold_loss":0},{"damage_healed":0,"gold_gain":0,"player_choice":"Memory 2","damage_taken":5,"max_hp_gain":0,"max_hp_loss":0,"event_name":"SensoryStone","floor":36,"gold_loss":0},{"damage_healed":0,"gold_gain":0,"player_choice":"Fight","damage_taken":0,"max_hp_gain":0,"max_hp_loss":0,"event_name":"Mysterious Sphere","floor":38,"gold_loss":0},{"cards_removed":["Strike_B"],"damage_healed":0,"gold_gain":0,"player_choice":"Purged","damage_taken":0,"max_hp_gain":0,"max_hp_loss":0,"event_name":"Purifier","floor":39,"gold_loss":0}],"is_beta":false,"boss_relics":[{"not_picked":["Philosopher\u0027s Stone","Runic Dome"],"picked":"Nuclear Battery"},{"not_picked":["Busted Crown","Cursed Key"],"picked":"Calling Bell"}],"items_purged_floors":[31,37],"is_endless":false,"potions_floor_spawned":[3,13,14,18,24,30,33,35,42,48],"ascension_level":0}}