{"host":"951sez6ulsv0fw1i","time":1609027083,"event":{"mods":["2.2 Compatiblity","Act Like it!","Aspiration","BaseMod","Better Third Choice","BetterRewards","CCEM","CapriCore","Conspire","Downfall","Gensokyo","Googly Eyes","Hermit","Infinite Spire","JesterMod","Luminous","Marisa????????","Minty Spire (QoL Compilation)","Potionbrewer","Reimu??????","Spicy Shops","StSLib","The Cursed","The Immortal","The Marked","The Runesmith","The Servant 0.9.4","TheVacant"],"gold_per_floor":[114,114,22,22,37,319,485,485,485,485,515,535,563,573,573,672,672,683,1,101,120,140,140,170,170,219,247,260,260,288,308,308,407,407,420,420,437,455,76,107,107,57,57,57,91,103,300,222,234,246,246],"floor_reached":50,"playtime":5878,"items_purged":["Pain","theVacant:VacantStarterDefend"],"score":806,"play_id":"669a81fd-1dcf-4db1-8500-5e735e0d34e4","local_time":"20201227005803","is_ascension_mode":true,"campfire_choices":[{"floor":8,"key":"REST"},{"floor":15,"key":"REST"},{"floor":23,"key":"RECALL"},{"data":"theVacant:Necromancy","floor":25,"key":"SMITH"},{"data":"theVacant:Snowball","floor":29,"key":"SMITH"},{"data":"theVacant:ShriekingBlast","floor":32,"key":"SMITH"},{"floor":49,"key":"DIG"}],"circlet_count":0,"master_deck":["theVacant:VacantStarterStrike","theVacant:VacantStarterStrike","theVacant:VacantStarterStrike","theVacant:VacantStarterStrike","theVacant:VacantStarterDefend","theVacant:VacantStarterDefend","theVacant:VacantStarterDefend","theVacant:Release+1","theVacant:Crunch","theVacant:Spinshield","theVacant:Reconnect","theVacant:Spinshield","theVacant:EyePoke","theVacant:GraveWave+1","theVacant:Hex","theVacant:VoidForm","theVacant:FromNothing","theVacant:ShriekingBlast","theVacant:ShriekingBlast+1","theVacant:Necromancy+1","theVacant:Snowball+1","theVacant:Yeet","theVacant:Anguish+1","theVacant:EmptyShield+1","Panache+1","theVacant:Reconnect+1","theVacant:Threat+1","theVacant:ForgeSoul","theVacant:Anguish+1","theVacant:Dig","Gensokyo:BlemishedSteel","Gensokyo:LockedMedkit","theVacant:BurdenBreak+1","Gensokyo:GreaterSplit","Doubt","theVacant:Threat+1","theVacant:WaitInWrath+1","Gensokyo:CustomPotion"],"relics":["theVacant:BrassGoblet","Gensokyo:OccultBall","potionbrewer:ToyAutogyro","Smiling Mask","PreservedInsect","Gensokyo:LunaticRedEyes","Toy Ornithopter","HornCleat","SlaversCollar","Oddly Smooth Stone","Bird Faced Urn","Bronze Scales","aspiration:DSix","CCEMRelics:D6","RuthlessExorcism:ReiMu","Mummified Hand","CCEMRelics:FestiveHat","MealTicket","Black Star","CCEMRelics:WrappedPresent","conspire:InfiniteJournal","Vajra","potionbrewer:Torch","MawBank","White Beast Statue","Blood Vial","aspiration:HatOfInfinitePower","Shovel","CCEMRelics:SpiritsEdge","Turnip"],"acts_visited":["Exordium","Gensokyo:Gensokyo","Gensokyo:Gensokyoer"],"potions_floor_usage":[6,6,13,50,50],"damage_taken":[{"damage":0,"enemies":"Gensokyo:3_Fairies","floor":1,"turns":3},{"damage":8,"enemies":"Gensokyo:Python","floor":5,"turns":4},{"damage":40,"enemies":"Gensokyo:Aya","floor":6,"turns":12},{"damage":0,"enemies":"Gensokyo:2_Kodama","floor":7,"turns":4},{"damage":6,"enemies":"Gensokyo:Mamizou","floor":11,"turns":9},{"damage":9,"enemies":"Gensokyo:2_Rabbits","floor":12,"turns":5},{"damage":23,"enemies":"Gensokyo:Cirno","floor":13,"turns":9},{"damage":6,"enemies":"Gensokyo:VengefulSpirit","floor":14,"turns":4},{"damage":33,"enemies":"Gensokyo:Kokoro","floor":16,"turns":15},{"damage":5,"enemies":"Gensokyo:Chomper","floor":18,"turns":6},{"damage":0,"enemies":"Gensokyo:Chomper","floor":20,"turns":6},{"damage":3,"enemies":"Gensokyo:2_Gloops","floor":21,"turns":4},{"damage":7,"enemies":"Gensokyo:Slime_Group","floor":22,"turns":4},{"damage":1,"enemies":"Gensokyo:Reisen","floor":24,"turns":6},{"damage":0,"enemies":"Gensokyo:Tenshi","floor":27,"turns":4},{"damage":34,"enemies":"Gensokyo:Mirror_and_Dog","floor":28,"turns":5},{"damage":7,"enemies":"Gensokyo:Koishi","floor":30,"turns":3},{"damage":0,"enemies":"Gensokyo:Chomper_and_Gloop","floor":31,"turns":4},{"damage":25,"enemies":"Gensokyo:Kaguya","floor":33,"turns":9},{"damage":23,"enemies":"Gensokyo:AncientGuardian","floor":35,"turns":4},{"damage":0,"enemies":"Gensokyo:3_Bats","floor":37,"turns":3},{"damage":13,"enemies":"Gensokyo:AtlasGolem","floor":38,"turns":4},{"damage":8,"enemies":"Gensokyo:Doremy","floor":40,"turns":8},{"damage":17,"enemies":"Nightmare","floor":45,"turns":7},{"damage":0,"enemies":"Gensokyo:Doremy","floor":47,"turns":5},{"damage":0,"enemies":"Gensokyo:Yuyuko","floor":50,"turns":8}],"seed_played":"7654926361053679304","potions_obtained":[{"floor":0,"key":"potionbrewer:BarricadePotion"},{"floor":0,"key":"Swift Potion"},{"floor":0,"key":"Weak Potion"},{"floor":5,"key":"BlessingOfTheForge"},{"floor":6,"key":"potionbrewer:DiscountPotion"},{"floor":11,"key":"LiquidMemories"},{"floor":20,"key":"potionbrewer:CleansingPotion"},{"floor":22,"key":"Block Potion"},{"floor":27,"key":"conspire:TimeTravelPotion"},{"floor":28,"key":"PowerPotion"},{"floor":31,"key":"BlessingOfTheForge"}],"is_trial":false,"path_per_floor":["M","?","COS","?","M","E","M","R","T","?","E","M","E","M","R","B",null,"M","$","?","M","M","R","E","R","T","E","M","R","E","M","R","B",null,"M","?","M","M","COS","E","?","$","T","?","NM","?","E","?","R","B"],"character_chosen":"THE_VACANT","items_purchased":["Oddly Smooth Stone","Bird Faced Urn","theVacant:ShriekingBlast","Bronze Scales"],"campfire_rested":2,"item_purchase_floors":[19,19,19,19],"current_hp_per_floor":[80,80,80,80,72,32,32,56,56,56,50,41,23,17,41,8,80,75,75,79,76,73,73,76,76,76,80,48,48,43,49,49,30,80,57,57,63,60,70,72,60,75,75,75,68,34,46,46,46,0,0],"gold":246,"neow_bonus":"THREE_SMALL_POTIONS","is_daily":false,"chose_seed":false,"campfire_upgraded":3,"win_rate":0.0,"timestamp":1609027083,"path_taken":["M","?","COS","?","M","E","M","R","T","?","E","M","E","M","R","BOSS","M","$","?","M","?","R","E","R","T","E","M","R","E","M","R","BOSS","M","?","M","?","COS","E","?","?","T","?","NM","?","E","?","R","BOSS"],"items_purchased_type":["Relic","Relic","Card","Relic"],"build_version":"2020-12-22","purchased_purges":2,"victory":false,"max_hp_per_floor":[80,80,80,80,80,80,80,80,80,80,80,80,80,80,80,80,80,80,80,80,80,80,80,80,80,80,80,80,80,80,80,80,80,80,80,80,80,80,85,85,85,85,85,85,85,85,85,85,85,1,1],"card_choices":[{"not_picked":["theVacant:Dig","theVacant:Exorcise"],"picked":"theVacant:Whip","floor":1},{"not_picked":["theVacant:Cower","theVacant:Sneeze"],"picked":"theVacant:Spinshield","floor":5},{"not_picked":["theVacant:Snowball","theVacant:BattleScars"],"picked":"theVacant:Reconnect","floor":6},{"not_picked":["theVacant:Whip","theVacant:OnSecondThought"],"picked":"theVacant:Spinshield","floor":7},{"not_picked":["theVacant:Whip","theVacant:Unearth"],"picked":"theVacant:EyePoke","floor":11},{"not_picked":["theVacant:CursedBlast","theVacant:EmptyShield"],"picked":"theVacant:GraveWave","floor":12},{"not_picked":["theVacant:GraveDigger","theVacant:Threat"],"picked":"theVacant:Hex","floor":13},{"not_picked":["theVacant:EyePoke","theVacant:BurdenBreak"],"picked":"theVacant:VoidForm","floor":14},{"not_picked":["theVacant:FiendFrost","theVacant:VoidForm"],"picked":"theVacant:FromNothing","floor":16},{"not_picked":["theVacant:FranticBlow","theVacant:GraveWave"],"picked":"theVacant:ShriekingBlast","floor":18},{"not_picked":["theVacant:Cower","theVacant:FranticBlow"],"picked":"theVacant:Necromancy","floor":20},{"not_picked":["theVacant:Anguish","theVacant:BurdenBreak"],"picked":"theVacant:Snowball","floor":21},{"not_picked":["theVacant:Carve","theVacant:LashOut+1"],"picked":"theVacant:Yeet","floor":22},{"not_picked":["theVacant:BattleScars","theVacant:Spinshield"],"picked":"theVacant:Anguish+1","floor":24},{"not_picked":["theVacant:FranticBlow","theVacant:CursedBlast"],"picked":"theVacant:EmptyShield+1","floor":27},{"not_picked":["theVacant:Enrage","theVacant:Sneeze","theVacant:CursedBlast"],"picked":"SKIP","floor":28},{"not_picked":["theVacant:BrassMagnet","theVacant:Jab","theVacant:FranticBlow"],"picked":"SKIP","floor":28},{"not_picked":["Madness+1","Flash of Steel+1"],"picked":"Panache+1","floor":30},{"not_picked":["theVacant:Recover","theVacant:ShutAway"],"picked":"theVacant:Reconnect+1","floor":30},{"not_picked":["Trip+1","expansioncontent:GoopSpray+1"],"picked":"Blind+1","floor":31},{"not_picked":["theVacant:GraveWave","theVacant:Spinshield"],"picked":"theVacant:Threat+1","floor":31},{"not_picked":["theVacant:DimensionTear","theVacant:WhenDarknessComes"],"picked":"theVacant:ForgeSoul","floor":33},{"not_picked":["theVacant:Spinshield","theVacant:Fling+1","theVacant:BrassMagnet"],"picked":"SKIP","floor":35},{"not_picked":["theVacant:Thoughtseize+1","theVacant:Spinshield+1"],"picked":"theVacant:Anguish+1","floor":37},{"not_picked":["theVacant:EmptyShield+1","theVacant:Fling"],"picked":"theVacant:Dig","floor":38},{"not_picked":["theVacant:Soothe+1","theVacant:LichStrike"],"picked":"theVacant:BurdenBreak+1","floor":40},{"not_picked":["theVacant:Soothe","theVacant:Enrage"],"picked":"theVacant:Threat+1","floor":45},{"not_picked":["theVacant:Whip+1","theVacant:Hex+1"],"picked":"theVacant:WaitInWrath+1","floor":47}],"player_experience":535552,"relics_obtained":[{"floor":6,"key":"Smiling Mask"},{"floor":7,"key":"Gensokyo:OccultBall"},{"floor":9,"key":"PreservedInsect"},{"floor":11,"key":"Toy Ornithopter"},{"floor":13,"key":"HornCleat"},{"floor":16,"key":"Gensokyo:OccultBall"},{"floor":20,"key":"aspiration:DSix"},{"floor":20,"key":"CCEMRelics:D6"},{"floor":24,"key":"RuthlessExorcism:ReiMu"},{"floor":26,"key":"Mummified Hand"},{"floor":27,"key":"CCEMRelics:FestiveHat"},{"floor":30,"key":"MealTicket"},{"floor":33,"key":"Gensokyo:OccultBall"},{"floor":39,"key":"conspire:InfiniteJournal"},{"floor":40,"key":"Vajra"},{"floor":40,"key":"potionbrewer:Torch"},{"floor":45,"key":"Gensokyo:OccultBall"},{"floor":45,"key":"White Beast Statue"},{"floor":45,"key":"Blood Vial"},{"floor":47,"key":"Shovel"},{"floor":47,"key":"CCEMRelics:SpiritsEdge"},{"floor":49,"key":"Turnip"}],"event_choices":[],"is_beta":false,"boss_relics":[{"not_picked":["conspire:SpecialSausage","Coffee Dripper"],"picked":"SlaversCollar"},{"not_picked":["Velvet Choker","Empty Cage"],"picked":"Black Star"}],"items_purged_floors":[19,42],"is_endless":true,"potions_floor_spawned":[5,6,11,20,22,27,28,31,35,38,47],"killed_by":"Gensokyo:Yuyuko","ascension_level":1}}