{"host":"36ls4ricihodphgx","time":1609015184,"event":{"mods":["AchievementEnabler","BaseMod","Colored Map","Downfall","Hermit","HololiveMod","Marisa????????","Minty Spire (QoL Compilation)","Replay The Spire","Shop Mod","StSLib","SuperFastMode","The Animator","The Bug Knight","The Cursed","The Servant 0.9.4"],"gold_per_floor":[81,81,81,81,96,96,125,125,125,125,139,149,177,189,189,293,293,311,311,311,326,336,336,366,380,432,432,442,442,452,466,466,561,561,576,586,632,632],"floor_reached":37,"playtime":1696,"items_purged":[],"score":581,"play_id":"ea6b49ee-5ea7-4179-84b8-5375edb3a7da","local_time":"20201226133944","is_ascension_mode":true,"campfire_choices":[{"data":"Hololive_CallHimemoriLuna","floor":6.0,"key":"SMITH"},{"data":"Hololive_CallNatsuiroMatsuri","floor":8.0,"key":"SMITH"},{"data":"Hololive_CallRoboco","floor":10.0,"key":"SMITH"},{"data":"Hololive_CallAkiRosenthal","floor":15.0,"key":"SMITH"},{"data":"Hololive_CallAkaiHaato","floor":23.0,"key":"SMITH"},{"data":"Hololive_CallTokoyamiTowa","floor":27.0,"key":"SMITH"},{"data":"Hololive_StrengthChampion","floor":32.0,"key":"SMITH"}],"circlet_count":0,"master_deck":["Hololive_Strike","Hololive_Strike","Hololive_Defend","Hololive_Defend","Hololive_StrengthChampion+1","Hololive_CallRoboco+1","Hololive_CallAkaiHaato+1","Hololive_CallTokoyamiTowa+1","Hololive_CallAiraniIofifteen","Hololive_CallNatsuiroMatsuri+1","Hololive_CallHimemoriLuna+1","ReplayTheSpireMod:Faulty Equipment","Hololive_CallAkiRosenthal+1","Hololive_CallRoboco+1","Hololive_BringToTrial+1"],"relics":["Hololive_TheStar","NeowsBlessing","Ring of Hypnosis","ReplayTheSpireMod:Ring of Collecting","PrismaticShard","Happy Flower","ReplayTheSpireMod:Ring of Challenge","Replay:Accelerometer","Nunchaku","Philosopher\u0027s Stone","GremlinMask","Pen Nib","Ring of Searing","Potion Belt","Replay:Bronze Core","Thread and Needle"],"acts_visited":["Exordium","TheCity","TheBeyond"],"potions_floor_usage":[],"damage_taken":[{"damage":0.0,"enemies":"Small Slimes","floor":1.0,"turns":1.0},{"damage":0.0,"enemies":"2 Louse","floor":5.0,"turns":1.0},{"damage":0.0,"enemies":"3 Sentries","floor":7.0,"turns":2.0},{"damage":0.0,"enemies":"Jaw Worm","floor":11.0,"turns":2.0},{"damage":0.0,"enemies":"Exordium Wildlife","floor":12.0,"turns":4.0},{"damage":0.0,"enemies":"Gremlin Nob","floor":13.0,"turns":4.0},{"damage":0.0,"enemies":"Gremlin Gang","floor":14.0,"turns":5.0},{"damage":0.0,"enemies":"Fading Forest","floor":16.0,"turns":11.0},{"damage":0.0,"enemies":"2 Thieves","floor":18.0,"turns":4.0},{"damage":0.0,"enemies":"Shell Parasite","floor":21.0,"turns":4.0},{"damage":0.0,"enemies":"Shelled Parasite and Fungi","floor":22.0,"turns":7.0},{"damage":20.0,"enemies":"Slavers","floor":24.0,"turns":11.0},{"damage":0.0,"enemies":"Cultist and Chosen","floor":25.0,"turns":5.0},{"damage":0.0,"enemies":"Centurion and Healer","floor":28.0,"turns":5.0},{"damage":0.0,"enemies":"Snecko","floor":30.0,"turns":3.0},{"damage":0.0,"enemies":"Cultist and Chosen","floor":31.0,"turns":4.0},{"damage":0.0,"enemies":"Champ","floor":33.0,"turns":7.0},{"damage":0.0,"enemies":"Orb Walker","floor":35.0,"turns":4.0},{"damage":11.0,"enemies":"3 Shapes","floor":36.0,"turns":4.0},{"damage":32.0,"enemies":"2 Orb Walkers","floor":37.0,"turns":6.0}],"seed_played":"-5777565789677274448","potions_obtained":[{"floor":1.0,"key":"DuplicationPotion"},{"floor":5.0,"key":"Slimebound:ThreeZeroPotion"},{"floor":7.0,"key":"Energy Potion"},{"floor":11.0,"key":"FairyPotion"},{"floor":28.0,"key":"Strength Potion"},{"floor":30.0,"key":"champ:CounterPotion"},{"floor":31.0,"key":"EntropicBrew"}],"is_trial":false,"path_per_floor":["M","?","?","?","M","R","E","R","T","R","M","M","E","M","R","B",null,"M","?","?","M","M","R","E","M","T","R","M","?","M","M","R","B",null,"M","M","?"],"character_chosen":"Hololive_HololiveCharacter","items_purchased":[],"campfire_rested":0,"item_purchase_floors":[],"current_hp_per_floor":[35,35,35,35,35,35,35,35,35,35,35,35,35,35,35,35,35,35,35,35,35,35,35,15,15,15,15,15,15,15,15,15,15,35,35,24,3,3],"gold":632,"neow_bonus":"THREE_ENEMY_KILL","is_daily":false,"chose_seed":false,"campfire_upgraded":7,"win_rate":0.0,"timestamp":1609015184,"path_taken":["M","?","?","?","M","R","E","R","T","R","M","M","E","M","R","BOSS","M","?","?","M","M","R","E","M","T","R","?","?","?","M","R","BOSS","M","M","?"],"items_purchased_type":[],"build_version":"2020-12-22","purchased_purges":0,"victory":false,"max_hp_per_floor":[35,35,35,35,35,35,35,35,35,35,35,35,35,35,35,35,35,35,35,35,35,35,35,35,35,35,35,35,35,35,35,35,35,35,35,35,35,35],"card_choices":[{"not_picked":["Hololive_CallRosalyn","Hololive_Rebound","Hololive_CallYogiri"],"picked":"Hololive_CallHimemoriLuna","floor":1.0},{"not_picked":["ShatteredReality","Slimebound:SplitLeeching","Beam Cell","animator:Ain"],"picked":"SKIP","floor":5.0},{"not_picked":["EscapeVelocity","animator:IchigoKurosaki","animator:Add","Slimebound:GoopSpray"],"picked":"SKIP","floor":7.0},{"not_picked":["Sanctity","Static Discharge","hermit:CalledShot","champ:Circumvent"],"picked":"SKIP","floor":11.0},{"not_picked":["TheCursedMod:VitalStrike","expansioncontent:FaceSlap","StarChef","Reinforced Body"],"picked":"SKIP","floor":12.0},{"not_picked":["Hololive_CocoNews","sneckomod:WideSting","expansioncontent:DashGenerateEvil"],"picked":"Hololive_CallAkiRosenthal","floor":13.0},{"not_picked":["ClearTheMind","sneckomod:Nope","Replay:Bootleg Shield Generator","animator:Hakurou"],"picked":"SKIP","floor":14.0},{"not_picked":["Ricochet","Collect+1","TheCursedMod:Stigma","TheCursedMod:RapidMovement"],"picked":"SKIP","floor":18.0},{"not_picked":["Bandage Up","Catalyst","TheCursedMod:CursedAmulet+1","sneckomod:DiceBlock"],"picked":"SKIP","floor":21.0},{"not_picked":["Defy+1","Hololive_OvertimeWork","Armaments"],"picked":"Hololive_CallRoboco","floor":22.0},{"not_picked":["champ:FanOfKnives","Slimebound:WasteNot","Perfected Strike+1","Mirror Shield"],"picked":"SKIP","floor":24.0},{"not_picked":["Slimebound:SlimeSpikes","Self Repair","animator:UneriGinkaku","hermit:Feint"],"picked":"SKIP","floor":25.0},{"not_picked":["hexamod:AdvancingGuard","hermit:TakeCover","ReplayTheSpireMod:LeadingStrike","TheCursedMod:StingEye"],"picked":"SKIP","floor":28.0},{"not_picked":["GalacticHalo","Slimebound:Schlurp","TheCursedMod:SurpriseAttack","Riddle With Holes+1"],"picked":"SKIP","floor":30.0},{"not_picked":["animator:Tyuule","True Grit","animator:Guren","Slimebound:LeechingTouch"],"picked":"SKIP","floor":31.0},{"not_picked":["animator:SakuraMatou","sneckomod:UnknownWeak","TheCursedMod:SoulCrush","Guardian:GuardianWhirl"],"picked":"SKIP","floor":35.0},{"not_picked":["Gash","animator:Sebas+1","Enlightenment+1"],"picked":"Hololive_BringToTrial+1","floor":36.0}],"player_experience":26341,"relics_obtained":[{"floor":2.0,"key":"Ring of Hypnosis"},{"floor":2.0,"key":"ReplayTheSpireMod:Ring of Collecting"},{"floor":7.0,"key":"Happy Flower"},{"floor":9.0,"key":"ReplayTheSpireMod:Ring of Challenge"},{"floor":9.0,"key":"Replay:Accelerometer"},{"floor":13.0,"key":"Nunchaku"},{"floor":24.0,"key":"Pen Nib"},{"floor":26.0,"key":"Ring of Searing"},{"floor":26.0,"key":"Potion Belt"},{"floor":37,"key":"Thread and Needle"}],"event_choices":[{"damage_healed":0.0,"max_hp_gain":0.0,"max_hp_loss":0.0,"gold_gain":0.0,"event_name":"The Cleric","player_choice":"Leave","floor":3.0,"gold_loss":0.0,"damage_taken":0.0},{"damage_healed":0.0,"max_hp_gain":0.0,"max_hp_loss":0.0,"gold_gain":0.0,"event_name":"Beggar","player_choice":"Ignored","floor":19.0,"gold_loss":0.0,"damage_taken":0.0},{"damage_healed":0.0,"max_hp_gain":0.0,"max_hp_loss":0.0,"gold_gain":0.0,"event_name":"FaceTrader","player_choice":"Trade","floor":20.0,"gold_loss":0.0,"damage_taken":0.0,"relics_obtained":["GremlinMask"]},{"damage_healed":0.0,"max_hp_gain":0.0,"max_hp_loss":0.0,"gold_gain":0.0,"event_name":"Accursed Blacksmith","player_choice":"Forge","floor":29.0,"gold_loss":0.0,"damage_taken":0.0,"cards_upgraded":["Hololive_CallRoboco"]},{"damage_healed":0.0,"max_hp_gain":0.0,"max_hp_loss":0.0,"gold_gain":0.0,"event_name":"Mysterious Sphere","player_choice":"Fight","floor":37.0,"gold_loss":0.0,"damage_taken":0.0}],"is_beta":false,"boss_relics":[{"not_picked":["Coffee Dripper","Kintsugi"],"picked":"Philosopher\u0027s Stone"},{"not_picked":["Honey Jar","Replay:Ancient Bell"],"picked":"Replay:Bronze Core"}],"items_purged_floors":[],"is_endless":false,"potions_floor_spawned":[1,5,7,11,22,28,30,31,33,35],"ascension_level":1}}