{"host":"utqe55yv0jihe4d6","time":1609002251,"event":{"mods":["2.2 Compatiblity","AchievementEnabler","BaseMod","Block Reminder","Colored Map","Colored Powertips","Minty Spire (QoL Compilation)","Quick Restart","Rare Cards Sparkle","Relic Stats","SuperFastMode"],"gold_per_floor":[115,132,144,161,10,10,85,85,112,140,140,153,153,188,188,259,259,274,288,178,95,113,113,138,151,151,151,178,190,219,231,231],"floor_reached":31,"playtime":934,"items_purged":["Defend_P"],"score":720,"play_id":"b2260b64-96ab-4544-8806-f89d676d6eef","local_time":"20201226120411","is_ascension_mode":true,"campfire_choices":[{"floor":8.0,"key":"REST"},{"floor":11.0,"key":"REST"},{"floor":13.0,"key":"REST"},{"floor":15.0,"key":"REST"},{"floor":23.0,"key":"REST"},{"floor":27,"key":"REST"},{"floor":29,"key":"REST"}],"circlet_count":0,"master_deck":["AscendersBane","Strike_P+1","Strike_P+1","Strike_P+1","Defend_P+1","Defend_P+1","Eruption+1","Vigilance+1","LessonLearned","FollowUp+1","Tantrum+1","CutThroughFate","SashWhip","Conclude+1","FearNoEvil+1","Blasphemy","Wireheading+1","Consecrate+1","Adaptation","MentalFortress","WaveOfTheHand"],"relics":["HolyWater","Toy Ornithopter","Strawberry","Regal Pillow","PreservedInsect","Shuriken","MawBank"],"acts_visited":["Exordium","TheCity"],"potions_floor_usage":[],"damage_taken":[{"damage":5.0,"enemies":"Cultist","floor":1.0,"turns":4.0},{"damage":4.0,"enemies":"2 Louse","floor":2.0,"turns":5.0},{"damage":0.0,"enemies":"Small Slimes","floor":3.0,"turns":2.0},{"damage":0.0,"enemies":"Exordium Wildlife","floor":4.0,"turns":2.0},{"damage":54.0,"enemies":"Lagavulin","floor":10.0,"turns":8.0},{"damage":2.0,"enemies":"Red Slaver","floor":12.0,"turns":2.0},{"damage":15.0,"enemies":"3 Sentries","floor":14.0,"turns":3.0},{"damage":0.0,"enemies":"Slime Boss","floor":16.0,"turns":4.0},{"damage":0.0,"enemies":"Spheric Guardian","floor":18.0,"turns":1.0},{"damage":28.0,"enemies":"Chosen","floor":19.0,"turns":5.0},{"damage":2.0,"enemies":"Centurion and Healer","floor":22.0,"turns":3.0},{"damage":0.0,"enemies":"Gremlin Leader","floor":24.0,"turns":4.0},{"damage":54,"enemies":"Snecko","floor":25,"turns":8},{"damage":46,"enemies":"Slavers","floor":28,"turns":5},{"damage":22,"enemies":"Snake Plant","floor":30,"turns":4},{"damage":28,"enemies":"Book of Stabbing","floor":31,"turns":2}],"seed_played":"-6334503443642066091","potions_obtained":[{"floor":3.0,"key":"BlessingOfTheForge"},{"floor":4.0,"key":"PowerPotion"},{"floor":16.0,"key":"BottledMiracle"}],"is_trial":false,"path_per_floor":["M","M","M","M","$","?","?","R","T","E","R","M","R","E","R","B",null,"M","M","?","$","M","R","E","M","T","R","E","R","M","E"],"character_chosen":"WATCHER","items_purchased":["Conclude","Adaptation"],"campfire_rested":7,"item_purchase_floors":[5,21],"current_hp_per_floor":[56,52,52,52,52,45,34,54,54,12,34,32,54,39,75,75,75,75,47,47,47,45,75,75,21,21,58,12,49,27,0,0],"gold":231,"neow_bonus":"ONE_RANDOM_RARE_CARD","is_daily":false,"chose_seed":false,"campfire_upgraded":0,"win_rate":0.0,"timestamp":1609002251,"path_taken":["M","M","M","M","?","?","?","R","T","E","R","?","R","E","R","BOSS","M","M","?","$","M","R","E","M","T","R","E","R","M","E"],"items_purchased_type":["Card","Card"],"build_version":"2020-12-22","purchased_purges":1,"victory":false,"max_hp_per_floor":[68,68,68,68,68,68,68,68,68,75,75,75,75,75,75,75,75,75,75,75,75,75,75,75,75,75,75,75,75,75,75,75],"relic_stats":{"Regal Pillow":52,"counters":[16,62],"Shuriken":[3],"PreservedInsect":85,"MawBank":36,"obtain_stats":[{"Regal Pillow":14,"Shuriken":26,"Strawberry":10,"HolyWater":17,"PreservedInsect":24,"PureWater":0,"MawBank":28,"Toy Ornithopter":9},{"Regal Pillow":7,"Shuriken":13,"Strawberry":5,"HolyWater":8,"PreservedInsect":12,"PureWater":0,"MawBank":14,"Toy Ornithopter":4},{"Regal Pillow":26,"Shuriken":51,"Strawberry":21,"HolyWater":30,"PreservedInsect":43,"PureWater":0,"MawBank":56,"Toy Ornithopter":13}],"Toy Ornithopter":5},"card_choices":[{"not_picked":["CrushJoints","Adaptation"],"picked":"FollowUp","floor":1.0},{"not_picked":["ClearTheMind","SashWhip"],"picked":"Tantrum","floor":2.0},{"not_picked":["Indignation","ClearTheMind"],"picked":"CutThroughFate","floor":3.0},{"not_picked":["Sanctity","Pray"],"picked":"SashWhip","floor":4.0},{"not_picked":["EmptyBody","LikeWater"],"picked":"FearNoEvil","floor":10.0},{"not_picked":["WreathOfFlame","CrushJoints","Weave"],"picked":"SKIP","floor":12.0},{"not_picked":["CrushJoints","Indignation","Crescendo"],"picked":"SKIP","floor":14.0},{"not_picked":["Brilliance","MasterReality"],"picked":"Blasphemy","floor":16.0},{"not_picked":["Crescendo","Indignation"],"picked":"Wireheading","floor":18.0},{"not_picked":["FlyingSleeves","SandsOfTime"],"picked":"Consecrate","floor":19.0},{"not_picked":["Evaluate+1","Prostrate"],"picked":"MentalFortress","floor":22.0},{"not_picked":["PathToVictory","Worship","SashWhip"],"picked":"SKIP","floor":24.0},{"not_picked":["Protect","FollowUp"],"picked":"WaveOfTheHand","floor":25},{"not_picked":["Tantrum","Brilliance","Crescendo"],"picked":"SKIP","floor":28},{"not_picked":["Crescendo","BowlingBash","Consecrate"],"picked":"SKIP","floor":30}],"player_experience":2868990,"relics_obtained":[{"floor":9.0,"key":"Toy Ornithopter"},{"floor":10.0,"key":"Strawberry"},{"floor":14.0,"key":"Regal Pillow"},{"floor":24.0,"key":"PreservedInsect"},{"floor":26,"key":"Shuriken"},{"floor":28,"key":"MawBank"}],"event_choices":[{"cards_removed":["Strike_P"],"damage_healed":0.0,"max_hp_gain":0.0,"max_hp_loss":0.0,"gold_gain":0.0,"event_name":"Golden Wing","player_choice":"Card Removal","floor":6.0,"gold_loss":0.0,"damage_taken":7.0},{"damage_healed":0.0,"max_hp_gain":0.0,"max_hp_loss":0.0,"gold_gain":75.0,"event_name":"World of Goop","player_choice":"Gather Gold","floor":7.0,"gold_loss":0.0,"damage_taken":11.0},{"cards_removed":["Defend_P"],"damage_healed":0.0,"max_hp_gain":0.0,"max_hp_loss":0.0,"gold_gain":0.0,"event_name":"Designer","player_choice":"Upgrade and Remove","floor":20.0,"gold_loss":110.0,"damage_taken":0.0,"cards_upgraded":["Consecrate"]}],"is_beta":false,"boss_relics":[{"not_picked":["Philosopher\u0027s Stone","Calling Bell"],"picked":"HolyWater"}],"items_purged_floors":[5],"is_endless":false,"potions_floor_spawned":[3,4,16,18,30],"killed_by":"Book of Stabbing","ascension_level":20}}