{"host":"tzyzz5n7hg2ni9q2","time":1609023438,"event":{"mods":["BaseMod","Minty Spire (QoL Compilation)","Quick Restart"],"gold_per_floor":[119,119,119,7,25,25,44,44,44,79,79,93,107,72,72,196,196,209,209,228,247,265,298,298,323,323,323,337,337,337,337,337,462,462,486,509,529,862,875,875,908,550,575,575,603,583,597,615,615,615,615],"floor_reached":50,"playtime":1277,"items_purged":["Regret","Bash"],"score":791,"play_id":"13347954-58c2-4406-a6bf-08d1fcd3d777","local_time":"20201226235718","is_ascension_mode":true,"campfire_choices":[{"data":"Heavy Blade","floor":6.0,"key":"SMITH"},{"data":"Inflame","floor":8.0,"key":"SMITH"},{"data":"Whirlwind","floor":11.0,"key":"SMITH"},{"data":"Uppercut","floor":15.0,"key":"SMITH"},{"data":"Berserk","floor":24.0,"key":"SMITH"},{"data":"Battle Trance","floor":27.0,"key":"SMITH"},{"data":"Spot Weakness","floor":29.0,"key":"SMITH"},{"floor":32.0,"key":"REST"},{"floor":40.0,"key":"REST"},{"data":"Dramatic Entrance","floor":44,"key":"SMITH"},{"data":"Seeing Red","floor":49,"key":"SMITH"}],"circlet_count":0,"master_deck":["Defend_R","Defend_R","Defend_R","Defend_R","Dramatic Entrance+1","Heavy Blade+1","Seeing Red+1","Inflame+1","Whirlwind+1","Battle Trance+1","Uppercut+1","Berserk+1","Spot Weakness+1","Shrug It Off+1","Necronomicurse","Bite","Bite","Bite","Bite","Bite","True Grit+1"],"relics":["Burning Blood","Ancient Tea Set","StrikeDummy","PreservedInsect","Velvet Choker","MealTicket","Charon\u0027s Ashes","Necronomicon","SlaversCollar","Pen Nib","Mercury Hourglass","Dream Catcher","Question Card"],"acts_visited":["Exordium","TheCity","TheBeyond"],"potions_floor_usage":[50,50,50,50],"damage_taken":[{"damage":7.0,"enemies":"Jaw Worm","floor":1.0,"turns":5.0},{"damage":0.0,"enemies":"Small Slimes","floor":5.0,"turns":2.0},{"damage":2.0,"enemies":"2 Louse","floor":7.0,"turns":2.0},{"damage":18.0,"enemies":"Gremlin Nob","floor":10.0,"turns":4.0},{"damage":1.0,"enemies":"Gremlin Gang","floor":12.0,"turns":3.0},{"damage":7.0,"enemies":"Looter","floor":13.0,"turns":3.0},{"damage":5.0,"enemies":"Slime Boss","floor":16.0,"turns":6.0},{"damage":3.0,"enemies":"Chosen","floor":18.0,"turns":2.0},{"damage":17.0,"enemies":"2 Thieves","floor":20.0,"turns":2.0},{"damage":33.0,"enemies":"Snake Plant","floor":21.0,"turns":4.0},{"damage":5.0,"enemies":"Snecko","floor":22.0,"turns":4.0},{"damage":10.0,"enemies":"Slavers","floor":23.0,"turns":3.0},{"damage":3.0,"enemies":"Chosen and Byrds","floor":25.0,"turns":4.0},{"damage":4.0,"enemies":"Centurion and Healer","floor":28.0,"turns":5.0},{"damage":16.0,"enemies":"Automaton","floor":33.0,"turns":4.0},{"damage":7.0,"enemies":"Orb Walker","floor":35.0,"turns":2.0},{"damage":0.0,"enemies":"3 Shapes","floor":36.0,"turns":1.0},{"damage":18.0,"enemies":"Maw","floor":37.0,"turns":5.0},{"damage":53.0,"enemies":"Sphere and 2 Shapes","floor":39.0,"turns":5.0},{"damage":17,"enemies":"Nemesis","floor":41,"turns":5},{"damage":4,"enemies":"Giant Head","floor":45,"turns":4},{"damage":2,"enemies":"Spire Growth","floor":47,"turns":4},{"damage":0,"enemies":"Jaw Worm Horde","floor":48,"turns":2},{"damage":68,"enemies":"Time Eater","floor":50,"turns":5}],"seed_played":"4410605683397139197","potions_obtained":[{"floor":7.0,"key":"EssenceOfSteel"},{"floor":10.0,"key":"DistilledChaos"},{"floor":12.0,"key":"SkillPotion"},{"floor":13.0,"key":"Dexterity Potion"},{"floor":18.0,"key":"Explosive Potion"},{"floor":23.0,"key":"AttackPotion"},{"floor":25.0,"key":"Swift Potion"},{"floor":36.0,"key":"Fruit Juice"},{"floor":37.0,"key":"ColorlessPotion"},{"floor":46,"key":"EntropicBrew"},{"floor":48,"key":"Strength Potion"}],"is_trial":false,"path_per_floor":["M","?","?","$","M","R","M","R","T","E","R","M","M","$","R","B",null,"M","$","M","M","M","E","R","M","T","R","M","R","?","?","R","B",null,"M","M","M","?","M","R","E","$","T","R","E","?","M","M","R","B"],"character_chosen":"IRONCLAD","items_purchased":["Seeing Red","Uppercut","Mercury Hourglass"],"campfire_rested":2,"item_purchase_floors":[4,14,42],"current_hp_per_floor":[71,71,51,51,57,57,61,61,61,49,49,54,53,53,53,54,74,77,77,66,39,40,36,36,39,39,39,41,41,25,25,41,37,51,52,61,55,55,16,34,35,50,50,50,58,58,61,61,61,0,0],"gold":615,"neow_bonus":"RANDOM_COLORLESS","is_daily":false,"chose_seed":false,"campfire_upgraded":9,"win_rate":0.0,"timestamp":1609023438,"path_taken":["M","?","?","$","M","R","M","R","T","E","R","M","M","$","R","BOSS","M","$","M","M","M","E","R","M","T","R","M","R","?","?","R","BOSS","M","M","M","?","M","R","E","$","T","R","E","?","?","M","R","BOSS"],"items_purchased_type":["Card","Card","Relic"],"build_version":"2020-12-22","purchased_purges":2,"victory":false,"max_hp_per_floor":[80,80,80,80,80,80,80,80,80,80,80,80,80,80,80,80,80,80,80,80,80,80,80,80,80,80,80,80,80,80,56,56,56,56,56,61,61,61,61,61,61,61,61,61,61,61,61,61,61,61,61],"card_choices":[{"not_picked":["Purity","Jack Of All Trades"],"picked":"Dramatic Entrance","floor":0.0},{"not_picked":["Wild Strike","Bloodletting"],"picked":"Heavy Blade","floor":1.0},{"not_picked":["Bloodletting","Warcry"],"picked":"Inflame","floor":5.0},{"not_picked":["Sever Soul","Thunderclap","Dark Embrace"],"picked":"SKIP","floor":7.0},{"not_picked":["Perfected Strike","Reaper"],"picked":"Whirlwind","floor":10.0},{"not_picked":["Clothesline","Disarm"],"picked":"Battle Trance","floor":12.0},{"not_picked":["Thunderclap","Body Slam","Evolve"],"picked":"SKIP","floor":13.0},{"not_picked":["Barricade","Impervious"],"picked":"Berserk","floor":16.0},{"not_picked":["Pummel","Havoc","Sword Boomerang+1"],"picked":"SKIP","floor":18.0},{"not_picked":["Body Slam+1","Reckless Charge"],"picked":"Spot Weakness","floor":20.0},{"not_picked":["Bloodletting","Clothesline"],"picked":"Shrug It Off+1","floor":21.0},{"not_picked":["Pummel","Twin Strike+1","Sword Boomerang+1"],"picked":"SKIP","floor":22.0},{"not_picked":["Body Slam","Sentinel","Wild Strike"],"picked":"SKIP","floor":23.0},{"not_picked":["Dual Wield","Pummel+1","Headbutt"],"picked":"SKIP","floor":25.0},{"not_picked":["Warcry","Headbutt","Body Slam+1"],"picked":"SKIP","floor":28.0},{"not_picked":["Whirlwind+1","Sword Boomerang","Bloodletting"],"picked":"SKIP","floor":35.0},{"not_picked":["Power Through","Sever Soul","Twin Strike+1"],"picked":"SKIP","floor":36.0},{"not_picked":["Perfected Strike","Sword Boomerang","Sever Soul+1"],"picked":"SKIP","floor":37.0},{"not_picked":["Havoc","Clothesline+1","Heavy Blade"],"picked":"SKIP","floor":39.0},{"not_picked":["Anger","Shockwave"],"picked":"True Grit+1","floor":41},{"not_picked":["Second Wind+1","Flex","Headbutt"],"picked":"SKIP","floor":45},{"not_picked":["Thunderclap","Rage+1","Sword Boomerang","Pommel Strike"],"picked":"SKIP","floor":47},{"not_picked":["Clash","Combust+1","True Grit","Immolate"],"picked":"SKIP","floor":48}],"player_experience":193753,"relics_obtained":[{"floor":9.0,"key":"StrikeDummy"},{"floor":10.0,"key":"PreservedInsect"},{"floor":23.0,"key":"MealTicket"},{"floor":26.0,"key":"Charon\u0027s Ashes"},{"floor":30.0,"key":"Necronomicon"},{"floor":41,"key":"Pen Nib"},{"floor":43,"key":"Dream Catcher"},{"floor":45,"key":"Question Card"}],"event_choices":[{"damage_healed":0.0,"max_hp_gain":0.0,"max_hp_loss":0.0,"gold_gain":0.0,"event_name":"Big Fish","player_choice":"Box","floor":2.0,"gold_loss":0.0,"damage_taken":0.0,"relics_obtained":["Ancient Tea Set"],"cards_obtained":["Regret"]},{"damage_healed":0.0,"max_hp_gain":0.0,"max_hp_loss":0.0,"gold_gain":0.0,"event_name":"Golden Idol","player_choice":"Take Damage","floor":3.0,"gold_loss":0.0,"damage_taken":20.0,"relics_obtained":["Golden Idol"]},{"damage_healed":0.0,"max_hp_gain":0.0,"max_hp_loss":0.0,"gold_gain":0.0,"event_name":"Cursed Tome","player_choice":"Obtained Book","floor":30.0,"gold_loss":0.0,"damage_taken":16.0},{"damage_healed":0.0,"max_hp_gain":0.0,"max_hp_loss":24.0,"gold_gain":0.0,"event_name":"Vampires","player_choice":"Became a vampire","floor":31.0,"gold_loss":0.0,"damage_taken":0.0,"cards_obtained":["Bite","Bite","Bite","Bite","Bite"]},{"damage_healed":0.0,"max_hp_gain":0.0,"max_hp_loss":0.0,"gold_gain":333.0,"event_name":"The Moai Head","player_choice":"Gave Idol","floor":38.0,"relics_lost":["Golden Idol"],"gold_loss":0.0,"damage_taken":0.0},{"damage_healed":0,"gold_gain":0,"player_choice":"Bought 1 Potion","damage_taken":0,"max_hp_gain":0,"max_hp_loss":0,"event_name":"The Woman in Blue","floor":46,"gold_loss":0}],"is_beta":false,"boss_relics":[{"not_picked":["Runic Cube","Busted Crown"],"picked":"Velvet Choker"},{"not_picked":["Calling Bell","Cursed Key"],"picked":"SlaversCollar"}],"items_purged_floors":[4,42],"is_endless":false,"potions_floor_spawned":[7,10,12,13,18,23,25,28,36,37,47,48],"killed_by":"Time Eater","ascension_level":7}}