{"host":"k85tjwrh7mjrrc9a","time":1609026003,"event":{"mods":["AchievementEnabler","BaseMod","Colored Powertips","Highlight Path","Minty Spire (QoL Compilation)","Rare Cards Sparkle","StSLib"],"gold_per_floor":[117,117,135,135,153,153,180,199,199,199,199],"floor_reached":10,"playtime":586,"items_purged":[],"score":71,"play_id":"39fddef5-095e-4d6d-8f16-cc1f3ddf97cb","local_time":"20201226184003","is_ascension_mode":true,"campfire_choices":[{"data":"Prepared","floor":6.0,"key":"SMITH"}],"circlet_count":0,"master_deck":["Strike_G+1","Strike_G","Strike_G","Strike_G","Strike_G","Defend_G","Defend_G","Defend_G","Defend_G","Defend_G+1","Survivor","Neutralize","Slice","Prepared+1","Quick Slash","Cloak And Dagger","Burst"],"relics":["Ring of the Snake","Lantern","Incense Burner","Ginger"],"acts_visited":["Exordium"],"potions_floor_usage":[10],"damage_taken":[{"damage":0.0,"enemies":"Small Slimes","floor":1.0,"turns":3.0},{"damage":0.0,"enemies":"2 Louse","floor":3.0,"turns":2.0},{"damage":0.0,"enemies":"Jaw Worm","floor":5.0,"turns":3.0},{"damage":41.0,"enemies":"Lagavulin","floor":7.0,"turns":7.0},{"damage":3,"enemies":"Lots of Slimes","floor":8,"turns":5},{"damage":18,"enemies":"Gremlin Nob","floor":10,"turns":4}],"seed_played":"-3932410686607211210","potions_obtained":[{"floor":1.0,"key":"CunningPotion"},{"floor":5.0,"key":"SteroidPotion"}],"is_trial":false,"path_per_floor":["M","?","M","?","M","R","E","M","T","E"],"character_chosen":"THE_SILENT","items_purchased":[],"campfire_rested":0,"item_purchase_floors":[],"current_hp_per_floor":[70,56,56,61,61,61,20,17,17,0,0],"gold":199,"neow_bonus":"RANDOM_COMMON_RELIC","is_daily":false,"chose_seed":false,"campfire_upgraded":1,"win_rate":0.0,"timestamp":1609026003,"path_taken":["M","?","M","?","M","R","E","M","T","E"],"items_purchased_type":[],"build_version":"2020-12-22","purchased_purges":0,"victory":false,"max_hp_per_floor":[70,70,70,75,75,75,75,75,75,75,75],"card_choices":[{"not_picked":["Flechettes","Outmaneuver"],"picked":"Slice","floor":1.0},{"not_picked":["Distraction","Cloak And Dagger"],"picked":"Prepared","floor":3.0},{"not_picked":["Flying Knee","Cloak And Dagger"],"picked":"Quick Slash","floor":5.0},{"not_picked":["Underhanded Strike","Dagger Throw"],"picked":"Cloak And Dagger","floor":7.0},{"not_picked":["Poisoned Stab","Dagger Spray"],"picked":"Burst","floor":8}],"player_experience":60759,"relics_obtained":[{"floor":7.0,"key":"Incense Burner"},{"floor":9,"key":"Ginger"}],"event_choices":[{"damage_healed":0.0,"max_hp_gain":0.0,"max_hp_loss":0.0,"gold_gain":0.0,"event_name":"Shining Light","player_choice":"Entered Light","floor":2.0,"gold_loss":0.0,"damage_taken":14.0,"cards_upgraded":["Strike_G","Defend_G"]},{"damage_healed":0.0,"max_hp_gain":5.0,"max_hp_loss":0.0,"gold_gain":0.0,"event_name":"Big Fish","player_choice":"Donut","floor":4.0,"gold_loss":0.0,"damage_taken":0.0}],"is_beta":false,"boss_relics":[],"items_purged_floors":[],"is_endless":false,"potions_floor_spawned":[1,5],"killed_by":"Gremlin Nob","ascension_level":1}}