{"host":"enmin8e0t0h2jpek","time":1609021503,"event":{"mods":["AchievementEnabler","BaseMod","Colored Map","Colored Powertips","DeckTracker","Highlight Path","Minty Spire (QoL Compilation)","Quick Restart","Rare Cards Sparkle","Relic Stats","Replay The Spire","Shop Mod","StSLib","SuperFastMode","The Sage","slay the spire mod where everything is the same but ironclad has a cowboy hat"],"gold_per_floor":[118,135,148,148,161,161,234,234,234,234,234,266,40,68,68,167,167,179,199,210,210,229,229,229,229,229,244,278,288,303,317,317,329,329],"floor_reached":33,"playtime":2182,"items_purged":[],"score":304,"play_id":"dc2ea64b-17e5-4f8d-ab06-af9f87ade93e","local_time":"20201226232503","is_ascension_mode":false,"campfire_choices":[{"data":"Bash","floor":6,"key":"SMITH"},{"data":"ReplayTheSpireMod:LeadingStrike","floor":8,"key":"SMITH"},{"data":"Evolve","floor":10,"key":"SMITH"},{"data":"Immolate","floor":15,"key":"SMITH"},{"floor":23,"key":"REST"},{"floor":25,"key":"REST"},{"floor":32,"key":"DIG"}],"circlet_count":0,"master_deck":["Strike_R","Strike_R","Strike_R","Strike_R","Strike_R","Defend_R","Defend_R+1","Defend_R","Defend_R","Bash+1","Headbutt","ReplayTheSpireMod:LeadingStrike+1","Pummel","Evolve+1","Immolate+1","Pot Of Greed","Pot Of Greed","Metallicize","Feed","ReplayTheSpireMod:Faulty Equipment","Twin Strike","Shrug It Off+1","Shockwave","Life Link+1","Iron Wave+1","Fire Breathing","Pot Of Greed","Heavy Blade+1","ReplayTheSpireMod:LeadingStrike"],"relics":["Burning Blood","Bottled Tornado","sagemod:Singing_Vial","ReplayTheSpireMod:Shallot","Grinning Jar","Pantograph","Replay:Ancient Bell","Ancient Tea Set","Paper Frog","Durian","Incense Burner","Replay:Bottled Eggs","MawBank"],"acts_visited":["Exordium","TheCity"],"potions_floor_usage":[16],"damage_taken":[{"damage":1,"enemies":"Cultist","floor":1,"turns":3},{"damage":0,"enemies":"Small Slimes","floor":2,"turns":3},{"damage":5,"enemies":"2 Louse","floor":3,"turns":3},{"damage":0,"enemies":"Large Slime","floor":5,"turns":5},{"damage":14,"enemies":"Gremlin Nob","floor":12,"turns":3},{"damage":14,"enemies":"3 Sentries","floor":14,"turns":6},{"damage":46,"enemies":"The Guardian","floor":16,"turns":8},{"damage":27,"enemies":"Shell Parasite","floor":18,"turns":6},{"damage":22,"enemies":"Spheric Guardian","floor":19,"turns":6},{"damage":29,"enemies":"Centurion and Healer","floor":20,"turns":9},{"damage":7,"enemies":"3 Cultists","floor":22,"turns":3},{"damage":0,"enemies":"Cultist and Chosen","floor":27,"turns":4},{"damage":37,"enemies":"Gremlin Leader","floor":28,"turns":7},{"damage":20,"enemies":"Sentry and Sphere","floor":29,"turns":8},{"damage":2,"enemies":"3 Cultists","floor":30,"turns":3},{"damage":7,"enemies":"Snake Plant","floor":31,"turns":5},{"damage":63,"enemies":"Collector","floor":33,"turns":7}],"seed_played":"254181086524460687","potions_obtained":[{"floor":3,"key":"Fire Potion"},{"floor":5,"key":"SkillPotion"},{"floor":16,"key":"Swift Potion"},{"floor":18,"key":"Swift Potion"},{"floor":19,"key":"SteroidPotion"},{"floor":21,"key":"Doom Potion"},{"floor":30,"key":"Explosive Potion"}],"is_trial":false,"path_per_floor":["M","M","M","?","M","R","?","R","T","R","?","E","$","E","R","B",null,"M","M","M","?","M","R","?","R","T","M","E","M","M","M","R_BF","B"],"character_chosen":"IRONCLAD","items_purchased":["Grinning Jar","Metallicize"],"campfire_rested":2,"item_purchase_floors":[13,13],"current_hp_per_floor":[85,85,85,85,85,85,85,85,85,85,73,65,65,57,57,42,90,69,53,30,30,29,56,38,66,66,75,44,30,34,36,36,0,0],"gold":329,"neow_bonus":"RANDOM_EVENT","is_daily":false,"chose_seed":false,"campfire_upgraded":4,"win_rate":0.0,"timestamp":1609021503,"path_taken":["M","?","M","?","M","R","?","R","T","R","?","E","$","E","R","BOSS","M","M","M","?","?","R","?","R","T","M","E","M","M","M","R_BF","BOSS"],"items_purchased_type":["Relic","Card"],"build_version":"2020-12-22","purchased_purges":0,"victory":false,"max_hp_per_floor":[85,85,85,85,85,85,85,85,85,85,85,85,85,85,85,85,90,90,90,90,90,90,90,95,95,95,98,98,98,98,101,101,101,101],"relic_stats":{"counters":[17,89],"Pantograph":50,"MawBank":12,"obtain_stats":[{"Replay:Ancient Bell":17,"Incense Burner":26,"Bottled Tornado":9,"Ancient Tea Set":17,"MawBank":32,"Burning Blood":0,"ReplayTheSpireMod:Shallot":12,"Pantograph":14,"sagemod:Singing_Vial":11,"Durian":17,"Grinning Jar":13,"Replay:Bottled Eggs":28,"Paper Frog":17},{"Replay:Ancient Bell":7,"Incense Burner":11,"Bottled Tornado":4,"Ancient Tea Set":7,"MawBank":16,"Burning Blood":0,"ReplayTheSpireMod:Shallot":5,"Pantograph":6,"sagemod:Singing_Vial":4,"Durian":7,"Grinning Jar":5,"Replay:Bottled Eggs":13,"Paper Frog":7},{"Replay:Ancient Bell":31,"Incense Burner":55,"Bottled Tornado":14,"Ancient Tea Set":31,"MawBank":82,"Burning Blood":0,"ReplayTheSpireMod:Shallot":17,"Pantograph":23,"sagemod:Singing_Vial":14,"Durian":31,"Grinning Jar":17,"Replay:Bottled Eggs":66,"Paper Frog":31}],"Burning Blood":78},"card_choices":[{"not_picked":["Hemokinesis","Replay:Undeath\u0027s Touch"],"picked":"Headbutt","floor":1},{"not_picked":["Entrench","Thunderclap"],"picked":"ReplayTheSpireMod:LeadingStrike","floor":2},{"not_picked":["ReplayTheSpireMod:Strike From Hell","Sword Boomerang"],"picked":"Pummel","floor":3},{"not_picked":["Massacre","Clothesline"],"picked":"Evolve","floor":5},{"not_picked":["Second Wind","Reckless Charge"],"picked":"Immolate","floor":12},{"not_picked":["Replay:Undeath\u0027s Touch","Warcry","Impervious"],"picked":"Singing Bowl","floor":14},{"not_picked":["Replay:Many Hands","Brutality"],"picked":"Feed","floor":16},{"not_picked":["Replay:Hysterical Blindness","AbeCurse"],"picked":"ReplayTheSpireMod:Faulty Equipment","floor":17},{"not_picked":["Looming Evil","Amnesia","CommonCold"],"picked":"Singing Bowl","floor":17},{"not_picked":["Injury","AbeCurse","Looming Evil"],"picked":"Singing Bowl","floor":17},{"not_picked":["Iron Wave+1","Pummel"],"picked":"Twin Strike","floor":18},{"not_picked":["Run Through","Infernal Blade"],"picked":"Shrug It Off+1","floor":19},{"not_picked":["Dark Embrace","Clash+1"],"picked":"Shockwave","floor":20},{"not_picked":["Metallicize","Second Wind"],"picked":"Life Link+1","floor":22},{"not_picked":["Pummel","Reckless Charge"],"picked":"Iron Wave+1","floor":27},{"not_picked":["Iron Wave","Pummel","Shrug It Off"],"picked":"Singing Bowl","floor":28},{"not_picked":["Warcry+1","Armaments"],"picked":"Fire Breathing","floor":29},{"not_picked":["Run Through+1","Blood for Blood"],"picked":"Heavy Blade+1","floor":30},{"not_picked":["Pommel Strike","Twin Strike"],"picked":"ReplayTheSpireMod:LeadingStrike","floor":31}],"player_experience":13486,"relics_obtained":[{"floor":9,"key":"Bottled Tornado"},{"floor":12,"key":"ReplayTheSpireMod:Shallot"},{"floor":14,"key":"Pantograph"},{"floor":26,"key":"Incense Burner"},{"floor":28,"key":"Replay:Bottled Eggs"},{"floor":32,"key":"MawBank"}],"event_choices":[{"damage_healed":0,"gold_gain":0,"player_choice":"Donut","damage_taken":0,"max_hp_gain":5,"max_hp_loss":0,"event_name":"Big Fish","floor":0,"gold_loss":0},{"damage_healed":0,"gold_gain":73,"player_choice":"Gained Gold","damage_taken":0,"max_hp_gain":0,"max_hp_loss":0,"event_name":"Golden Wing","floor":7,"gold_loss":0},{"damage_healed":0,"gold_gain":0,"player_choice":"Success","damage_taken":12,"relics_obtained":["sagemod:Singing_Vial"],"max_hp_gain":0,"max_hp_loss":0,"event_name":"Scrap Ooze","floor":11,"gold_loss":0},{"damage_healed":0,"gold_gain":0,"player_choice":"Got Potions","damage_taken":0,"max_hp_gain":0,"max_hp_loss":0,"event_name":"Lab","floor":21,"gold_loss":0},{"damage_healed":0,"gold_gain":0,"player_choice":"Shed Blood","damage_taken":23,"max_hp_gain":5,"max_hp_loss":0,"event_name":"Forgotten Altar","floor":24,"gold_loss":0}],"is_beta":false,"boss_relics":[{"not_picked":["Ring of Chaos","Replay:Drink Me"],"picked":"Replay:Ancient Bell"},{"not_picked":["Nunchaku","ReplayTheSpireMod:Spearhead"],"picked":"Ancient Tea Set"},{"not_picked":["ReplayTheSpireMod:Ninjato","Chameleon Ring"],"picked":"Paper Frog"},{"not_picked":["WingedGreaves","Girya"],"picked":"Durian"}],"items_purged_floors":[],"is_endless":false,"potions_floor_spawned":[3,5,16,18,19,30],"killed_by":"Collector","ascension_level":0}}