{"host":"19tvufa8xx4wr4o1","time":1609021661,"event":{"mods":["AchievementEnabler","BaseMod","Better Sensory Stone","Better Third Choice","Highlight Path","Minty Spire (QoL Compilation)","Relic Stats","StSLib"],"gold_per_floor":[113,40,57,68,68,100,100,159,184,216,238,238,72,99,99,186,258,269,269,269,269,88,88,98,98,121,121,138,152,166,185,185,262,262,276,285,285,285],"floor_reached":37,"playtime":1091,"items_purged":["Strike_R"],"score":660,"play_id":"00e9ac88-bcb1-4e55-8f58-46fa6109000f","local_time":"20201226162741","is_ascension_mode":true,"campfire_choices":[{"data":"Bash","floor":7.0,"key":"SMITH"},{"floor":12.0,"key":"REST"},{"floor":15.0,"key":"REST"},{"data":"Blood for Blood","floor":23,"key":"SMITH"},{"data":"Shockwave","floor":25,"key":"SMITH"},{"data":"Corruption","floor":27,"key":"SMITH"},{"floor":32,"key":"REST"}],"circlet_count":0,"master_deck":["AscendersBane","Bash+1","Iron Wave","Shockwave+1","Wild Strike","Twin Strike","True Grit","Cleave","Rampage","Whirlwind","Corruption+1","Intimidate","Rage","Blood for Blood+1","Evolve","Limit Break","Fire Breathing","Feed","Intimidate","Shrug It Off","Decay"],"relics":["Busted Crown","Bottled Lightning","Vajra","Anchor","CeramicFish","Odd Mushroom","Bronze Scales","Pandora\u0027s Box","Letter Opener","Lee\u0027s Waffle","Blood Vial","SlaversCollar"],"acts_visited":["Exordium","TheCity","TheBeyond"],"potions_floor_usage":[30,33,37],"damage_taken":[{"damage":1.0,"enemies":"Cultist","floor":1.0,"turns":3.0},{"damage":0.0,"enemies":"Jaw Worm","floor":3.0,"turns":3.0},{"damage":0.0,"enemies":"Small Slimes","floor":4.0,"turns":3.0},{"damage":25.0,"enemies":"Lagavulin","floor":6.0,"turns":6.0},{"damage":17.0,"enemies":"Gremlin Nob","floor":8.0,"turns":4.0},{"damage":6.0,"enemies":"The Mushroom Lair","floor":10.0,"turns":3.0},{"damage":2.0,"enemies":"Blue Slaver","floor":11.0,"turns":3.0},{"damage":12.0,"enemies":"Gremlin Nob","floor":14.0,"turns":3.0},{"damage":33.0,"enemies":"The Guardian","floor":16.0,"turns":8.0},{"damage":17.0,"enemies":"3 Byrds","floor":18.0,"turns":4.0},{"damage":14,"enemies":"Shell Parasite","floor":24,"turns":4},{"damage":13,"enemies":"Cultist and Chosen","floor":28,"turns":5},{"damage":13,"enemies":"Centurion and Healer","floor":29,"turns":5},{"damage":4,"enemies":"Snake Plant","floor":30,"turns":3},{"damage":15,"enemies":"Chosen and Byrds","floor":31,"turns":5},{"damage":55,"enemies":"Automaton","floor":33,"turns":10},{"damage":26,"enemies":"3 Darklings","floor":35,"turns":5}],"seed_played":"2351787483623782536","potions_obtained":[{"floor":1.0,"key":"Ancient Potion"},{"floor":3.0,"key":"SkillPotion"},{"floor":11.0,"key":"LiquidBronze"},{"floor":14.0,"key":"Regen Potion"},{"floor":16.0,"key":"BloodPotion"},{"floor":18.0,"key":"LiquidBronze"},{"floor":31,"key":"AttackPotion"},{"floor":33,"key":"ColorlessPotion"}],"is_trial":false,"path_per_floor":["M","$","M","M","T","E","R","?","T","?","M","R","$","E","R","B",null,"M","?","?","?","$","R","M","R","T","R","M","M","M","M","R","B",null,"M","?","M"],"character_chosen":"IRONCLAD","items_purchased":["Shockwave","Rampage","Whirlwind","Lee\u0027s Waffle","Shrug It Off"],"campfire_rested":3,"item_purchase_floors":[2,13,13,22,22],"current_hp_per_floor":[67,67,67,67,67,42,42,25,25,19,17,39,39,27,49,31,64,50,28,28,28,90,90,76,76,76,76,65,54,52,39,66,13,71,47,47,0,0],"gold":285,"neow_bonus":"BOSS_RELIC","is_daily":false,"chose_seed":false,"campfire_upgraded":4,"win_rate":0.0,"timestamp":1609021661,"path_taken":["M","?","M","M","?","E","R","?","T","?","M","R","$","E","R","BOSS","M","?","?","?","$","R","M","R","T","R","M","M","M","?","R","BOSS","M","?","M"],"items_purchased_type":["Card","Card","Card","Relic","Card"],"build_version":"2020-12-22","purchased_purges":1,"victory":false,"max_hp_per_floor":[75,75,75,75,75,75,75,75,75,75,75,75,75,75,75,75,75,78,83,83,83,90,90,90,90,90,90,90,90,90,90,90,90,90,90,90,90,90],"relic_stats":{"Blood Vial":14,"Lee\u0027s Waffle":62,"Busted Crown":34,"counters":[18,85],"CeramicFish":135,"Bronze Scales":[177],"Pandora\u0027s Box":["Intimidate","Rage","Blood for Blood","Evolve","Limit Break","Fire Breathing","Feed","Intimidate"],"Letter Opener":[25],"obtain_stats":[{"Lee\u0027s Waffle":22,"CeramicFish":9,"Vajra":6,"Letter Opener":21,"Odd Mushroom":10,"Burning Blood":0,"Blood Vial":26,"SlaversCollar":34,"Anchor":8,"Busted Crown":0,"Bronze Scales":14,"Pandora\u0027s Box":17,"Bottled Lightning":5},{"Lee\u0027s Waffle":10,"CeramicFish":5,"Vajra":4,"Letter Opener":10,"Odd Mushroom":6,"Burning Blood":0,"Blood Vial":11,"SlaversCollar":16,"Anchor":5,"Busted Crown":0,"Bronze Scales":8,"Pandora\u0027s Box":9,"Bottled Lightning":3},{"Lee\u0027s Waffle":40,"CeramicFish":19,"Vajra":15,"Letter Opener":40,"Odd Mushroom":22,"Burning Blood":0,"Blood Vial":44,"SlaversCollar":72,"Anchor":19,"Busted Crown":0,"Bronze Scales":28,"Pandora\u0027s Box":36,"Bottled Lightning":9}]},"card_choices":[{"not_picked":[],"picked":"Iron Wave","floor":1.0},{"not_picked":["Blood for Blood"],"picked":"SKIP","floor":3.0},{"not_picked":[],"picked":"Wild Strike","floor":4.0},{"not_picked":["Wild Strike"],"picked":"SKIP","floor":6.0},{"not_picked":[],"picked":"Twin Strike","floor":8.0},{"not_picked":[],"picked":"True Grit","floor":10.0},{"not_picked":[],"picked":"Cleave","floor":11.0},{"not_picked":["Reckless Charge"],"picked":"SKIP","floor":14.0},{"not_picked":[],"picked":"Corruption","floor":16.0},{"not_picked":["Headbutt"],"picked":"SKIP","floor":18.0},{"not_picked":["Armaments"],"picked":"SKIP","floor":24},{"not_picked":["Whirlwind"],"picked":"SKIP","floor":28},{"not_picked":["Clash"],"picked":"SKIP","floor":29},{"not_picked":["Cleave"],"picked":"SKIP","floor":30},{"not_picked":["Perfected Strike"],"picked":"SKIP","floor":31},{"not_picked":["Rampage"],"picked":"SKIP","floor":35}],"player_experience":533555,"relics_obtained":[{"floor":5.0,"key":"Bottled Lightning"},{"floor":6.0,"key":"Vajra"},{"floor":8.0,"key":"Anchor"},{"floor":9.0,"key":"CeramicFish"},{"floor":10.0,"key":"Odd Mushroom"},{"floor":14.0,"key":"Bronze Scales"},{"floor":26,"key":"Blood Vial"}],"event_choices":[{"damage_healed":0.0,"max_hp_gain":0.0,"max_hp_loss":0.0,"gold_gain":30.0,"event_name":"Dead Adventurer","player_choice":"Searched \u00272\u0027 times","floor":8.0,"gold_loss":0.0,"damage_taken":0.0},{"damage_healed":0.0,"max_hp_gain":0.0,"max_hp_loss":0.0,"gold_gain":0.0,"event_name":"Mushrooms","player_choice":"Fought Mushrooms","floor":10.0,"gold_loss":0.0,"damage_taken":0.0},{"damage_healed":0.0,"max_hp_gain":5.0,"max_hp_loss":0.0,"gold_gain":0.0,"event_name":"Forgotten Altar","player_choice":"Shed Blood","floor":19.0,"gold_loss":0.0,"damage_taken":27.0},{"damage_healed":0.0,"max_hp_gain":0.0,"max_hp_loss":0.0,"gold_gain":0.0,"event_name":"Ghosts","player_choice":"Ignored","floor":20.0,"gold_loss":0.0,"damage_taken":0.0},{"damage_healed":0,"gold_gain":0,"player_choice":"Gave Potion","damage_taken":0,"relics_obtained":["Letter Opener"],"max_hp_gain":0,"max_hp_loss":0,"event_name":"WeMeetAgain","floor":21,"gold_loss":0},{"damage_healed":0,"gold_gain":0,"player_choice":"Cursed","damage_taken":0,"max_hp_gain":0,"max_hp_loss":0,"event_name":"Wheel of Change","floor":36,"gold_loss":0,"cards_obtained":["Decay"]}],"is_beta":false,"boss_relics":[{"not_picked":["SacredBark","Coffee Dripper"],"picked":"Pandora\u0027s Box"},{"not_picked":["Fusion Hammer","Snecko Eye"],"picked":"SlaversCollar"}],"items_purged_floors":[13],"is_endless":false,"potions_floor_spawned":[1,3,11,14,16,18,31,33],"killed_by":"3 Shapes","ascension_level":15}}