{"host":"utqe55yv0jihe4d6","time":1609000290,"event":{"mods":["2.2 Compatiblity","AchievementEnabler","BaseMod","Block Reminder","Colored Map","Colored Powertips","Minty Spire (QoL Compilation)","Quick Restart","Rare Cards Sparkle","Relic Stats","SuperFastMode"],"gold_per_floor":[366,384,384,394,109,123,123,149,173,173,199,211,211,243,243,320,320,333,333,347,367,367,367],"floor_reached":22,"playtime":830,"items_purged":["Regret"],"score":412,"play_id":"22f522ff-28b8-4a33-bc13-102ba4e7e89e","local_time":"20201226113130","is_ascension_mode":true,"campfire_choices":[{"data":"Eruption","floor":7.0,"key":"SMITH"},{"data":"TalkToTheHand","floor":10.0,"key":"SMITH"},{"data":"Wallop","floor":13.0,"key":"SMITH"},{"data":"FlurryOfBlows","floor":15.0,"key":"SMITH"}],"circlet_count":0,"master_deck":["AscendersBane","Strike_P","Strike_P","Strike_P","Strike_P","Defend_P","Defend_P","Defend_P","Defend_P","Eruption+1","Vigilance","EmptyFist","Crescendo","FlurryOfBlows+1","TalkToTheHand+1","Wallop+1","Consecrate","WaveOfTheHand","Protect","CutThroughFate","FearNoEvil","DevaForm","Worship","Necronomicurse","ClearTheMind+1"],"relics":["PureWater","Damaru","Anchor","Tiny Chest","Runic Pyramid","Necronomicon"],"acts_visited":["Exordium","TheCity"],"potions_floor_usage":[],"damage_taken":[{"damage":2.0,"enemies":"Jaw Worm","floor":1.0,"turns":6.0},{"damage":0.0,"enemies":"Cultist","floor":2.0,"turns":2.0},{"damage":0.0,"enemies":"2 Louse","floor":4.0,"turns":2.0},{"damage":3.0,"enemies":"Large Slime","floor":6.0,"turns":4.0},{"damage":9.0,"enemies":"Gremlin Nob","floor":8.0,"turns":3.0},{"damage":1.0,"enemies":"Lagavulin","floor":11.0,"turns":7.0},{"damage":2.0,"enemies":"Exordium Wildlife","floor":12.0,"turns":4.0},{"damage":2.0,"enemies":"3 Sentries","floor":14.0,"turns":3.0},{"damage":20.0,"enemies":"The Guardian","floor":16.0,"turns":10.0},{"damage":21.0,"enemies":"3 Byrds","floor":18.0,"turns":6.0},{"damage":0,"enemies":"2 Thieves","floor":20,"turns":2},{"damage":4,"enemies":"Centurion and Healer","floor":21,"turns":5},{"damage":6,"enemies":"Snake Plant","floor":22,"turns":3}],"seed_played":"-7171743335836023997","potions_obtained":[{"floor":8.0,"key":"Weak Potion"},{"floor":11.0,"key":"Ambrosia"},{"floor":14.0,"key":"FearPotion"},{"floor":20,"key":"Swift Potion"}],"is_trial":false,"path_per_floor":["M","M","?","M","$","M","R","E","T","R","E","M","R","E","R","B",null,"M","?","M","M","M"],"character_chosen":"WATCHER","items_purchased":["TalkToTheHand","Wallop","AttackPotion"],"campfire_rested":0,"item_purchase_floors":[5,5,5],"current_hp_per_floor":[59,59,59,59,59,56,56,47,47,47,46,44,44,42,42,22,52,31,10,10,6,0,0],"gold":367,"neow_bonus":"TWO_FIFTY_GOLD","is_daily":false,"chose_seed":false,"campfire_upgraded":4,"win_rate":0.0,"timestamp":1609000290,"path_taken":["M","M","?","?","$","M","R","E","T","R","E","M","R","E","R","BOSS","M","?","M","M","M"],"items_purchased_type":["Card","Card","Potion"],"build_version":"2020-12-22","purchased_purges":1,"victory":false,"max_hp_per_floor":[62,62,62,62,62,62,62,62,62,62,62,62,62,62,62,62,62,62,62,62,62,62,62],"relic_stats":{"counters":[13,57],"Tiny Chest":0,"Necronomicon":[2],"obtain_stats":[{"Anchor":9,"Damaru":8,"Tiny Chest":11,"Necronomicon":19,"PureWater":0,"Runic Pyramid":17},{"Anchor":5,"Damaru":5,"Tiny Chest":6,"Necronomicon":10,"PureWater":0,"Runic Pyramid":9},{"Anchor":17,"Damaru":17,"Tiny Chest":24,"Necronomicon":47,"PureWater":0,"Runic Pyramid":41}]},"card_choices":[{"not_picked":["BowlingBash","Vengeance"],"picked":"EmptyFist","floor":1.0},{"not_picked":["EmptyBody","EmptyFist"],"picked":"Crescendo","floor":2.0},{"not_picked":["Prostrate","Halt"],"picked":"FlurryOfBlows","floor":4.0},{"not_picked":["DeusExMachina","EmptyBody"],"picked":"Consecrate","floor":6.0},{"not_picked":["CrushJoints","JustLucky"],"picked":"WaveOfTheHand","floor":8.0},{"not_picked":["Crescendo","InnerPeace"],"picked":"Protect","floor":11.0},{"not_picked":["Worship","Sanctity"],"picked":"CutThroughFate","floor":12.0},{"not_picked":["Perseverance","Collect"],"picked":"FearNoEvil","floor":14.0},{"not_picked":["ConjureBlade","Establishment"],"picked":"DevaForm","floor":16.0},{"not_picked":["FlyingSleeves","Protect"],"picked":"Worship","floor":18.0},{"not_picked":["Nirvana","Evaluate"],"picked":"ClearTheMind+1","floor":20},{"not_picked":["ClearTheMind","Pray","Weave"],"picked":"SKIP","floor":21}],"player_experience":2867504,"relics_obtained":[{"floor":8.0,"key":"Damaru"},{"floor":9.0,"key":"Anchor"},{"floor":11.0,"key":"Tiny Chest"},{"floor":19.0,"key":"Necronomicon"}],"event_choices":[{"damage_healed":0.0,"max_hp_gain":0.0,"max_hp_loss":0.0,"gold_gain":0.0,"event_name":"Match and Keep!","player_choice":"1 cards matched","floor":3.0,"gold_loss":0.0,"damage_taken":0.0,"cards_obtained":["Regret"]},{"damage_healed":0.0,"max_hp_gain":0.0,"max_hp_loss":0.0,"gold_gain":0.0,"event_name":"Cursed Tome","player_choice":"Obtained Book","floor":19.0,"gold_loss":0.0,"damage_taken":21.0}],"is_beta":false,"boss_relics":[{"not_picked":["Tiny House","VioletLotus"],"picked":"Runic Pyramid"}],"items_purged_floors":[5],"is_endless":false,"potions_floor_spawned":[8,11,12,14,16,20],"killed_by":"Snake Plant","ascension_level":20}}