{"host":"ul103bh19qas5vs8","time":1609006076,"event":{"mods":["BaseMod","Downfall","Googly Eyes","Minty Spire (QoL Compilation)","Replay The Spire","Shop Mod","StSLib"],"gold_per_floor":[119,130,55,66,79,105,121,156,156,181,181,199,199,99,99,216,216,255,255,255,301,324,324,362,419,419,485,360,360,417,117,117,439,439,462,485,514,514,239,298,298,356,433,476,543,189,189,237,237,329,329,329,120,189,217],"floor_reached":56,"playtime":2287,"items_purged":["Shame","Eruption","Strike_P","Defend_P","Defend_P","SignatureMove"],"score":1790,"play_id":"0b0c845a-a071-4924-8dc4-948b4c8529f1","local_time":"20201227020756","is_ascension_mode":true,"campfire_choices":[{"data":"Wallop","floor":15.0,"key":"SMITH"},{"data":"Adaptation","floor":23.0,"key":"SMITH"},{"data":"TalkToTheHand","floor":32.0,"key":"SMITH"},{"floor":41.0,"key":"REST"},{"floor":49.0,"key":"RECALL"},{"data":"Tantrum","floor":52.0,"key":"SMITH"}],"circlet_count":0,"master_deck":["Defend_P+1","Vigilance","FearNoEvil","Wallop+1","Adaptation+1","Tantrum+1","Devotion","Evaluate","TalkToTheHand+1","Fasting2+1","Master of Strategy","InnerPeace"],"relics":["PureWater","Nunchaku","Happy Flower","Replay:Bandana","VioletLotus","Red Mask","Bag of Marbles","HornCleat","Regal Pillow","Bag of Preparation","TeardropLocket","MerchantsRug","ReplayTheSpireMod:ShopPack","Oddly Smooth Stone","Art of War","FossilizedHelix"],"acts_visited":["TheCity","TheBeyond","TheEnding"],"potions_floor_usage":[55],"damage_taken":[{"damage":0.0,"enemies":"Cultist","floor":1.0,"turns":2.0},{"damage":4.0,"enemies":"2 Louse","floor":2.0,"turns":3.0},{"damage":1.0,"enemies":"Small Slimes","floor":4.0,"turns":3.0},{"damage":0.0,"enemies":"Blue Slaver","floor":5.0,"turns":5.0},{"damage":32.0,"enemies":"Gremlin Nob","floor":6.0,"turns":3.0},{"damage":0.0,"enemies":"3 Louse","floor":7.0,"turns":4.0},{"damage":10.0,"enemies":"Lagavulin","floor":8.0,"turns":6.0},{"damage":7.0,"enemies":"3 Sentries","floor":10.0,"turns":5.0},{"damage":1.0,"enemies":"Looter","floor":12.0,"turns":2.0},{"damage":0.0,"enemies":"Slime Boss","floor":16.0,"turns":6.0},{"damage":21.0,"enemies":"2 Thieves","floor":18.0,"turns":3.0},{"damage":0.0,"enemies":"3 Byrds","floor":21.0,"turns":3.0},{"damage":0.0,"enemies":"Snake Plant","floor":22.0,"turns":2.0},{"damage":13.0,"enemies":"Centurion and Healer","floor":24.0,"turns":5.0},{"damage":0.0,"enemies":"Masked Bandits","floor":25.0,"turns":2.0},{"damage":2.0,"enemies":"Slavers","floor":27.0,"turns":3.0},{"damage":6.0,"enemies":"Gremlin Leader","floor":30.0,"turns":4.0},{"damage":0.0,"enemies":"Pondfish","floor":33.0,"turns":3.0},{"damage":0.0,"enemies":"Orb Walker","floor":35.0,"turns":1.0},{"damage":24.0,"enemies":"3 Shapes","floor":36.0,"turns":4.0},{"damage":0.0,"enemies":"Spire Growth","floor":37.0,"turns":2.0},{"damage":41.0,"enemies":"R_Hoarder","floor":40.0,"turns":9.0},{"damage":21.0,"enemies":"Nemesis","floor":42.0,"turns":7.0},{"damage":5.0,"enemies":"3 Darklings","floor":44.0,"turns":2.0},{"damage":0.0,"enemies":"Maw","floor":45.0,"turns":4.0},{"damage":2.0,"enemies":"4 Shapes","floor":48.0,"turns":4.0},{"damage":19.0,"enemies":"Replay:Hell Engine","floor":50.0,"turns":3.0},{"damage":0.0,"enemies":"Shield and Spear","floor":54.0,"turns":1.0},{"damage":32,"enemies":"The Heart","floor":55,"turns":8}],"seed_played":"4523935520871926086","potions_obtained":[{"floor":2.0,"key":"BottledMiracle"},{"floor":5.0,"key":"Adrenaline Potion"},{"floor":6.0,"key":"Fire Potion"},{"floor":12.0,"key":"FearPotion"},{"floor":16.0,"key":"Strength Potion"},{"floor":18.0,"key":"ColorlessPotion"},{"floor":24.0,"key":"DistilledChaos"},{"floor":27.0,"key":"Fire Potion"},{"floor":35.0,"key":"Strength Potion"},{"floor":40.0,"key":"Weak Potion"},{"floor":44.0,"key":"Regen Potion"}],"is_trial":false,"path_per_floor":["M","M","$","M","M","E","M","E","T","E","?","M","?","$","R","B",null,"M","?","?","M","M","R","M","?","T","E","$","?","E","$","R","B",null,"M","M","M","?","$","E","R","E","T","M","M","$","?","M","R","B",null,"R","$","E","B",null],"character_chosen":"WATCHER","items_purchased":["Bag of Preparation","BargainBundle","champ:CounterPotion","MerchantsRug","ReplayTheSpireMod:ShopPack","Oddly Smooth Stone","InnerPeace","Art of War","Cursed Concoction"],"campfire_rested":1,"item_purchase_floors":[31,39,39,46,53,53,53,53,53],"current_hp_per_floor":[72,68,68,67,67,35,35,25,25,18,23,22,22,22,22,22,77,56,56,56,56,56,56,43,43,43,41,41,27,21,21,21,21,82,82,58,58,58,58,17,56,35,35,30,30,30,30,28,28,18,82,82,82,82,50],"gold":217,"neow_bonus":"TRANSFORM_TWO_CARDS","is_daily":false,"chose_seed":false,"campfire_upgraded":4,"win_rate":0.0,"timestamp":1609006076,"path_taken":["M","M","$","?","?","E","M","E","T","E","?","M","?","$","R","BOSS","M","?","?","M","M","R","M","?","T","E","$","?","E","$","R","BOSS","M","M","M","?","$","E","R","E","T","M","M","$","?","?","R","BOSS","R","$","E","BOSS"],"items_purchased_type":["Relic","Relic","Potion","Relic","Relic","Relic","Card","Relic","Potion"],"build_version":"2020-12-22","purchased_purges":6,"victory":true,"max_hp_per_floor":[72,72,72,72,72,72,72,72,72,72,77,77,77,77,77,77,77,77,77,77,77,77,77,77,77,77,77,77,82,82,82,82,82,82,82,82,82,82,82,82,82,82,82,82,82,82,82,82,82,82,82,82,82,82,82],"card_choices":[{"not_picked":["FlurryOfBlows","Fasting2"],"picked":"FearNoEvil","floor":1.0},{"not_picked":["ThirdEye","CutThroughFate","Prostrate"],"picked":"SKIP","floor":2.0},{"not_picked":["Consecrate","FearNoEvil","Prostrate"],"picked":"SKIP","floor":4.0},{"not_picked":["Evaluate","Wireheading","Replay:ManipulateFuture"],"picked":"SKIP","floor":5.0},{"not_picked":["FlurryOfBlows","Weave"],"picked":"Wallop","floor":6.0},{"not_picked":["Meditate","CrushJoints","Collect"],"picked":"SKIP","floor":7.0},{"not_picked":["SignatureMove","Study","PathToVictory"],"picked":"SKIP","floor":8.0},{"not_picked":["Study","PathToVictory"],"picked":"SignatureMove","floor":8.0},{"not_picked":["BowlingBash","ConjureBlade"],"picked":"Adaptation","floor":10.0},{"not_picked":["Fasting2","Halt"],"picked":"Tantrum","floor":12.0},{"not_picked":["Prostrate","EmptyBody","Vengeance"],"picked":"SKIP","floor":18.0},{"not_picked":["BowlingBash+1","Crescendo","Replay:AtTheReady"],"picked":"SKIP","floor":21.0},{"not_picked":["EmptyBody","JustLucky","BowlingBash"],"picked":"SKIP","floor":22.0},{"not_picked":["Replay:Hum","Halt","Crescendo+1"],"picked":"SKIP","floor":24.0},{"not_picked":["Meditate","Fasting2"],"picked":"TalkToTheHand","floor":27.0},{"not_picked":["Vengeance","CrushJoints","Judgement"],"picked":"SKIP","floor":30.0},{"not_picked":["FearNoEvil+1","CutThroughFate+1"],"picked":"Fasting2","floor":35.0},{"not_picked":["SandsOfTime","EmptyBody","Replay:BluntJabs+1"],"picked":"SKIP","floor":36.0},{"not_picked":["Evaluate","Protect","Wallop+1"],"picked":"SKIP","floor":37.0},{"not_picked":["Collect","ClearTheMind","Replay:BluntJabs"],"picked":"SKIP","floor":40.0},{"not_picked":["Wish","WheelKick+1","Pray+1"],"picked":"SKIP","floor":42.0},{"not_picked":["LikeWater","CutThroughFate+1","FlurryOfBlows+1"],"picked":"SKIP","floor":44.0},{"not_picked":["BowlingBash","Replay:ManipulateFuture","Alpha"],"picked":"SKIP","floor":45.0},{"not_picked":["Conclude+1","FollowUp","EmptyMind"],"picked":"SKIP","floor":48.0},{"not_picked":["Secret Technique","expansioncontent:DashGenerateEvil"],"picked":"Master of Strategy","floor":53.0},{"not_picked":["CutThroughFate+1","BowlingBash+1","SpiritShield"],"picked":"SKIP","floor":54.0}],"player_experience":128463,"relics_obtained":[{"floor":6.0,"key":"Nunchaku"},{"floor":8.0,"key":"Happy Flower"},{"floor":10.0,"key":"Replay:Bandana"},{"floor":25.0,"key":"Red Mask"},{"floor":26.0,"key":"Bag of Marbles"},{"floor":27.0,"key":"HornCleat"},{"floor":30.0,"key":"Regal Pillow"},{"floor":40.0,"key":"ReplayFunnel"},{"floor":40.0,"key":"Simple Rune"},{"floor":42.0,"key":"Pocketwatch"},{"floor":42.0,"key":"TeardropLocket"},{"floor":43.0,"key":"StrikeDummy"},{"floor":54.0,"key":"FossilizedHelix"}],"event_choices":[{"damage_healed":0.0,"max_hp_gain":5.0,"max_hp_loss":0.0,"gold_gain":0.0,"event_name":"Big Fish","player_choice":"Donut","floor":11.0,"gold_loss":0.0,"damage_taken":0.0},{"damage_healed":0.0,"max_hp_gain":0.0,"max_hp_loss":0.0,"gold_gain":0.0,"event_name":"Liars Game","player_choice":"Ignored","floor":13.0,"gold_loss":0.0,"damage_taken":0.0},{"damage_healed":0.0,"max_hp_gain":0.0,"max_hp_loss":0.0,"gold_gain":0.0,"cards_transformed":["Strike_P","Defend_P"],"event_name":"Drug Dealer","player_choice":"Became Test Subject","floor":19.0,"gold_loss":0.0,"damage_taken":0.0,"cards_obtained":["Devotion","Evaluate"]},{"damage_healed":0.0,"max_hp_gain":0.0,"max_hp_loss":0.0,"gold_gain":0.0,"event_name":"Vampires","player_choice":"Ignored","floor":20.0,"gold_loss":0.0,"damage_taken":0.0},{"damage_healed":0.0,"max_hp_gain":0.0,"max_hp_loss":0.0,"gold_gain":0.0,"event_name":"Masked Bandits","player_choice":"Fought Bandits","floor":25.0,"gold_loss":0.0,"damage_taken":0.0},{"damage_healed":0.0,"max_hp_gain":5.0,"max_hp_loss":0.0,"gold_gain":0.0,"event_name":"Forgotten Altar","player_choice":"Shed Blood","floor":29.0,"gold_loss":0.0,"damage_taken":19.0},{"damage_healed":0.0,"max_hp_gain":0.0,"max_hp_loss":0.0,"gold_gain":0.0,"event_name":"Mysterious Sphere","player_choice":"Ignored","floor":38.0,"gold_loss":0.0,"damage_taken":0.0},{"damage_healed":0.0,"max_hp_gain":0.0,"max_hp_loss":0.0,"gold_gain":0.0,"event_name":"Accursed Blacksmith","player_choice":"Forge","floor":47.0,"gold_loss":0.0,"damage_taken":0.0,"cards_upgraded":["Fasting2"]}],"is_beta":false,"boss_relics":[{"not_picked":["Replay:Drink Me","Honey Jar"],"picked":"VioletLotus"},{"not_picked":["Philosopher\u0027s Stone","Replay:Wanted Poster"],"picked":"Black Star"}],"items_purged_floors":[3,14,28,31,39,46],"is_endless":false,"potions_floor_spawned":[2,5,6,12,16,18,24,27,35,40,44],"ascension_level":4}}