{"host":"ec09novo68szpe7d","time":1609020058,"event":{"mods":["AchievementEnabler","BaseMod","Bestiary","Minty Spire (QoL Compilation)","StSLib"],"gold_per_floor":[111,111,11,21,34,64,64,95,143,173,173,193,228,240,240,343,343,283,283,193,193,193,193,193,193,193,193,193,193],"floor_reached":28,"playtime":1976,"items_purged":["Strike_B"],"score":392,"play_id":"1f592559-1560-4878-92e5-1fe99ea53f74","local_time":"20201226230058","is_ascension_mode":true,"campfire_choices":[{"floor":7.0,"key":"REST"},{"data":"Go for the Eyes","floor":15.0,"key":"SMITH"},{"floor":23.0,"key":"REST"}],"circlet_count":0,"master_deck":["Strike_B","Defend_B","Defend_B","Defend_B","Defend_B","Zap+1","Dualcast","Rebound","Go for the Eyes+1","Hello World","Gash","Streamline","FTL","Rebound","Gash","Echo Form","Gash","Hologram+1","Self Repair","Gash"],"relics":["Cracked Core","Pear","Strawberry","Toy Ornithopter","Lantern","Cables","Ectoplasm","PreservedInsect","Blood Vial","Juzu Bracelet"],"acts_visited":["Exordium","TheCity"],"potions_floor_usage":[],"damage_taken":[{"damage":4.0,"enemies":"2 Louse","floor":1.0,"turns":2.0},{"damage":0.0,"enemies":"Cultist","floor":4.0,"turns":3.0},{"damage":2.0,"enemies":"Jaw Worm","floor":5.0,"turns":4.0},{"damage":20.0,"enemies":"Gremlin Nob","floor":6.0,"turns":4.0},{"damage":19.0,"enemies":"Lagavulin","floor":8.0,"turns":5.0},{"damage":17.0,"enemies":"Gremlin Nob","floor":10.0,"turns":4.0},{"damage":0.0,"enemies":"2 Fungi Beasts","floor":12.0,"turns":2.0},{"damage":10.0,"enemies":"3 Sentries","floor":13.0,"turns":6.0},{"damage":14.0,"enemies":"Red Slaver","floor":14.0,"turns":2.0},{"damage":33.0,"enemies":"Slime Boss","floor":16.0,"turns":8.0},{"damage":29.0,"enemies":"2 Thieves","floor":18.0,"turns":3.0},{"damage":18.0,"enemies":"Shell Parasite","floor":21.0,"turns":4.0},{"damage":21.0,"enemies":"3 Cultists","floor":22.0,"turns":5.0},{"damage":9.0,"enemies":"Centurion and Healer","floor":24.0,"turns":5.0},{"damage":23.0,"enemies":"Slavers","floor":25.0,"turns":5.0},{"damage":15.0,"enemies":"Gremlin Leader","floor":27.0,"turns":6.0},{"damage":45,"enemies":"Shelled Parasite and Fungi","floor":28,"turns":3}],"seed_played":"8201243643471804786","potions_obtained":[{"floor":1.0,"key":"Block Potion"},{"floor":6.0,"key":"Swift Potion"},{"floor":8.0,"key":"SpeedPotion"},{"floor":12.0,"key":"Swift Potion"},{"floor":14.0,"key":"Block Potion"},{"floor":18.0,"key":"LiquidMemories"},{"floor":24.0,"key":"Regen Potion"}],"is_trial":false,"path_per_floor":["M","?","$","M","M","E","R","E","T","E","?","M","E","M","R","B",null,"M","?","?","M","M","R","M","E","T","E","M"],"character_chosen":"DEFECT","items_purchased":["Go for the Eyes"],"campfire_rested":2,"item_purchase_floors":[3],"current_hp_per_floor":[64,64,64,64,62,52,81,69,69,57,57,57,52,38,38,10,106,77,55,55,37,21,54,45,27,27,41,0,0],"gold":193,"neow_bonus":"TWENTY_PERCENT_HP_BONUS","is_daily":false,"chose_seed":false,"campfire_upgraded":1,"win_rate":0.0,"timestamp":1609020058,"path_taken":["M","?","?","M","M","E","R","E","T","E","?","M","E","M","R","BOSS","M","?","?","M","?","R","M","E","T","E","M"],"items_purchased_type":["Card"],"build_version":"2020-12-22","purchased_purges":1,"victory":false,"max_hp_per_floor":[89,89,89,89,89,99,99,106,106,106,106,106,106,106,106,106,106,106,111,111,111,111,111,111,111,111,111,111,111],"card_choices":[{"not_picked":["Force Field","Heatsinks"],"picked":"Rebound","floor":1.0},{"not_picked":["Undo","Go for the Eyes"],"picked":"Hello World","floor":4.0},{"not_picked":["Conserve Battery","Heatsinks"],"picked":"Gash","floor":5.0},{"not_picked":["Cold Snap","Barrage"],"picked":"Streamline","floor":6.0},{"not_picked":["Force Field","Doom and Gloom","Meteor Strike"],"picked":"SKIP","floor":8.0},{"not_picked":["Reprogram","Lockon"],"picked":"FTL","floor":10.0},{"not_picked":["Go for the Eyes","Recycle"],"picked":"Rebound","floor":12.0},{"not_picked":["Aggregate","Stack","Sweeping Beam"],"picked":"SKIP","floor":13.0},{"not_picked":["Streamline","Rebound"],"picked":"Gash","floor":14.0},{"not_picked":["Multi-Cast","Core Surge"],"picked":"Echo Form","floor":16.0},{"not_picked":["Cold Snap","Recycle"],"picked":"Gash","floor":18.0},{"not_picked":["Streamline","White Noise+1","Rip and Tear"],"picked":"SKIP","floor":21.0},{"not_picked":["Conserve Battery","Ball Lightning","Cold Snap+1"],"picked":"SKIP","floor":22.0},{"not_picked":["Darkness","Sunder"],"picked":"Hologram+1","floor":24.0},{"not_picked":["Barrage+1","Sweeping Beam"],"picked":"Self Repair","floor":25.0},{"not_picked":["Leap","Hologram"],"picked":"Gash","floor":27.0}],"player_experience":212264,"relics_obtained":[{"floor":6.0,"key":"Pear"},{"floor":8.0,"key":"Strawberry"},{"floor":9.0,"key":"Toy Ornithopter"},{"floor":10.0,"key":"Lantern"},{"floor":13.0,"key":"Cables"},{"floor":25.0,"key":"PreservedInsect"},{"floor":26.0,"key":"Blood Vial"},{"floor":27.0,"key":"Juzu Bracelet"}],"event_choices":[{"cards_removed":["Strike_B"],"damage_healed":0.0,"max_hp_gain":0.0,"max_hp_loss":0.0,"gold_gain":0.0,"event_name":"Purifier","player_choice":"Purged","floor":2.0,"gold_loss":0.0,"damage_taken":0.0},{"damage_healed":0.0,"max_hp_gain":0.0,"max_hp_loss":0.0,"gold_gain":0.0,"event_name":"Liars Game","player_choice":"Ignored","floor":11.0,"gold_loss":0.0,"damage_taken":0.0},{"damage_healed":0.0,"max_hp_gain":5.0,"max_hp_loss":0.0,"gold_gain":0.0,"event_name":"Forgotten Altar","player_choice":"Shed Blood","floor":19.0,"gold_loss":0.0,"damage_taken":27.0},{"cards_removed":["Strike_B"],"damage_healed":0.0,"max_hp_gain":0.0,"max_hp_loss":0.0,"gold_gain":0.0,"event_name":"Designer","player_choice":"Upgrade and Remove","floor":20.0,"gold_loss":90.0,"damage_taken":0.0,"cards_upgraded":["Zap"]}],"is_beta":false,"boss_relics":[{"not_picked":["Coffee Dripper","Cursed Key"],"picked":"Ectoplasm"}],"items_purged_floors":[3],"is_endless":false,"potions_floor_spawned":[1,6,8,12,14,18,24],"killed_by":"Shelled Parasite and Fungi","ascension_level":2}}