{"host":"pr6x8hyknev46vut","time":1609002793,"event":{"mods":["BaseMod","Colored Map","Downfall","Googly Eyes","Hermit","Highlight Path","Minty Spire (QoL Compilation)","Permanent Neow","Replay The Spire","Shop Mod","StSLib","The Bug Knight","The Construct","The Cursed","The Disciple","The Necromancer","The Runesmith","The Servant 0.9.4","[IsaacMod]????"],"gold_per_floor":[110,110,128,146,96,121,139,139,190,190,206,219,9,26,26,123,123,137,149,149,149,165,197,197,208,208,234,234,246,332,332,332,332,332],"floor_reached":33,"playtime":2889,"items_purged":[],"score":319,"play_id":"81c027d4-7dfd-4289-b0b1-d492ca0b446b","local_time":"20201226181313","is_ascension_mode":false,"campfire_choices":[{"data":"PrimeTime","floor":8,"key":"SMITH"},{"floor":10,"key":"REST"},{"floor":15,"key":"REST"},{"floor":24,"key":"REST"},{"floor":28,"key":"REST"},{"data":"HandsUpC","floor":32,"key":"SMITH"}],"circlet_count":0,"master_deck":["Strike_Br","Strike_Br","Strike_Br","Defend_Br","Defend_Br","Defend_Br","SecondHand","PatternShift","Swift Strike","LockedAnchor","HandsUpC","PrimeTime+1","ResonantCall","ExoVibe","CrunchTime","Parity","AlternateTimeline","LockedFlame","LockedAnchor+1","Chronoelasticity","Engulf","BlueShift+1","HandsUpC+1","ReplayTheSpireMod:Splinters","HandsUpC+1","Accruing","Decay"],"relics":["Chronometer","HushsDoor","KeepersGift","Tornado?","Replay:Ringing Soul","Nunchaku","Replay:Baseball","Runic Pyramid","SpringShield","Bronze Scales"],"acts_visited":["Exordium","TheCity"],"potions_floor_usage":[16,16,25,33,33],"damage_taken":[{"damage":0,"enemies":"Small Slimes","floor":1,"turns":3},{"damage":1,"enemies":"2 Louse","floor":3,"turns":5},{"damage":4,"enemies":"Jaw Worm","floor":4,"turns":5},{"damage":22,"enemies":"Lagavulin","floor":6,"turns":8},{"damage":1,"enemies":"3 Louse","floor":7,"turns":3},{"damage":9,"enemies":"Large Slime","floor":11,"turns":6},{"damage":0,"enemies":"Blue Slaver","floor":12,"turns":4},{"damage":23,"enemies":"Gremlin Gang","floor":14,"turns":6},{"damage":31,"enemies":"Hexaghost","floor":16,"turns":12},{"damage":15,"enemies":"Spheric Guardian","floor":18,"turns":3},{"damage":5,"enemies":"Chosen","floor":19,"turns":5},{"damage":6,"enemies":"Snecko","floor":22,"turns":6},{"damage":49,"enemies":"Slavers","floor":23,"turns":7},{"damage":7,"enemies":"Centurion and Healer","floor":25,"turns":10},{"damage":26,"enemies":"Sentry and Sphere","floor":29,"turns":8},{"damage":79,"enemies":"Champ","floor":33,"turns":10}],"seed_played":"7924880070901191479","potions_obtained":[{"floor":1,"key":"Elixir"},{"floor":7,"key":"Elixir"},{"floor":14,"key":"AttackPotion"},{"floor":23,"key":"GamblersBrew"},{"floor":25,"key":"Fruit Juice"}],"is_trial":false,"path_per_floor":["M","?","M","M","?","E","M","R","T","R","M","M","$","M","R","B",null,"M","M","?","?","M","E","R","M","T","T","R","M","?","?","R_BF","B"],"character_chosen":"CHRONO_CLASS","items_purchased":["Replay:Baseball","AlternateTimeline"],"campfire_rested":4,"item_purchase_floors":[13,13],"current_hp_per_floor":[65,65,64,60,60,41,43,43,43,64,58,61,64,44,68,40,86,71,69,72,72,66,20,48,46,46,46,76,53,56,59,59,0,0],"gold":332,"neow_bonus":"RANDOM_COLORLESS","is_daily":false,"chose_seed":false,"campfire_upgraded":2,"win_rate":0.0,"timestamp":1609002793,"path_taken":["M","?","M","M","?","E","M","R","T","R","M","M","$","M","R","BOSS","M","M","?","?","M","E","R","M","T","?","R","?","?","?","R_BF","BOSS"],"items_purchased_type":["Relic","Card"],"build_version":"2020-12-22","purchased_purges":0,"victory":false,"max_hp_per_floor":[65,65,65,65,65,68,71,71,71,71,74,77,80,83,83,86,86,86,89,92,92,92,95,95,100,100,100,100,103,106,109,109,109,109],"card_choices":[{"not_picked":["Good Instincts","expansioncontent:HyperBeam"],"picked":"Swift Strike","floor":0},{"not_picked":["Bomb","PrimeTime"],"picked":"LockedAnchor","floor":1},{"not_picked":["LockedMedicine","Break"],"picked":"HandsUpC","floor":3},{"not_picked":["SlimeSpray","LockedMedicine"],"picked":"PrimeTime","floor":4},{"not_picked":["Bomb","BlueShift"],"picked":"ResonantCall","floor":6},{"not_picked":["LockedCalendar","ShortSighted"],"picked":"ExoVibe","floor":7},{"not_picked":["Engulf","PrimeTime"],"picked":"CrunchTime","floor":11},{"not_picked":["LockedWarPaint","Echoward"],"picked":"Parity","floor":12},{"not_picked":["ExoVibe","HandsUpB"],"picked":"Tempo","floor":14},{"not_picked":["LockedCalendar","Fragmentalize"],"picked":"LockedFlame","floor":16},{"not_picked":["Echoward+1","Recurrance","WindUp"],"picked":"SKIP","floor":18},{"not_picked":["Engulf","PrimeTime"],"picked":"LockedAnchor+1","floor":19},{"not_picked":["BiteCommand","LockedPlans+1","LockedMercury"],"picked":"SKIP","floor":22},{"not_picked":["LockedTornado","HandsUpB+1"],"picked":"BlueShift+1","floor":23},{"not_picked":["BiteCommand","HandsUpB","LockedWarPaint"],"picked":"SKIP","floor":25},{"not_picked":["Cuckoo","WakeUpCall"],"picked":"HandsUpC","floor":29},{"not_picked":["Keepsakes+1","LockedMedicine"],"picked":"HandsUpC+1","floor":30},{"not_picked":["Goo+1","ShortSighted"],"picked":"Accruing","floor":30}],"player_experience":19331,"relics_obtained":[{"floor":6,"key":"Replay:Ringing Soul"},{"floor":9,"key":"Nunchaku"},{"floor":27,"key":"SpringShield"},{"floor":30,"key":"Bronze Scales"}],"event_choices":[{"cards_removed":["Defend_Br"],"damage_healed":0,"gold_gain":0,"player_choice":"Card Removal","damage_taken":0,"max_hp_gain":0,"max_hp_loss":0,"event_name":"The Cleric","floor":5,"gold_loss":50},{"damage_healed":0,"gold_gain":0,"cards_transformed":["Allargando","Strike_Br"],"player_choice":"Became Test Subject","damage_taken":0,"max_hp_gain":0,"max_hp_loss":0,"event_name":"Drug Dealer","floor":20,"gold_loss":0,"cards_obtained":["Chronoelasticity","Engulf"]},{"damage_healed":0,"gold_gain":0,"player_choice":"Smashed Altar","damage_taken":0,"max_hp_gain":0,"max_hp_loss":0,"event_name":"Forgotten Altar","floor":31,"gold_loss":0,"cards_obtained":["Decay"]}],"is_beta":false,"boss_relics":[{"not_picked":["construct:WeddingRing","Velvet Choker"],"picked":"Runic Pyramid"},{"not_picked":[]}],"items_purged_floors":[],"is_endless":false,"potions_floor_spawned":[1,7,14,23,25],"killed_by":"Champ","ascension_level":0}}