{"host":"w3q5ijqu8eoknil3","time":1609005734,"event":{"mods":["AchievementEnabler","BaseMod","Block Reminder","Colored Powertips","Minty Spire (QoL Compilation)","Quick Restart","Relic Stats","ojb\u0027s Better Paths Mod","ojb\u0027s Info Mod","slay the spire mod where everything is the same but ironclad has a cowboy hat"],"gold_per_floor":[115,115,115,115,128,128,167,167,249,289,310,323,23,23,23,23,23],"floor_reached":16,"playtime":707,"items_purged":["Strike_R"],"score":216,"play_id":"82ca5351-af16-4b6e-a011-8c5f9957b5dc","local_time":"20201226180214","is_ascension_mode":true,"campfire_choices":[{"data":"Uppercut","floor":6,"key":"SMITH"},{"data":"True Grit","floor":8,"key":"SMITH"},{"data":"Havoc","floor":15,"key":"SMITH"}],"circlet_count":0,"master_deck":["AscendersBane","Strike_R","Strike_R","Strike_R","Defend_R","Defend_R","Defend_R","Bash","Rampage","Uppercut+1","Clothesline","True Grit+1","Thunderclap","Havoc+1","Intimidate","Shrug It Off"],"relics":["Runic Pyramid","Golden Idol","Toy Ornithopter","Pear","Potion Belt","Medical Kit"],"acts_visited":["Exordium"],"potions_floor_usage":[10,10,16,16],"damage_taken":[{"damage":1,"enemies":"2 Louse","floor":1,"turns":4},{"damage":7,"enemies":"Small Slimes","floor":5,"turns":3},{"damage":24,"enemies":"Gremlin Nob","floor":7,"turns":4},{"damage":9,"enemies":"3 Sentries","floor":10,"turns":12},{"damage":0,"enemies":"Cultist","floor":11,"turns":3},{"damage":8,"enemies":"2 Fungi Beasts","floor":12,"turns":3},{"damage":51,"enemies":"The Guardian","floor":16,"turns":13}],"seed_played":"1468808085910250883","potions_obtained":[{"floor":1,"key":"HeartOfIron"},{"floor":5,"key":"BlessingOfTheForge"},{"floor":10,"key":"SneckoOil"},{"floor":11,"key":"Ancient Potion"}],"is_trial":false,"path_per_floor":["M","?","?","?","M","R","E","R","T","E","M","M","$","?","R","B"],"character_chosen":"IRONCLAD","items_purchased":["Medical Kit","Shrug It Off"],"campfire_rested":0,"item_purchase_floors":[13,13],"current_hp_per_floor":[67,67,67,67,60,60,36,36,46,47,47,39,39,39,39,0,0],"gold":23,"neow_bonus":"BOSS_RELIC","is_daily":false,"chose_seed":false,"campfire_upgraded":3,"win_rate":0.0,"timestamp":1609005734,"path_taken":["M","?","?","?","M","R","E","R","T","E","M","M","$","?","R","BOSS"],"items_purchased_type":["Relic","Card"],"build_version":"2020-12-22","purchased_purges":1,"victory":false,"max_hp_per_floor":[75,68,68,68,68,68,68,68,78,78,78,78,78,78,78,78,78],"relic_stats":{"counters":[7,42],"Golden Idol":26,"Medical Kit":[0],"obtain_stats":[{"Potion Belt":10,"Pear":9,"Golden Idol":2,"Medical Kit":13,"Burning Blood":0,"Toy Ornithopter":7,"Runic Pyramid":0},{"Potion Belt":4,"Pear":3,"Golden Idol":1,"Medical Kit":6,"Burning Blood":0,"Toy Ornithopter":3,"Runic Pyramid":0},{"Potion Belt":23,"Pear":11,"Golden Idol":4,"Medical Kit":29,"Burning Blood":0,"Toy Ornithopter":11,"Runic Pyramid":0}],"Toy Ornithopter":20},"card_choices":[{"not_picked":["Burning Pact","Body Slam"],"picked":"Rampage","floor":1},{"not_picked":["Entrench","Heavy Blade"],"picked":"Clothesline","floor":5},{"not_picked":["Twin Strike","Pummel"],"picked":"True Grit","floor":7},{"not_picked":["Wild Strike","Rampage"],"picked":"Thunderclap","floor":10},{"not_picked":["Bloodletting","Warcry"],"picked":"Havoc","floor":11},{"not_picked":["Sentinel","Blood for Blood"],"picked":"Intimidate","floor":12}],"player_experience":951859,"relics_obtained":[{"floor":7,"key":"Toy Ornithopter"},{"floor":9,"key":"Pear"},{"floor":10,"key":"Potion Belt"}],"event_choices":[{"damage_healed":0,"gold_gain":0,"player_choice":"Lose Max HP","damage_taken":0,"relics_obtained":["Golden Idol"],"max_hp_gain":0,"max_hp_loss":7,"event_name":"Golden Idol","floor":2,"gold_loss":0},{"damage_healed":0,"gold_gain":0,"player_choice":"Leave","damage_taken":0,"max_hp_gain":0,"max_hp_loss":0,"event_name":"The Cleric","floor":3,"gold_loss":0},{"damage_healed":0,"gold_gain":0,"cards_transformed":["Strike_R"],"player_choice":"Change","damage_taken":0,"max_hp_gain":0,"max_hp_loss":0,"event_name":"Living Wall","floor":4,"gold_loss":0,"cards_obtained":["Uppercut"]},{"cards_removed":["Defend_R"],"damage_healed":0,"gold_gain":0,"player_choice":"Purged","damage_taken":0,"max_hp_gain":0,"max_hp_loss":0,"event_name":"Purifier","floor":14,"gold_loss":0}],"is_beta":false,"boss_relics":[],"items_purged_floors":[13],"is_endless":false,"potions_floor_spawned":[1,5,10,11],"killed_by":"The Guardian","ascension_level":20}}