{"host":"o7j6aatxjwpw1421","time":1609001488,"event":{"mods":["2.2 Compatiblity","AchievementEnabler","BaseMod","Colored Map","DeckTracker","Highlight Path","Keyboard Shortcuts","Minty Spire (QoL Compilation)","Permanent Neow","Quick Restart","StSLib","SuperFastMode","everything is the same but u backflip on backflip"],"gold_per_floor":[113,113,113,74,90,115,115,129,129,164,164,339,360,379,379,457,457,476,494,494,494,494,494],"floor_reached":22,"playtime":724,"items_purged":[],"score":369,"play_id":"e639a3d3-65f8-40da-817a-45a5499ba58f","local_time":"20201227015128","is_ascension_mode":true,"campfire_choices":[{"data":"Blood for Blood","floor":7.0,"key":"SMITH"},{"data":"Body Slam","floor":11.0,"key":"SMITH"},{"data":"Evolve","floor":15.0,"key":"SMITH"}],"circlet_count":0,"master_deck":["AscendersBane","Defend_R","Defend_R","Defend_R","Defend_R","Bash","Pommel Strike+1","Blood for Blood+1","Headbutt","Body Slam+1","Uppercut","Doubt","Evolve+1","Feed","Entrench+1","Wild Strike+1","Bloodletting+1","Shrug It Off","Disarm","Second Wind","Writhe"],"relics":["Burning Blood","NeowsBlessing","White Beast Statue","Potion Belt","Blue Candle","Odd Mushroom","Astrolabe","Question Card"],"acts_visited":["Exordium","TheCity"],"potions_floor_usage":[22],"damage_taken":[{"damage":0.0,"enemies":"2 Louse","floor":1.0,"turns":1.0},{"damage":0.0,"enemies":"Jaw Worm","floor":5.0,"turns":1.0},{"damage":0.0,"enemies":"Lagavulin","floor":6.0,"turns":1.0},{"damage":7.0,"enemies":"Small Slimes","floor":8.0,"turns":2.0},{"damage":25.0,"enemies":"3 Sentries","floor":10.0,"turns":5.0},{"damage":38.0,"enemies":"The Mushroom Lair","floor":13.0,"turns":6.0},{"damage":7.0,"enemies":"Looter","floor":14.0,"turns":2.0},{"damage":13.0,"enemies":"Hexaghost","floor":16.0,"turns":6.0},{"damage":34.0,"enemies":"Spheric Guardian","floor":18.0,"turns":4.0},{"damage":28.0,"enemies":"3 Byrds","floor":19.0,"turns":4.0},{"damage":0,"enemies":"Centurion and Healer","floor":22,"turns":5}],"seed_played":"8236658943957702308","potions_obtained":[{"floor":5.0,"key":"BloodPotion"},{"floor":6.0,"key":"PowerPotion"},{"floor":10.0,"key":"BlessingOfTheForge"},{"floor":13.0,"key":"ColorlessPotion"},{"floor":14.0,"key":"Explosive Potion"},{"floor":16.0,"key":"Energy Potion"},{"floor":18.0,"key":"Ancient Potion"},{"floor":19.0,"key":"Dexterity Potion"}],"is_trial":false,"path_per_floor":["M","?","$","$","M","E","R","M","T","E","R","?","?","M","R","B",null,"M","M","?","?","M"],"character_chosen":"IRONCLAD","items_purchased":["Blood for Blood"],"campfire_rested":0,"item_purchase_floors":[4],"current_hp_per_floor":[74,59,59,59,65,71,71,70,70,51,51,51,19,33,33,26,63,35,13,13,13,13,13],"gold":494,"neow_bonus":"THREE_ENEMY_KILL","is_daily":false,"chose_seed":false,"campfire_upgraded":3,"win_rate":0.0,"timestamp":1609001488,"path_taken":["M","?","?","$","M","E","R","?","T","E","R","?","?","M","R","BOSS","M","M","?","?","M"],"items_purchased_type":["Card"],"build_version":"2020-12-22","purchased_purges":0,"victory":false,"max_hp_per_floor":[75,75,75,75,75,75,75,75,75,75,75,75,75,75,75,75,75,75,75,75,75,75,75],"card_choices":[{"not_picked":["Clash","Wild Strike"],"picked":"Pommel Strike","floor":1.0},{"not_picked":["Metallicize","Warcry"],"picked":"Headbutt","floor":5.0},{"not_picked":["Cleave","Shrug It Off"],"picked":"Body Slam","floor":6.0},{"not_picked":["Heavy Blade","Dark Embrace"],"picked":"Uppercut","floor":8.0},{"not_picked":["Searing Blow","Infernal Blade","Clothesline"],"picked":"SKIP","floor":10.0},{"not_picked":["Perfected Strike","Body Slam"],"picked":"Evolve","floor":13.0},{"not_picked":["Flex","Dropkick","Spot Weakness"],"picked":"SKIP","floor":14.0},{"not_picked":["Corruption","Double Tap"],"picked":"Feed","floor":16.0},{"not_picked":["True Grit","Heavy Blade"],"picked":"Shrug It Off","floor":18.0},{"not_picked":["Perfected Strike","Iron Wave","Warcry"],"picked":"SKIP","floor":19.0}],"player_experience":386147,"relics_obtained":[{"floor":6.0,"key":"White Beast Statue"},{"floor":9.0,"key":"Potion Belt"},{"floor":10.0,"key":"Blue Candle"},{"floor":13.0,"key":"Odd Mushroom"}],"event_choices":[{"damage_healed":0.0,"max_hp_gain":0.0,"max_hp_loss":0.0,"gold_gain":0.0,"event_name":"Shining Light","player_choice":"Entered Light","floor":2.0,"gold_loss":0.0,"damage_taken":15.0,"cards_upgraded":["Pommel Strike","Strike_R"]},{"damage_healed":0.0,"max_hp_gain":0.0,"max_hp_loss":0.0,"gold_gain":175.0,"event_name":"Liars Game","player_choice":"AGREE","floor":12.0,"gold_loss":0.0,"damage_taken":0.0,"cards_obtained":["Doubt"]},{"damage_healed":0.0,"max_hp_gain":0.0,"max_hp_loss":0.0,"gold_gain":0.0,"event_name":"Mushrooms","player_choice":"Fought Mushrooms","floor":13.0,"gold_loss":0.0,"damage_taken":0.0},{"damage_healed":0.0,"max_hp_gain":0.0,"max_hp_loss":0.0,"gold_gain":0.0,"cards_transformed":["Strike_R","Strike_R"],"event_name":"Drug Dealer","player_choice":"Became Test Subject","floor":20.0,"gold_loss":0.0,"damage_taken":0.0,"cards_obtained":["Disarm","Second Wind"]},{"damage_healed":0.0,"max_hp_gain":0.0,"max_hp_loss":0.0,"gold_gain":0.0,"event_name":"The Mausoleum","player_choice":"Opened","floor":21.0,"gold_loss":0.0,"damage_taken":0.0,"relics_obtained":["Question Card"],"cards_obtained":["Writhe"]}],"is_beta":false,"boss_relics":[{"not_picked":["Runic Dome","Velvet Choker"],"picked":"Astrolabe"}],"items_purged_floors":[],"is_endless":false,"potions_floor_spawned":[5,6,8,10,13,14,16,18,19],"killed_by":"Centurion and Healer","ascension_level":14}}