{"host":"vm8b3ptwl81uq21f","time":1609009351,"event":{"mods":["BaseMod","BetterRewards","Colored Map","Colored Powertips","Downfall","GifTheSpireLib","Googly Eyes","GungeonMod","Halation","Hubris","Infinite Spire","Minty Spire (QoL Compilation)","Quick Restart","Rare Cards Sparkle","Replay The Spire","Shop Mod","StSLib","Stuff the Spire","The Bug Knight","The IronCluck","[IsaacMod]????"],"gold_per_floor":[115,129,192,46,46,78,100,112,124,147,174,186,213,238,250,366,378,408,433,445,807,819,831,862,874,964,976,193,206,206,206,206,309,309,323,323,22,42,59,59,59,74,74,74,21,41,89,103,103,103],"floor_reached":51,"playtime":2162,"items_purged":["Looming Evil"],"score":799,"play_id":"6b135a92-9fa7-4a75-a794-a60036e19b4e","local_time":"20201226140231","is_ascension_mode":false,"campfire_choices":[{"data":"Zap","floor":8,"key":"SMITH"},{"data":"Defragment","floor":12,"key":"SMITH"},{"data":"Defragment","floor":15,"key":"SMITH"},{"data":"StuffTheSpire:Synthwave","floor":23,"key":"SMITH"},{"data":"Dualcast","floor":25,"key":"SMITH"},{"data":"StuffTheSpire:SnapShoot","floor":30,"key":"SMITH"},{"data":"ReplaySolidLightProjector","floor":32,"key":"SMITH"},{"data":"Conserve Battery","floor":40,"key":"SMITH"},{"data":"Defend_B","floor":44,"key":"SMITH"}],"circlet_count":0,"master_deck":["Strike_B+1","Strike_B+1","Strike_B+1","Strike_B+1","Defend_B+1","Defend_B+1","Defend_B+1","Zap+1","Dualcast+1","ReplayTheSpireMod:Calculation Training+1","Defragment+1","Defragment+1","Mirror Shield+1","hubris:Ukulele+1","Compile Driver+1","Tempest+1","Cold Snap+1","Storm+1","Amplify+1","FIFO Queue+1","StuffTheSpire:Synthwave+1","Conserve Battery+1","Parasite","StuffTheSpire:GnomedCurse","ReplaySolidLightProjector+1","Looming Evil","ElectricPowerLearning+1","StuffTheSpire:Snapshot+1","Conserve Battery+1","Capacitor+1","StuffTheSpire:Plugnplay+1","StuffTheSpire:Plugnplay","Static Discharge","Slimebound:Icky","Double Energy+1","Hologram+1"],"relics":["Cracked Core","HushsDoor","BookOfRevelations","UnicornStump","Anchor","hubris:Towel","DemoMod:SerJunkan","halation:HeavySnake","Ring of Greed","Ring of Panic","Replay:Wax Seal","DemoMod:Junk","Orichalcum","Toy Ornithopter","ClockworkSouvenir","MerchantsRug","hubris:Backtick","Mummified Hand","Guide Book","Happy Flower","halation:PinkSoulGem","Thread and Needle"],"acts_visited":["Exordium","TheCity","TheBeyond"],"potions_floor_usage":[6,16,16,29,31,33,38,47,50,50],"damage_taken":[{"damage":1,"enemies":"Jaw Worm","floor":1,"turns":3},{"damage":10,"enemies":"Small Slimes","floor":2,"turns":3},{"damage":13,"enemies":"3 Sentries","floor":6,"turns":6},{"damage":0,"enemies":"2 Louse","floor":7,"turns":3},{"damage":0,"enemies":"Red Slaver","floor":10,"turns":3},{"damage":0,"enemies":"Gremlin Gang","floor":11,"turns":3},{"damage":0,"enemies":"Looter","floor":13,"turns":2},{"damage":0,"enemies":"3 Louse","floor":14,"turns":3},{"damage":0,"enemies":"The Guardian","floor":16,"turns":6},{"damage":14,"enemies":"3 Byrds","floor":18,"turns":5},{"damage":16,"enemies":"2 Thieves","floor":19,"turns":3},{"damage":16,"enemies":"3 Cultists","floor":24,"turns":5},{"damage":11,"enemies":"Snake Plant","floor":29,"turns":3},{"damage":3,"enemies":"Colosseum Slavers","floor":31,"turns":3},{"damage":0,"enemies":"Champ","floor":33,"turns":6},{"damage":0,"enemies":"3 Shapes","floor":35,"turns":4},{"damage":0,"enemies":"3 Darklings","floor":38,"turns":2},{"damage":3,"enemies":"Writhing Mass","floor":39,"turns":3},{"damage":5,"enemies":"Transient","floor":42,"turns":5},{"damage":0,"enemies":"Maw","floor":46,"turns":5},{"damage":0,"enemies":"2 Orb Walkers","floor":47,"turns":3},{"damage":0,"enemies":"Jaw Worm Horde","floor":48,"turns":3},{"damage":28,"enemies":"Awakened One","floor":50,"turns":8}],"seed_played":"5559243918037350600","potions_obtained":[{"floor":2,"key":"PowerPotion"},{"floor":3,"key":"PowerPotion"},{"floor":10,"key":"PotionOfCapacity"},{"floor":14,"key":"DuplicationPotion"},{"floor":18,"key":"Elixir"},{"floor":29,"key":"DemoMod:LeadSkinPotion"},{"floor":35,"key":"PowerPotion"},{"floor":42,"key":"Energy Potion"},{"floor":46,"key":"Block Potion"},{"floor":48,"key":"BlessingOfTheForge"}],"is_trial":false,"path_per_floor":["M","M","?","$","?","E","M","R","T","M","M","R","M","M","R","B",null,"M","M","?","?","?","R","M","R","T","T","$","M","R","?","R","B",null,"M","?","$","M","M","R","?","M","T","R","$","M","?","M","R_BF","B",null],"character_chosen":"DEFECT","items_purchased":["Anchor","FIFO Queue","Orichalcum","Toy Ornithopter","ClockworkSouvenir","MerchantsRug","Guardian:BlockOnCardUsePotion","StuffTheSpire:SnapShoot","Guide Book","Happy Flower","StuffTheSpire:Plugnplay"],"campfire_rested":0,"item_purchase_floors":[4,17,28,28,28,28,28,28,37,37,45],"current_hp_per_floor":[74,64,34,34,34,21,21,21,21,21,21,21,21,21,21,21,72,58,42,42,42,42,42,26,26,26,26,26,20,20,22,22,27,72,72,72,72,72,69,69,69,64,64,64,64,64,69,69,72,49],"gold":103,"neow_bonus":"RANDOM_COMMON_RELIC","is_daily":false,"chose_seed":false,"campfire_upgraded":9,"win_rate":0.0,"timestamp":1609009351,"path_taken":["M","M","?","$","?","E","?","R","T","M","?","R","M","M","R","BOSS","M","M","?","?","?","R","M","R","T","?","$","M","R","?","R","BOSS","M","?","$","M","M","R","?","M","T","R","$","?","?","M","R_BF","BOSS"],"items_purchased_type":["Relic","Card","Relic","Relic","Relic","Relic","Potion","Card","Relic","Relic","Card"],"build_version":"2020-12-22","purchased_purges":1,"victory":true,"max_hp_per_floor":[75,75,75,75,75,75,75,75,75,75,75,75,75,75,75,75,72,72,72,72,72,72,72,72,72,72,72,72,72,72,72,72,72,72,72,72,72,72,72,72,72,72,72,72,72,72,72,72,72,72],"card_choices":[{"not_picked":[],"picked":"Bomb","floor":0},{"not_picked":["Panic Button","ReplayTheSpireMod:System Scan"],"picked":"ReplayTheSpireMod:Calculation Training","floor":1},{"not_picked":["Gash","Bomb"],"picked":"Defragment","floor":2},{"not_picked":["Compile Driver","Barrage"],"picked":"Defragment","floor":3},{"not_picked":["StuffTheSpire:Rend","StuffTheSpire:LoadUp"],"picked":"Mirror Shield","floor":6},{"not_picked":["Compile Driver","Gash"],"picked":"hubris:Ukulele","floor":7},{"not_picked":["Barrage","Chaos"],"picked":"Compile Driver","floor":10},{"not_picked":["Beam Cell","ReplayTheSpireMod:Calculation Training"],"picked":"Tempest","floor":11},{"not_picked":["ReplayTheSpireMod:Fabricate Wheel","Beam Cell"],"picked":"Cold Snap","floor":13},{"not_picked":["Beam Cell","Cancel"],"picked":"Storm","floor":14},{"not_picked":["Machine Learning","StuffTheSpire:EventHorizon"],"picked":"Amplify","floor":16},{"not_picked":["Undo","StuffTheSpire:Plugnplay"],"picked":"StuffTheSpire:Synthwave","floor":18},{"not_picked":["Darkness","Go for the Eyes+1"],"picked":"Conserve Battery","floor":19},{"not_picked":["Turbo","Barrage","Rebound"],"picked":"SKIP","floor":24},{"not_picked":["Turbo","Barrage"],"picked":"ReplaySolidLightProjector","floor":29},{"not_picked":["hubris:SpecializedCircuitry","hubris:DoWhile"],"picked":"ElectricPowerLearning","floor":33},{"not_picked":["Beam Cell+1","Sweeping Beam+1","Steam"],"picked":"SKIP","floor":35},{"not_picked":["Go for the Eyes","Gash+1"],"picked":"Conserve Battery","floor":38},{"not_picked":["Streamline","Rebound"],"picked":"Capacitor+1","floor":39},{"not_picked":["Chill","ReplayTheSpireMod:Reroute Power+1"],"picked":"StuffTheSpire:Plugnplay+1","floor":42},{"not_picked":["Sunder","Turbo"],"picked":"Static Discharge","floor":46},{"not_picked":["Panic Button","ReplaySort"],"picked":"Double Energy+1","floor":47},{"not_picked":["Fan","StuffTheSpire:GlassShard+1"],"picked":"Hologram","floor":48}],"player_experience":319240,"relics_obtained":[{"floor":6,"key":"MawBank"},{"floor":9,"key":"DemoMod:SerJunkan"},{"floor":21,"key":"Ring of Greed"},{"floor":21,"key":"Ring of Panic"},{"floor":21,"key":"Replay:Wax Seal"},{"floor":21,"key":"Old Coin"},{"floor":26,"key":"DemoMod:Junk"},{"floor":27,"key":"DemoMod:Junk"},{"floor":43,"key":"DemoMod:Junk"},{"floor":47,"key":"Thread and Needle"}],"event_choices":[{"damage_healed":0,"gold_gain":0,"player_choice":"Ignored","damage_taken":0,"max_hp_gain":0,"max_hp_loss":0,"event_name":"Vampires","floor":20,"gold_loss":0},{"damage_healed":0,"gold_gain":0,"player_choice":"Fight","damage_taken":0,"max_hp_gain":0,"max_hp_loss":0,"event_name":"Colosseum","floor":31,"gold_loss":0},{"damage_healed":0,"gold_gain":0,"player_choice":"Fled From Nobs","damage_taken":0,"max_hp_gain":0,"max_hp_loss":0,"event_name":"Colosseum","floor":31,"gold_loss":0},{"cards_removed":["Defend_B"],"damage_healed":0,"gold_gain":0,"player_choice":"Removed Skill","damage_taken":0,"max_hp_gain":0,"max_hp_loss":0,"event_name":"Falling","floor":36,"gold_loss":0},{"damage_healed":0,"gold_gain":0,"player_choice":"Fight","damage_taken":0,"max_hp_gain":0,"max_hp_loss":0,"event_name":"Mysterious Sphere","floor":47,"gold_loss":0}],"is_beta":false,"boss_relics":[{"not_picked":["Ectoplasm","hubris:VirtuousBlindfold"],"picked":"halation:HeavySnake"},{"not_picked":[]},{"not_picked":["StuffTheSpire:RunicConfusion","Coffee Dripper"],"picked":"hubris:Backtick"},{"not_picked":[]}],"items_purged_floors":[28],"is_endless":false,"potions_floor_spawned":[2,10,14,18,29,35,42,46,48],"ascension_level":0}}