{"host":"pbf6u3tyx46snqc7","time":1609004097,"event":{"mods":["AchievementEnabler","BaseMod","Colored Map","Minty Spire (QoL Compilation)","Permanent Neow","Rare Cards Sparkle","Shop Mod","SuperFastMode"],"gold_per_floor":[118,128,128,10,28,54,54,71,71,71,71,71,20,20,20,20,20],"floor_reached":16,"playtime":575,"items_purged":["Writhe"],"score":191,"play_id":"20a30199-b310-4927-a006-555aa0e5af2e","local_time":"20201227023457","is_ascension_mode":true,"campfire_choices":[{"data":"Dualcast","floor":7,"key":"SMITH"},{"data":"Coolheaded","floor":10,"key":"SMITH"},{"data":"Secret Technique","floor":15,"key":"SMITH"}],"circlet_count":0,"master_deck":["AscendersBane","Strike_B+1","Strike_B","Strike_B","Strike_B","Defend_B","Defend_B","Defend_B","Defend_B","Zap","Dualcast+1","Secret Technique+1","Sweeping Beam","Chill+1","Capacitor+1","Coolheaded+1","Compile Driver","Biased Cognition","Stack+1"],"relics":["Cracked Core","White Beast Statue","Toxic Egg 2"],"acts_visited":["Exordium"],"potions_floor_usage":[6,8],"damage_taken":[{"damage":2,"enemies":"Cultist","floor":1,"turns":4},{"damage":0,"enemies":"2 Louse","floor":2,"turns":2},{"damage":1,"enemies":"Small Slimes","floor":5,"turns":2},{"damage":2,"enemies":"3 Sentries","floor":6,"turns":7},{"damage":0,"enemies":"Blue Slaver","floor":8,"turns":5},{"damage":31,"enemies":"The Guardian","floor":16,"turns":9}],"seed_played":"6479074729706247625","potions_obtained":[{"floor":1,"key":"AttackPotion"},{"floor":6,"key":"Block Potion"},{"floor":8,"key":"EssenceOfDarkness"}],"is_trial":false,"path_per_floor":["M","M","?","$","M","E","R","M","T","R","?","?","$","?","R","B"],"character_chosen":"DEFECT","items_purchased":["Capacitor","Stack+1"],"campfire_rested":0,"item_purchase_floors":[4,13],"current_hp_per_floor":[62,62,62,62,61,59,59,59,59,59,59,64,64,41,41,10,10],"gold":20,"neow_bonus":"RANDOM_COLORLESS_2","is_daily":false,"chose_seed":false,"campfire_upgraded":3,"win_rate":0.0,"timestamp":1609004097,"path_taken":["M","?","?","$","?","E","R","M","T","R","?","?","$","?","R","BOSS"],"items_purchased_type":["Card","Card"],"build_version":"2020-12-22","purchased_purges":1,"victory":false,"max_hp_per_floor":[71,71,71,71,71,71,71,71,71,71,71,76,76,76,76,76,76],"card_choices":[{"not_picked":["Secret Weapon","Magnetism"],"picked":"Secret Technique","floor":0},{"not_picked":["Go for the Eyes","Heatsinks"],"picked":"Sweeping Beam","floor":1},{"not_picked":["Turbo","Compile Driver"],"picked":"Chill","floor":2},{"not_picked":["Force Field","Streamline"],"picked":"Coolheaded","floor":5},{"not_picked":["Coolheaded","Scrape"],"picked":"Compile Driver","floor":6},{"not_picked":["Conserve Battery","Hologram"],"picked":"Biased Cognition","floor":8}],"player_experience":347042,"relics_obtained":[{"floor":6,"key":"White Beast Statue"},{"floor":9,"key":"Toxic Egg 2"}],"event_choices":[{"damage_healed":0,"gold_gain":0,"player_choice":"Upgraded","damage_taken":0,"max_hp_gain":0,"max_hp_loss":0,"event_name":"Upgrade Shrine","floor":3,"gold_loss":0,"cards_upgraded":["Chill"]},{"damage_healed":0,"gold_gain":0,"player_choice":"Ignored","damage_taken":0,"max_hp_gain":0,"max_hp_loss":0,"event_name":"Liars Game","floor":11,"gold_loss":0},{"damage_healed":0,"gold_gain":0,"player_choice":"Donut","damage_taken":0,"max_hp_gain":5,"max_hp_loss":0,"event_name":"Big Fish","floor":12,"gold_loss":0},{"damage_healed":0,"gold_gain":0,"player_choice":"Entered Light","damage_taken":23,"max_hp_gain":0,"max_hp_loss":0,"event_name":"Shining Light","floor":14,"gold_loss":0,"cards_upgraded":["Capacitor","Strike_B"]}],"is_beta":false,"boss_relics":[],"items_purged_floors":[4],"is_endless":false,"potions_floor_spawned":[1,6,8],"killed_by":"The Guardian","ascension_level":19}}