{"host":"uwh382mre4waz4ff","time":1609004841,"event":{"mods":["AchievementEnabler","BaseMod","Better Note","Better Third Choice","BetterRewards","Minty Spire (QoL Compilation)","Quick Restart","Shop Mod","StSLib"],"gold_per_floor":[115,132,132,82,182,182,207,221,221,221,239,253,153,165,165,262,262,274,274,149,160,250,280,293,304,304,304,318,332,351,52,52,157,157,169,179,179,196,209,209,229,241,267,267,267,284,284,301,301,301,301,301,126,155,155],"floor_reached":56,"playtime":4309,"items_purged":["Strike_B","Dualcast","Strike_B","Zap","Parasite"],"score":1127,"play_id":"4787f681-947b-4705-9e16-b421c09864ff","local_time":"20201227014721","is_ascension_mode":false,"campfire_choices":[{"data":"Scrape","floor":6,"key":"SMITH"},{"floor":10,"key":"REST"},{"floor":15,"key":"REST"},{"floor":27,"key":"DIG"},{"floor":32,"key":"DIG"},{"floor":40,"key":"RECALL"},{"data":"Reinforced Body","floor":44,"key":"SMITH"},{"data":"Seek","floor":47,"key":"SMITH"},{"floor":49,"key":"DIG"},{"floor":52,"key":"DIG"}],"circlet_count":0,"master_deck":["Defend_B","Defend_B","Defend_B","Defend_B","Scrape+1","Compile Driver","Rebound","Gash","Gash","Steam","Hologram+1","Leap+1","Gash+1","Seek+1","All For One","Reinforced Body+1","Reboot","Reprogram+1","Leap+1"],"relics":["FrozenCore","Nuclear Battery","Turnip","NeowsBlessing","Incense Burner","Orichalcum","Bottled Flame","Gremlin Horn","Philosopher\u0027s Stone","Bag of Preparation","Shovel","Darkstone Periapt","Bronze Scales","Art of War","Anchor","Mercury Hourglass","InkBottle"],"acts_visited":["Exordium","TheCity","TheBeyond","TheEnding"],"potions_floor_usage":[33,33,55],"damage_taken":[{"damage":0,"enemies":"Small Slimes","floor":1,"turns":1},{"damage":0,"enemies":"2 Louse","floor":2,"turns":1},{"damage":0,"enemies":"Gremlin Nob","floor":7,"turns":1},{"damage":0,"enemies":"Cultist","floor":8,"turns":2},{"damage":0,"enemies":"Looter","floor":11,"turns":2},{"damage":0,"enemies":"Exordium Wildlife","floor":12,"turns":3},{"damage":0,"enemies":"Exordium Thugs","floor":14,"turns":2},{"damage":5,"enemies":"Slime Boss","floor":16,"turns":6},{"damage":8,"enemies":"Shell Parasite","floor":18,"turns":4},{"damage":0,"enemies":"2 Thieves","floor":21,"turns":2},{"damage":8,"enemies":"Book of Stabbing","floor":23,"turns":4},{"damage":0,"enemies":"Snecko","floor":24,"turns":4},{"damage":0,"enemies":"Shelled Parasite and Fungi","floor":25,"turns":3},{"damage":0,"enemies":"Chosen and Byrds","floor":28,"turns":2},{"damage":2,"enemies":"Centurion and Healer","floor":29,"turns":4},{"damage":10,"enemies":"Snake Plant","floor":30,"turns":4},{"damage":39,"enemies":"Automaton","floor":33,"turns":5},{"damage":25,"enemies":"3 Darklings","floor":35,"turns":3},{"damage":4,"enemies":"3 Shapes","floor":36,"turns":4},{"damage":19,"enemies":"Writhing Mass","floor":38,"turns":6},{"damage":19,"enemies":"Transient","floor":39,"turns":5},{"damage":0,"enemies":"4 Shapes","floor":41,"turns":3},{"damage":0,"enemies":"Sphere and 2 Shapes","floor":42,"turns":3},{"damage":0,"enemies":"Maw","floor":46,"turns":4},{"damage":0,"enemies":"Jaw Worm Horde","floor":48,"turns":3},{"damage":1,"enemies":"Awakened One","floor":50,"turns":7},{"damage":7,"enemies":"Shield and Spear","floor":54,"turns":5},{"damage":117,"enemies":"The Heart","floor":55,"turns":7}],"seed_played":"-4253677905035281116","potions_obtained":[{"floor":8,"key":"SkillPotion"},{"floor":11,"key":"EssenceOfDarkness"},{"floor":12,"key":"Weak Potion"},{"floor":16,"key":"SteroidPotion"},{"floor":18,"key":"Strength Potion"},{"floor":24,"key":"Regen Potion"},{"floor":33,"key":"FairyPotion"},{"floor":36,"key":"FocusPotion"},{"floor":39,"key":"Regen Potion"}],"is_trial":false,"path_per_floor":["M","M","?","?","?","R","E","M","T","R","M","M","$","M","R","B",null,"M","?","$","M","?","E","M","M","T","R","M","M","M","$","R","B",null,"M","M","?","M","M","R","M","M","T","R","?","M","R","M","R","B",null,"R","$","E","B",null],"character_chosen":"DEFECT","items_purchased":["FairyPotion","Bronze Scales"],"campfire_rested":2,"item_purchase_floors":[0,31],"current_hp_per_floor":[40,40,22,22,22,22,22,22,22,44,44,44,44,44,66,61,75,67,67,67,67,55,47,47,47,47,47,47,45,35,35,35,10,75,50,46,46,33,14,14,14,14,14,14,14,14,14,14,14,13,77,77,74,67,22],"gold":155,"neow_bonus":"","is_daily":false,"chose_seed":false,"campfire_upgraded":3,"win_rate":0.0,"timestamp":1609004841,"path_taken":["M","M","?","?","?","R","E","?","T","R","M","M","$","M","R","BOSS","M","?","$","M","?","E","M","M","T","R","M","?","M","?","R","BOSS","M","M","?","M","M","R","M","M","T","R","?","M","R","M","R","BOSS","R","$","E","BOSS"],"items_purchased_type":["Potion","Relic"],"build_version":"2020-12-22","purchased_purges":5,"victory":true,"max_hp_per_floor":[75,75,75,75,75,75,75,75,75,75,75,75,75,75,75,75,75,75,75,75,75,75,75,75,75,75,75,75,75,75,75,75,75,75,75,75,71,77,77,77,77,77,77,77,77,77,77,77,77,77,77,77,74,74,74],"card_choices":[{"not_picked":["Cold Snap","Recycle","Ball Lightning"],"picked":"SKIP","floor":1},{"not_picked":["Sunder","Cold Snap"],"picked":"Rebound","floor":2},{"not_picked":["Biased Cognition","Loop","Recycle"],"picked":"SKIP","floor":7},{"not_picked":["Compile Driver","Turbo","Ball Lightning"],"picked":"SKIP","floor":8},{"not_picked":["Compile Driver","Turbo","Ball Lightning"],"picked":"SKIP","floor":8},{"not_picked":["Rebound","Ball Lightning"],"picked":"Gash","floor":11},{"not_picked":["Reinforced Body","Ball Lightning"],"picked":"Gash","floor":12},{"not_picked":["Defragment","Sweeping Beam"],"picked":"Steam","floor":14},{"not_picked":["Compile Driver","Ball Lightning+1"],"picked":"Hologram+1","floor":18},{"not_picked":["Force Field+1","Barrage","Go for the Eyes"],"picked":"SKIP","floor":21},{"not_picked":["Rebound","Steam Power"],"picked":"Leap+1","floor":23},{"not_picked":["Barrage","Beam Cell"],"picked":"Gash+1","floor":24},{"not_picked":["Leap","Turbo+1"],"picked":"Seek","floor":25},{"not_picked":["Beam Cell","Defragment","Tempest"],"picked":"SKIP","floor":28},{"not_picked":["Undo","Cold Snap+1","Compile Driver"],"picked":"SKIP","floor":29},{"not_picked":["Lockon","Stack","Redo+1"],"picked":"SKIP","floor":30},{"not_picked":["Thunder Strike","Creative AI"],"picked":"All For One","floor":33},{"not_picked":["Coolheaded+1","Cold Snap+1"],"picked":"Reinforced Body","floor":35},{"not_picked":["Go for the Eyes+1","Beam Cell+1","Conserve Battery"],"picked":"SKIP","floor":36},{"not_picked":["Leap","Redo+1","Auto Shields"],"picked":"SKIP","floor":38},{"not_picked":["Ball Lightning+1","Rebound+1"],"picked":"Reboot","floor":39},{"not_picked":["Blizzard+1","Streamline","Cold Snap+1"],"picked":"SKIP","floor":41},{"not_picked":["Darkness+1","Compile Driver","Turbo+1"],"picked":"SKIP","floor":42},{"not_picked":["Static Discharge","Redo+1"],"picked":"Reprogram+1","floor":46},{"not_picked":["Rebound+1","Coolheaded+1"],"picked":"Leap+1","floor":48},{"not_picked":["Biased Cognition","Streamline","Conserve Battery"],"picked":"SKIP","floor":54}],"player_experience":96413,"relics_obtained":[{"floor":7,"key":"Bottled Flame"},{"floor":9,"key":"Gremlin Horn"},{"floor":23,"key":"Bag of Preparation"},{"floor":26,"key":"Shovel"},{"floor":27,"key":"Darkstone Periapt"},{"floor":32,"key":"Art of War"},{"floor":49,"key":"Anchor"},{"floor":52,"key":"Mercury Hourglass"},{"floor":54,"key":"InkBottle"}],"event_choices":[{"damage_healed":0,"gold_gain":0,"player_choice":"Relic ","damage_taken":18,"max_hp_gain":0,"max_hp_loss":0,"event_name":"betterThird:BetterScrap","floor":3,"gold_loss":0,"cards_obtained":["Swivel"]},{"cards_removed":["Strike_B"],"damage_healed":0,"gold_gain":0,"player_choice":"Card Removal","damage_taken":0,"max_hp_gain":0,"max_hp_loss":0,"event_name":"The Cleric","floor":4,"gold_loss":50},{"damage_healed":0,"gold_gain":100,"player_choice":"Pray","damage_taken":0,"max_hp_gain":0,"max_hp_loss":0,"event_name":"Golden Shrine","floor":5,"gold_loss":0},{"cards_removed":["Strike_B"],"damage_healed":0,"gold_gain":0,"player_choice":"Give","damage_taken":0,"max_hp_gain":0,"max_hp_loss":0,"event_name":"betterNote:BetterNote","floor":19,"gold_loss":0,"cards_obtained":["Regret"]},{"damage_healed":0,"gold_gain":90,"player_choice":"GOLD ","damage_taken":12,"max_hp_gain":0,"max_hp_loss":0,"event_name":"Knowing Skull","floor":22,"potions_obtained":[],"gold_loss":0,"cards_obtained":[]},{"damage_healed":0,"gold_gain":90,"player_choice":"GOLD ","damage_taken":12,"max_hp_gain":0,"max_hp_loss":0,"event_name":"Knowing Skull","floor":22,"potions_obtained":[],"gold_loss":0,"cards_obtained":[]},{"damage_healed":0,"gold_gain":90,"player_choice":"GOLD ","damage_taken":12,"max_hp_gain":0,"max_hp_loss":0,"event_name":"Knowing Skull","floor":22,"potions_obtained":[],"gold_loss":0,"cards_obtained":[]},{"damage_healed":0,"gold_gain":0,"player_choice":"Max HP","damage_taken":0,"max_hp_gain":0,"max_hp_loss":4,"event_name":"Winding Halls","floor":37,"gold_loss":0},{"damage_healed":0,"gold_gain":0,"player_choice":"Memory 1","damage_taken":0,"max_hp_gain":0,"max_hp_loss":0,"event_name":"SensoryStone","floor":45,"gold_loss":0}],"is_beta":false,"boss_relics":[{"not_picked":["Snecko Eye","Black Star"],"picked":"Philosopher\u0027s Stone"},{"not_picked":["Pandora\u0027s Box","Cursed Key"],"picked":"FrozenCore"}],"items_purged_floors":[0,13,20,31,53],"is_endless":false,"potions_floor_spawned":[8,11,12,16,18,23,24,30,33,36,39,41,48,54],"ascension_level":0}}