{"host":"7tkrmasug91pv8cz","time":1609002744,"event":{"mods":["2.2 Compatiblity","Ascension Reborn","BaseMod","CapriCore","DeckTracker","Koishi","Marisa£¨Ùöéë¡¡Øª×âÞÞ£©","Minty Spire (QoL Compilation)","Permanent Neow","StSLib","SuperFastMode","The Alterego","The Immortal"],"gold_per_floor":[113,174,197,213,303,340,353,391,391,391,413,427,446,463,463,589,589,602,624,637,659,40,40,77,77,77,77,197,227,251,269,269,388,388,410,410,424,446,41,81,0,0,28,28,42,62,120,156,156,156,156,156,43,74,74],"floor_reached":56,"playtime":3081,"items_purged":["Strike_MRS+1","Strike_MRS+1"],"score":1588,"play_id":"55902bc2-c2c6-40cf-9638-174b58900d22","local_time":"20201227021224","is_ascension_mode":true,"campfire_choices":[{"data":"UnstableBomb","floor":15,"key":"SMITH"},{"data":"FairyDestructionRay","floor":23,"key":"SMITH"},{"data":"CollectingQuirk","floor":25,"key":"SMITH"},{"data":"MysteriousBeam","floor":27,"key":"SMITH"},{"data":"AlicesGift","floor":32,"key":"SMITH"},{"floor":42,"key":"RECALL"},{"data":"TreasureHunter","floor":44,"key":"SMITH"},{"data":"EarthLightRay","floor":49,"key":"SMITH"},{"data":"SporeBomb","floor":52,"key":"SMITH"}],"circlet_count":0,"master_deck":["Strike_MRS+1","Defend_MRS+1","Defend_MRS+1","Defend_MRS+1","MasterSpark+1","UpSweep+1","GravityBeat+1","FairyDestructionRay+1","GrandCross+1","Orbital+1","GrandCross+1","DragonMeteor+1","SporeBomb+1","ChargeUpSpray","UnstableBomb+1","MysteriousBeam+1","CollectingQuirk+1","WitchLeyline+1","MysteriousBeam+1","LuminesStrike+1","OortCloud+1","Master of Strategy","EarthLightRay+1","PulseMagic+1","AlicesGift+1","GalacticHalo+1","AsteroidBelt+1","CollectingQuirk+1","PropBag+1","IllusionStar","TreasureHunter+1","CollectingQuirk+1","Parasite","Parasite","SporeBomb+1","GravityBeat+1","Occultation+1","AsteroidBelt+1"],"relics":["MiniHakkero","War Paint","Letter Opener","Pantograph","Pen Nib","HornCleat","Meat on the Bone","Blood Vial","Gambling Chip","Coffee Dripper","Question Card","InkBottle","Bottled Lightning","Potion Belt","Incense Burner","Ginger","BreadOfAWashokuLover","Singing Bowl","HandmadeGrimoire","Calipers","Velvet Choker","Whetstone","DollysMirror","MealTicket","ShroomBag","Red Mask","Kunai","Prayer Wheel","Eternal Feather","Sling","Nunchaku","Bottled Tornado"],"acts_visited":["Exordium","TheCity","TheBeyond","TheEnding"],"potions_floor_usage":[55,55,55,55],"damage_taken":[{"damage":0,"enemies":"Jaw Worm","floor":1,"turns":1},{"damage":0,"enemies":"Cultist","floor":3,"turns":1},{"damage":0,"enemies":"2 Louse","floor":4,"turns":1},{"damage":7,"enemies":"3 Sentries","floor":6,"turns":2},{"damage":0,"enemies":"Large Slime","floor":7,"turns":2},{"damage":0,"enemies":"Gremlin Nob","floor":8,"turns":2},{"damage":0,"enemies":"Looter","floor":11,"turns":2},{"damage":0,"enemies":"Gremlin Gang","floor":12,"turns":1},{"damage":0,"enemies":"Blue Slaver","floor":13,"turns":2},{"damage":0,"enemies":"Looter","floor":14,"turns":1},{"damage":28,"enemies":"The Guardian","floor":16,"turns":5},{"damage":0,"enemies":"3 Byrds","floor":18,"turns":3},{"damage":0,"enemies":"Spheric Guardian","floor":19,"turns":2},{"damage":11,"enemies":"Centurion and Healer","floor":20,"turns":2},{"damage":12,"enemies":"Shelled Parasite and Fungi","floor":21,"turns":2},{"damage":7,"enemies":"Gremlin Leader","floor":24,"turns":3},{"damage":0,"enemies":"Colosseum Slavers","floor":28,"turns":1},{"damage":0,"enemies":"Colosseum Nobs","floor":28,"turns":2},{"damage":0,"enemies":"Slavers","floor":29,"turns":1},{"damage":10,"enemies":"Chosen and Byrds","floor":30,"turns":2},{"damage":0,"enemies":"3 Cultists","floor":31,"turns":2},{"damage":0,"enemies":"Champ","floor":33,"turns":3},{"damage":0,"enemies":"Orb Walker","floor":35,"turns":1},{"damage":6,"enemies":"3 Shapes","floor":37,"turns":1},{"damage":0,"enemies":"Writhing Mass","floor":38,"turns":2},{"damage":0,"enemies":"Reptomancer","floor":40,"turns":2},{"damage":3,"enemies":"4 Shapes","floor":45,"turns":1},{"damage":2,"enemies":"Jaw Worm Horde","floor":46,"turns":2},{"damage":1,"enemies":"2 Orb Walkers","floor":47,"turns":2},{"damage":0,"enemies":"Nemesis","floor":48,"turns":1},{"damage":0,"enemies":"Awakened One","floor":50,"turns":5},{"damage":0,"enemies":"Shield and Spear","floor":54,"turns":3},{"damage":44,"enemies":"The Heart","floor":55,"turns":4}],"seed_played":"-5311470381494961858","potions_obtained":[{"floor":1,"key":"Ancient Potion"},{"floor":1,"key":"GamblersBrew"},{"floor":3,"key":"DuplicationPotion"},{"floor":3,"key":"SteroidPotion"},{"floor":7,"key":"DistilledChaos"},{"floor":7,"key":"Explosive Potion"},{"floor":33,"key":"SpeedPotion"},{"floor":33,"key":"Regen Potion"},{"floor":48,"key":"DistilledChaos"},{"floor":48,"key":"Regen Potion"}],"is_trial":false,"path_per_floor":["M","?","M","M","?","E","M","E","T","?","M","M","M","M","R","B",null,"M","M","M","M","$","R","E","R","T","R","?","E","M","M","R","B",null,"M","?","M","M","$","E","?","R","T","R","M","M","?","E","R","B",null,"R","$","E","B",null],"character_chosen":"MARISA","items_purchased":["Question Card","InkBottle","Master of Strategy","EarthLightRay","Whetstone","DollysMirror","MealTicket","Sling"],"campfire_rested":0,"item_purchase_floors":[22,22,22,22,39,39,39,53],"current_hp_per_floor":[80,80,80,80,72,65,65,65,65,62,62,65,68,71,71,59,85,85,85,74,65,65,65,67,67,67,67,73,79,72,81,81,92,92,92,92,86,89,89,94,94,94,94,94,91,92,94,94,94,99,99,99,99,101,79],"gold":74,"neow_bonus":"REMOVE_CARD","is_daily":false,"chose_seed":false,"campfire_upgraded":8,"win_rate":0.0,"timestamp":1609002744,"path_taken":["M","?","M","M","?","E","?","E","T","?","M","M","M","M","R","BOSS","M","M","M","M","$","R","E","R","T","R","?","E","M","M","R","BOSS","M","?","?","M","$","E","?","R","T","R","M","M","?","E","R","BOSS","R","$","E","BOSS"],"items_purchased_type":["Relic","Relic","Card","Card","Relic","Relic","Relic","Relic"],"build_version":"2020-12-22","purchased_purges":2,"victory":true,"max_hp_per_floor":[80,80,80,80,80,80,80,80,80,80,80,80,80,80,80,85,85,85,85,85,85,85,85,85,85,85,85,85,87,87,87,87,92,92,92,92,92,92,92,94,94,94,94,94,94,94,94,94,94,99,99,99,99,101,106],"card_choices":[{"not_picked":["DoubleSpark","MysteriousBeam"],"picked":"GravityBeat+1","floor":1},{"not_picked":["MachineGunSpark+1","Singularity"],"picked":"FairyDestructionRay","floor":3},{"not_picked":["Acceleration","BigCrunch"],"picked":"GrandCross+1","floor":4},{"not_picked":["DC","AsteroidBelt"],"picked":"Orbital+1","floor":6},{"not_picked":["FairyDestructionRay","SporeBomb"],"picked":"GrandCross+1","floor":6},{"not_picked":["MagicChant+1","SprinkleStarSeal","DoubleSpark"],"picked":"SKIP","floor":7},{"not_picked":["BlazingStar","PowerUp+1"],"picked":"DragonMeteor+1","floor":8},{"not_picked":["GrandCross","WitchLeyline+1","WitchOfGreed"],"picked":"SKIP","floor":8},{"not_picked":["MysteriousBeam","PowerUp"],"picked":"SporeBomb","floor":11},{"not_picked":["Acceleration","OpenUniverse"],"picked":"ChargeUpSpray","floor":12},{"not_picked":["BlazeAway","ShootingEcho"],"picked":"UnstableBomb","floor":13},{"not_picked":["ManaConvection","EnergyRecoil"],"picked":"MysteriousBeam","floor":14},{"not_picked":["BlazingStar","UltimateShortwave"],"picked":"CollectingQuirk","floor":16},{"not_picked":["MeteoricShower","GrandCross"],"picked":"WitchLeyline+1","floor":18},{"not_picked":["WitchOfGreed","OneTimeOff+1"],"picked":"MysteriousBeam+1","floor":19},{"not_picked":["Acceleration","ChargeUpSpray+1"],"picked":"LuminesStrike","floor":20},{"not_picked":["MysteriousBeam","EnergyRecoil"],"picked":"OortCloud+1","floor":21},{"not_picked":["SporeBomb+1","UltimateShortwave","GrandCross+1"],"picked":"PulseMagic+1","floor":24},{"not_picked":["SporeBomb+1","GrandCross+1","StarBarrage"],"picked":"AlicesGift","floor":28},{"not_picked":["SporeBomb","DoubleSpark","ManaRampage","UnstableBomb+1"],"picked":"Singing Bowl","floor":29},{"not_picked":["MysteriousBeam+1","SporeBomb+1","DoubleSpark"],"picked":"GalacticHalo+1","floor":30},{"not_picked":["GravityBeat+1","WitchLeyline","Acceleration+1"],"picked":"AsteroidBelt+1","floor":31},{"not_picked":["MaximisePower","UltimateShortwave","SuperNova"],"picked":"CollectingQuirk","floor":33},{"not_picked":["OpenUniverse","AsteroidBelt","NonDirectionalLaser"],"picked":"PropBag+1","floor":35},{"not_picked":["DC","WitchOfGreed+1","EarthLightRay"],"picked":"IllusionStar","floor":37},{"not_picked":["MilkyWay+1","DC+1","OortCloud+1"],"picked":"TreasureHunter","floor":38},{"not_picked":["UnstableBomb","DC+1","Orbital+1","SporeBomb"],"picked":"Singing Bowl","floor":40},{"not_picked":["SuperPerseids+1","EarthLightRay+1","GravityBeat"],"picked":"SporeBomb+1","floor":45},{"not_picked":["6A","Orbital","StarBarrage+1"],"picked":"GravityBeat+1","floor":46},{"not_picked":["MilkyWay","ManaConvection+1","NonDirectionalLaser"],"picked":"Occultation+1","floor":47},{"not_picked":["SporeBomb+1","DoubleSpark","Occultation+1"],"picked":"AsteroidBelt+1","floor":48},{"not_picked":["UnstableBomb+1","NonDirectionalLaser+1","ChargeUpSpray","ShootingEcho"],"picked":"Singing Bowl","floor":54}],"player_experience":113188,"relics_obtained":[{"floor":4,"key":"War Paint"},{"floor":6,"key":"Letter Opener"},{"floor":7,"key":"Pantograph"},{"floor":9,"key":"Pen Nib"},{"floor":9,"key":"HornCleat"},{"floor":11,"key":"Blood Vial"},{"floor":16,"key":"Gambling Chip"},{"floor":24,"key":"Bottled Lightning"},{"floor":26,"key":"Potion Belt"},{"floor":26,"key":"Incense Burner"},{"floor":28,"key":"Ginger"},{"floor":28,"key":"BreadOfAWashokuLover"},{"floor":29,"key":"Singing Bowl"},{"floor":30,"key":"HandmadeGrimoire"},{"floor":33,"key":"Calipers"},{"floor":40,"key":"ShroomBag"},{"floor":43,"key":"Kunai"},{"floor":47,"key":"Prayer Wheel"},{"floor":48,"key":"Eternal Feather"},{"floor":54,"key":"Nunchaku"},{"floor":54,"key":"Bottled Tornado"}],"event_choices":[{"damage_healed":0,"gold_gain":51,"player_choice":"Gained Gold","damage_taken":0,"max_hp_gain":0,"max_hp_loss":0,"event_name":"Golden Wing","floor":2,"gold_loss":0},{"damage_healed":0,"gold_gain":75,"player_choice":"Touch","damage_taken":8,"max_hp_gain":0,"max_hp_loss":0,"event_name":"FaceTrader","floor":5,"gold_loss":0},{"damage_healed":0,"gold_gain":0,"player_choice":"Success","damage_taken":3,"relics_obtained":["Meat on the Bone"],"max_hp_gain":0,"max_hp_loss":0,"event_name":"Scrap Ooze","floor":10,"gold_loss":0},{"damage_healed":0,"gold_gain":0,"player_choice":"Fight","damage_taken":0,"max_hp_gain":0,"max_hp_loss":0,"event_name":"Colosseum","floor":28,"gold_loss":0},{"damage_healed":0,"gold_gain":0,"player_choice":"Fought Nobs","damage_taken":0,"max_hp_gain":0,"max_hp_loss":0,"event_name":"Colosseum","floor":28,"gold_loss":0},{"cards_removed":["Defend_MRS"],"damage_healed":0,"gold_gain":0,"player_choice":"Purged","damage_taken":0,"max_hp_gain":0,"max_hp_loss":0,"event_name":"Purifier","floor":36,"gold_loss":0},{"damage_healed":0,"gold_gain":0,"player_choice":"Paid","damage_taken":0,"relics_obtained":["Red Mask"],"max_hp_gain":0,"max_hp_loss":0,"event_name":"Tomb of Lord Red Mask","floor":41,"gold_loss":81},{"damage_healed":0,"gold_gain":0,"player_choice":"Fight","damage_taken":0,"max_hp_gain":0,"max_hp_loss":0,"event_name":"Mysterious Sphere","floor":47,"gold_loss":0}],"is_beta":false,"boss_relics":[{"not_picked":["Tiny House","ExperimentalFamiliar"],"picked":"Coffee Dripper"},{"not_picked":["Snecko Eye","BewitchedHakkero"],"picked":"Velvet Choker"}],"items_purged_floors":[22,39],"is_endless":false,"potions_floor_spawned":[1,3,7,14,16,18,24,28,30,31,33,35,38,46,48],"ascension_level":0}}