{"host":"7nu0fnckee4tlfez","time":1609010299,"event":{"mods":["2.2 Compatiblity","AchievementEnabler","BaseMod","Colored Map","Lobotomy","LobotomyExtend","Marisa£¨Ùöéë¡¡Øª×âÞÞ£©","Minty Spire (QoL Compilation)","SuperFastMode"],"gold_per_floor":[119,131,131,56,56,56,86,105,156,156,172,201,201,214,214,214,214],"floor_reached":16,"playtime":691,"items_purged":["Strike_R"],"score":110,"play_id":"4296ace2-f122-48b3-a524-c442b66b13db","local_time":"20201227041819","is_ascension_mode":false,"campfire_choices":[{"data":"Bash","floor":6,"key":"SMITH"},{"floor":10,"key":"REST"},{"data":"Armaments","floor":15,"key":"SMITH"}],"circlet_count":0,"master_deck":["Strike_R+1","Strike_R+1","Strike_R","Strike_R","Defend_R","Defend_R","Defend_R","Defend_R+1","Bash+1","Clothesline+1","OSAHOGD","Heavy Blade","FieryBird","Warcry","HappyTeddy","Cleave+1","MHz","Armaments+1","LaLuna","Headbutt","Variant","Inflame"],"relics":["Burning Blood","CogitoBucket","LetterFromLob","Orichalcum","Whetstone","Letter Opener","Golden Idol","ChangeAnything"],"acts_visited":["Exordium"],"potions_floor_usage":[14,16],"damage_taken":[{"damage":6.0,"enemies":"Jaw Worm","floor":1.0,"turns":5.0},{"damage":4,"enemies":"Cultist","floor":2,"turns":3},{"damage":54,"enemies":"3 Sentries","floor":7,"turns":9},{"damage":25,"enemies":"Small Slimes","floor":8,"turns":8},{"damage":6,"enemies":"Looter","floor":11,"turns":2},{"damage":6,"enemies":"Gremlin Nob","floor":12,"turns":3},{"damage":8,"enemies":"Red Slaver","floor":14,"turns":5},{"damage":60,"enemies":"Hexaghost","floor":16,"turns":9}],"seed_played":"-8975099144132480067","potions_obtained":[{"floor":7,"key":"EssenceOfSteel"},{"floor":12,"key":"SteroidPotion"},{"floor":14,"key":"Fire Potion"}],"is_trial":false,"path_per_floor":["M","M","?","$","?","R","E","M","T","R","M","E","?","M","R","B"],"character_chosen":"IRONCLAD","items_purchased":[],"campfire_rested":1,"item_purchase_floors":[],"current_hp_per_floor":[80,80,80,80,64,64,16,37,37,61,61,61,61,59,59,0,0],"gold":214,"neow_bonus":"","is_daily":false,"chose_seed":false,"campfire_upgraded":2,"win_rate":0.0,"timestamp":1609010299,"path_taken":["M","M","?","?","?","R","E","M","T","R","?","E","?","M","R","BOSS"],"items_purchased_type":[],"build_version":"2020-12-22","purchased_purges":1,"victory":false,"max_hp_per_floor":[80,80,80,80,80,80,80,80,80,80,80,80,74,74,74,74,74],"card_choices":[{"not_picked":["Thunderclap","Evolve"],"picked":"Clothesline","floor":1},{"not_picked":["FairyFestival","Rudolta"],"picked":"OSAHOGD","floor":2},{"not_picked":["Perfected Strike","Hemokinesis"],"picked":"Heavy Blade","floor":2},{"not_picked":["MHz","PunishingBird"],"picked":"FieryBird","floor":7},{"not_picked":["Havoc","Twin Strike"],"picked":"Warcry","floor":7},{"not_picked":["Scorched","Rudolta"],"picked":"HappyTeddy","floor":8},{"not_picked":["Clash","Clothesline"],"picked":"Cleave","floor":8},{"not_picked":["WallGazer","FairyFestival"],"picked":"MHz","floor":11},{"not_picked":["Wild Strike","Carnage"],"picked":"Armaments","floor":11},{"not_picked":["CherryBlossoms","OldLady"],"picked":"LaLuna","floor":12},{"not_picked":["Searing Blow","Cleave"],"picked":"Headbutt","floor":12},{"not_picked":["LongBird","Scorched"],"picked":"Variant","floor":14},{"not_picked":["Fire Breathing","Rampage"],"picked":"Inflame","floor":14}],"player_experience":36972,"relics_obtained":[{"floor":1,"key":"LetterFromLob"},{"floor":7,"key":"Orichalcum"},{"floor":9,"key":"Whetstone"},{"floor":12,"key":"Letter Opener"}],"event_choices":[{"damage_healed":0,"gold_gain":0,"player_choice":"Forge","damage_taken":0,"max_hp_gain":0,"max_hp_loss":0,"event_name":"Accursed Blacksmith","floor":3,"gold_loss":0,"cards_upgraded":["Clothesline"]},{"damage_healed":0,"gold_gain":0,"player_choice":"Entered Light","damage_taken":16,"max_hp_gain":0,"max_hp_loss":0,"event_name":"Shining Light","floor":5,"gold_loss":0,"cards_upgraded":["Strike_R","Defend_R"]},{"damage_healed":0,"gold_gain":0,"player_choice":"Lose Max HP","damage_taken":0,"relics_obtained":["Golden Idol"],"max_hp_gain":0,"max_hp_loss":6,"event_name":"Golden Idol","floor":13,"gold_loss":0}],"is_beta":false,"boss_relics":[],"items_purged_floors":[4],"is_endless":false,"potions_floor_spawned":[7,12,14],"killed_by":"Hexaghost","ascension_level":0}}