{"host":"8k8yej65nd5c5wcn","time":1609012415,"event":{"mods":["BaseMod","Colored Map","Colored Powertips","Curses Come First","Downfall","Googly Eyes","Highlight Path","Hubris","Minty Spire (QoL Compilation)","Rare Cards Sparkle","Replay The Spire","StSLib"],"gold_per_floor":[116,135,56,331,348,348,379,389,389,420,420,499,510,460,460,561,611,624,642,661,661,661,661,694,694,765,109,109,119,135,161,161,257,257,269,317,317,317,75,75,91,91,91],"floor_reached":42,"playtime":3988,"items_purged":["Delirium"],"score":588,"play_id":"e637e3b1-f7c5-4d3d-8566-4176b6b29656","local_time":"20201226195335","is_ascension_mode":true,"campfire_choices":[{"data":"Cloak And Dagger","floor":6,"key":"SMITH"},{"floor":11,"key":"REST"},{"floor":15,"key":"REST"},{"floor":23,"key":"REST"},{"floor":25,"key":"REST"},{"floor":32,"key":"REST"},{"floor":40,"key":"REST"}],"circlet_count":0,"master_deck":["Strike_G","Strike_G","Strike_G","Strike_G","Strike_G","Defend_G","Defend_G","Defend_G","Defend_G","Defend_G+1","Survivor","Neutralize","Cloak And Dagger","Bouncing Flask","Cloak And Dagger+1","Cloak And Dagger","Dodge and Roll","Hidden Blade","Bouncing Flask","Hidden Blade","ReplayTheSpireMod:From All Sides","Catalyst","Replay:Bag of Tricks","Bouncing Flask","Bane+1","Flying Knee","Blade Dance","RitualDagger","Draining Mist","Adrenaline","Outmaneuver","Infinite Blades","expansioncontent:StudyTheSpire","Dash","Flying Knee","Backflip+1","Noxious Fumes","Envenom","Deadly Poison+1","Outmaneuver+1","Catalyst"],"relics":["Ring of the Snake","Thread and Needle","Snake Skull","Letter Opener","Tiny House","Ring of Fury","Ring of Hypnosis","Replay:Rubber Ducky","Replay:Ringing Soul","hubris:GlazedTorus","Art of War","Turnip","TwistedFunnel"],"acts_visited":["Exordium","TheCity","TheBeyond"],"potions_floor_usage":[7,7,10,16,20,29,31,31,35,35,41,41,41],"damage_taken":[{"damage":0,"enemies":"Small Slimes","floor":1,"turns":4},{"damage":0,"enemies":"Cultist","floor":2,"turns":3},{"damage":4,"enemies":"2 Louse","floor":5,"turns":3},{"damage":32,"enemies":"3 Sentries","floor":7,"turns":12},{"damage":4,"enemies":"Blue Slaver","floor":8,"turns":3},{"damage":9,"enemies":"Lagavulin","floor":10,"turns":8},{"damage":4,"enemies":"Looter","floor":13,"turns":2},{"damage":7,"enemies":"The Guardian","floor":16,"turns":5},{"damage":18,"enemies":"2 Thieves","floor":18,"turns":5},{"damage":2,"enemies":"3 Byrds","floor":19,"turns":5},{"damage":24,"enemies":"Shelled Parasite and Fungi","floor":20,"turns":4},{"damage":49,"enemies":"Book of Stabbing","floor":24,"turns":4},{"damage":1,"enemies":"Snecko","floor":29,"turns":4},{"damage":18,"enemies":"Chosen and Byrds","floor":30,"turns":3},{"damage":20,"enemies":"Slavers","floor":31,"turns":4},{"damage":27,"enemies":"Champ","floor":33,"turns":7},{"damage":38,"enemies":"3 Darklings","floor":35,"turns":6},{"damage":77,"enemies":"2 Orb Walkers","floor":36,"turns":6},{"damage":15,"enemies":"3 Shapes","floor":41,"turns":2},{"damage":90,"enemies":"Reptomancer","floor":42,"turns":5}],"seed_played":"-5422770555214641379","potions_obtained":[{"floor":2,"key":"DistilledChaos"},{"floor":5,"key":"Swift Potion"},{"floor":7,"key":"BlessingOfTheForge"},{"floor":8,"key":"Doom Potion"},{"floor":16,"key":"SkillPotion"},{"floor":17,"key":"FairyPotion"},{"floor":19,"key":"SteroidPotion"},{"floor":29,"key":"sneckomod:MuddlingPotion"},{"floor":30,"key":"PowerPotion"},{"floor":33,"key":"Flashbang"},{"floor":35,"key":"Fruit Juice"},{"floor":36,"key":"Fire Potion"}],"is_trial":false,"path_per_floor":["M","M","$","?","M","R","E","M","T","E","R","T","M","?","R","B",null,"M","M","M","?","?","R","E","R","T","$","?","M","M","E","R","B",null,"M","?","?","?","$","R","M","E"],"character_chosen":"THE_SILENT","items_purchased":["Cloak And Dagger","Dodge and Roll","Adrenaline","Outmaneuver","Infinite Blades","expansioncontent:StudyTheSpire","LifebloodPotion","Dash","TwistedFunnel","AttackPotion","Energy Potion"],"campfire_rested":6,"item_purchase_floors":[3,3,27,27,27,27,27,27,39,39,39],"current_hp_per_floor":[77,77,77,77,73,73,41,37,37,28,51,51,47,47,70,63,82,64,62,38,32,32,56,7,31,31,34,34,36,21,4,32,8,97,67,28,58,58,58,91,79,0,0],"gold":91,"neow_bonus":"TEN_PERCENT_HP_BONUS","is_daily":false,"chose_seed":false,"campfire_upgraded":1,"win_rate":0.0,"timestamp":1609012415,"path_taken":["M","M","$","?","?","R","E","M","T","E","R","?","?","?","R","BOSS","M","M","M","?","?","R","E","R","T","$","?","M","?","E","R","BOSS","M","?","?","?","$","R","M","E"],"items_purchased_type":["Card","Card","Card","Card","Card","Card","Potion","Card","Relic","Potion","Potion"],"build_version":"2020-12-22","purchased_purges":1,"victory":false,"max_hp_per_floor":[77,77,77,77,77,77,77,77,77,77,77,77,77,77,77,77,82,82,82,82,82,82,82,82,82,82,85,85,88,91,94,94,97,97,105,108,111,111,111,111,114,114,114],"card_choices":[{"not_picked":["Blade Dance","Sucker Punch"],"picked":"Cloak And Dagger","floor":1},{"not_picked":["hubris:SlightOfHand","PiercingWail"],"picked":"Bouncing Flask","floor":2},{"not_picked":["Bane","PiercingWail"],"picked":"Hidden Blade","floor":5},{"not_picked":["Well Laid Plans","Prepared"],"picked":"Bouncing Flask","floor":7},{"not_picked":["Outmaneuver","Deflect"],"picked":"Hidden Blade","floor":8},{"not_picked":["Heel Hook","Dagger Throw"],"picked":"ReplayTheSpireMod:From All Sides","floor":10},{"not_picked":["Finisher","Slice"],"picked":"Catalyst","floor":13},{"not_picked":["Glass Knife","Die Die Die"],"picked":"Replay:Bag of Tricks","floor":16},{"not_picked":["ReplayTheSpireMod:Shiv Toss","Cloak And Dagger"],"picked":"Bouncing Flask","floor":17},{"not_picked":["Prepared","hubris:TrickCloak+1"],"picked":"Bane+1","floor":18},{"not_picked":["ReplayTheSpireMod:Scrap Shanks","Backstab"],"picked":"Flying Knee","floor":19},{"not_picked":["Deflect","Underhanded Strike+1"],"picked":"Blade Dance","floor":20},{"not_picked":["hubris:SlightOfHand+1","Deflect"],"picked":"Draining Mist","floor":24},{"not_picked":["Glass Knife","Dash+1"],"picked":"Flying Knee","floor":29},{"not_picked":["Escape Plan+1","Hidden Blade+1"],"picked":"Backflip+1","floor":30},{"not_picked":["Caltrops","Blade Dance+1"],"picked":"Noxious Fumes","floor":31},{"not_picked":["Wraith Form v2","Tools of the Trade"],"picked":"Envenom","floor":33},{"not_picked":["ReplayTheSpireMod:Tripwire","Choke+1"],"picked":"Deadly Poison+1","floor":35},{"not_picked":["Caltrops+1","hubris:Counter+1"],"picked":"Outmaneuver+1","floor":36},{"not_picked":["hubris:Counter+1","Backflip+1"],"picked":"Catalyst","floor":41}],"player_experience":184264,"relics_obtained":[{"floor":7,"key":"Thread and Needle"},{"floor":10,"key":"Snake Skull"},{"floor":12,"key":"Letter Opener"},{"floor":22,"key":"Ring of Fury"},{"floor":22,"key":"Ring of Hypnosis"},{"floor":24,"key":"Replay:Rubber Ducky"},{"floor":26,"key":"Replay:Ringing Soul"},{"floor":28,"key":"hubris:GlazedTorus"},{"floor":31,"key":"Art of War"},{"floor":36,"key":"Turnip"}],"event_choices":[{"damage_healed":0,"gold_gain":275,"player_choice":"Desecrate","damage_taken":0,"max_hp_gain":0,"max_hp_loss":0,"event_name":"Golden Shrine","floor":4,"gold_loss":0,"cards_obtained":["Regret"]},{"cards_removed":["Regret"],"damage_healed":0,"gold_gain":0,"player_choice":"Card Removal","damage_taken":0,"max_hp_gain":0,"max_hp_loss":0,"event_name":"The Cleric","floor":14,"gold_loss":50},{"damage_healed":0,"gold_gain":0,"player_choice":"Joined the Cult","damage_taken":6,"max_hp_gain":0,"max_hp_loss":0,"event_name":"Nest","floor":21,"gold_loss":0,"cards_obtained":["RitualDagger"]},{"damage_healed":0,"gold_gain":0,"player_choice":"Relic","damage_taken":0,"max_hp_gain":0,"max_hp_loss":0,"event_name":"Wheel of Change","floor":28,"gold_loss":0},{"damage_healed":0,"gold_gain":0,"player_choice":"Fight","damage_taken":0,"max_hp_gain":0,"max_hp_loss":0,"event_name":"Mysterious Sphere","floor":36,"gold_loss":0},{"damage_healed":27,"gold_gain":0,"player_choice":"Writhe","damage_taken":0,"max_hp_gain":0,"max_hp_loss":0,"event_name":"Winding Halls","floor":37,"gold_loss":0,"cards_obtained":["Writhe"]},{"cards_removed":["Writhe"],"damage_healed":0,"gold_gain":0,"player_choice":"Purged","damage_taken":0,"max_hp_gain":0,"max_hp_loss":0,"event_name":"Purifier","floor":38,"gold_loss":0}],"is_beta":false,"boss_relics":[{"not_picked":["hubris:CrackedHourglass","Velvet Choker"],"picked":"Tiny House"},{"not_picked":["Astrolabe","Replay:Drink Me","hubris:RunicObelisk"]}],"items_purged_floors":[27],"is_endless":false,"potions_floor_spawned":[2,5,7,8,16,19,29,30,33,35,36],"killed_by":"Reptomancer","ascension_level":2}}