{"host":"34l0xwm4k3e7q5n2","time":1609019013,"event":{"mods":["2.2 Compatiblity","BaseMod","Colored Powertips","Conspire","Downfall","Hubris","Infinite Spire","Koishi","Marisa????????","Minty Spire (QoL Compilation)","Prisma Mod","Reimu??????","Replay The Spire","StSLib","SuperFastMode","Td1madao Mod","The Servant 0.9.4","The Wild Card"],"gold_per_floor":[109,109,126,146,101,136,136,136,185,203,203,227,227,248,248,368,368,389,414,414,258,274,274,299,314,314,314,357,375,400,400,400,526,526,545,391,391,291,291,329,329,370,397,421,445,519,549,599,611,623,635,647,370,406,406],"floor_reached":56,"playtime":9307,"items_purged":["Strike_Lin:ReiMu","Defend_Lin:ReiMu","Defend_Lin:ReiMu"],"score":1331,"play_id":"299b6e1b-8858-4d70-9c2f-4e93e6f24364","local_time":"20201226224333","is_ascension_mode":true,"campfire_choices":[{"data":"AirManeuver:ReiMu","floor":8.0,"key":"SMITH"},{"data":"Meditation:ReiMu","floor":13,"key":"SMITH"},{"floor":15,"key":"REST"},{"floor":23,"key":"REST"},{"data":"FantasyMoon:ReiMu","floor":27,"key":"SMITH"},{"data":"Strike_Lin:ReiMu","floor":32,"key":"PURGE"},{"floor":49,"key":"RECALL"},{"data":"FineLineFantasy:ReiMu","floor":52,"key":"SMITH"}],"circlet_count":0,"master_deck":["Defend_Lin:ReiMu","NB:ReiMu","Stagnation:ReiMu","AirManeuver:ReiMu+1","Revelation:ReiMu","RainPray2:ReiMu","WonderfulDomain:ReiMu","UniversalSpiritual:ReiMu","Meditation:ReiMu+1","Amulet:ReiMu","EmergencyTakeOff:ReiMu","CardOfSanctity:ReiMu","ShadowOfCrow2:ReiMu+1","RainPray2:ReiMu+1","Finesse","FantasyMoon:ReiMu+1","SpreadBorder2:ReiMu","FineLineFantasy:ReiMu","SafetyPray:ReiMu+1","PassingAway:ReiMu+1","Defend_Lin:ReiMu+1","Defend_Lin:ReiMu+1","Defend_Lin:ReiMu+1","NB:ReiMu+1","Stagnation:ReiMu+1","SealNeedle:ReiMu","AirManeuver:ReiMu+1","Revelation:ReiMu+1","RainPray2:ReiMu+1","WonderfulDomain:ReiMu+1","UniversalSpiritual:ReiMu","Meditation:ReiMu+1","Amulet:ReiMu+1","EmergencyTakeOff:ReiMu+1","ShadowOfCrow2:ReiMu+1","RainPray2:ReiMu+1","Finesse+1","FantasyMoon:ReiMu+1","SpreadBorder2:ReiMu+1","FineLineFantasy:ReiMu+1","SafetyPray:ReiMu+1","PassingAway:ReiMu+1","KamiRite:ReiMu+1","OrbThrow:ReiMu+1","Revelation:ReiMu+1","ShadowOfCrow2:ReiMu+1","LovePray:ReiMu+1","Specialist","Apotheosis+1","hubris:DuctTapeCard","Gathering:ReiMu+1","ManaGlint:ReiMu","LovePray:ReiMu+1","RainPray2:ReiMu+1","AirManeuver:ReiMu+1","Meditation:ReiMu+1","Master of Strategy+1","SubcavityFantasy:ReiMu+1"],"relics":["FlyPower:ReiMu","Pet Ghost","Golden Idol","CrownOfHeavens:ReiMu","Toxic Egg 2","ReplayTheSpireMod:TigerMarble","Astrolabe","DollysMirror","hubris:DuctTape","hubris:Towel","Snack Pack","Blue Doll","MawBank","Replay:WaspNest","Boot"],"acts_visited":["Exordium","TheCity","TheBeyond","TheEnding"],"potions_floor_usage":[16,18,19,28,55,55,55],"damage_taken":[{"damage":0.0,"enemies":"2 Louse","floor":1.0,"turns":6.0},{"damage":3.0,"enemies":"Cultist","floor":3.0,"turns":6.0},{"damage":0.0,"enemies":"conspire:RoseBush","floor":4.0,"turns":5.0},{"damage":0.0,"enemies":"Looter","floor":5.0,"turns":5.0},{"damage":0.0,"enemies":"Replay:BlueRogue","floor":6.0,"turns":20.0},{"damage":8.0,"enemies":"Exordium Wildlife","floor":10.0,"turns":11.0},{"damage":0.0,"enemies":"Blue Slaver","floor":12.0,"turns":7.0},{"damage":6,"enemies":"Exordium Thugs","floor":14,"turns":11},{"damage":11,"enemies":"Fading Forest","floor":16,"turns":11},{"damage":7,"enemies":"Chosen","floor":18,"turns":9},{"damage":4,"enemies":"2 Thieves","floor":19,"turns":5},{"damage":30,"enemies":"Sentry and Sphere","floor":22,"turns":10},{"damage":0,"enemies":"Chosen and Byrds","floor":24,"turns":5},{"damage":0,"enemies":"conspire:HollyBat","floor":25,"turns":7},{"damage":0,"enemies":"conspire:Head Lice","floor":28,"turns":7},{"damage":0,"enemies":"Snake Plant","floor":29,"turns":4},{"damage":25,"enemies":"3 Cultists","floor":30,"turns":6},{"damage":0,"enemies":"conspire:MysteriousRune","floor":33,"turns":7},{"damage":3,"enemies":"3 Shapes","floor":35,"turns":3},{"damage":0,"enemies":"Giant Head","floor":40,"turns":6},{"damage":0,"enemies":"Nemesis","floor":42,"turns":5},{"damage":0,"enemies":"Orb Walker","floor":44,"turns":4},{"damage":7,"enemies":"4 Shapes","floor":45,"turns":3},{"damage":4,"enemies":"Transient","floor":47,"turns":5},{"damage":15,"enemies":"Reptomancer","floor":48,"turns":5},{"damage":10,"enemies":"Replay:Hell Engine","floor":50,"turns":7},{"damage":19,"enemies":"Shield and Spear","floor":54,"turns":4},{"damage":25,"enemies":"The Heart","floor":55,"turns":6}],"seed_played":"-5244799386805029522","potions_obtained":[{"floor":1.0,"key":"LifebloodPotion"},{"floor":4.0,"key":"Swift Potion"},{"floor":6.0,"key":"Fire Potion"},{"floor":10.0,"key":"LifebloodPotion"},{"floor":18,"key":"Energy Potion"},{"floor":22,"key":"PinkPotion:ReiMu"},{"floor":24,"key":"ZuzhouPotion:ReiMu"},{"floor":25,"key":"Fire Potion"},{"floor":35,"key":"EssenceOfSteel"},{"floor":44,"key":"GrandPatriotsElixir:ReiMu"},{"floor":45,"key":"PinkPotion:ReiMu"}],"is_trial":false,"path_per_floor":["M","?","M","M","M","E","?","R","T","M","?","M","R","M","R","B",null,"M","M","?","$","M","R","M","M","T","R","E","M","M","?","R","B",null,"M","$","?","$","?","E","?","E","T","M","M","?","M","E","R","B",null,"R","$","E","B",null],"character_chosen":"REIMU","items_purchased":["Finesse","DollysMirror","Master of Strategy+1"],"campfire_rested":2,"item_purchase_floors":[21,36,53],"current_hp_per_floor":[65,65,62,62,62,62,62,62,62,54,38,38,38,32,51,40,65,58,54,54,54,24,43,43,43,43,43,43,43,18,18,18,18,65,62,62,52,52,52,52,52,52,52,52,47,31,31,16,16,8,65,65,65,46,25],"gold":406,"neow_bonus":"TRANSFORM_CARD","is_daily":false,"chose_seed":false,"campfire_upgraded":4,"win_rate":0.0,"timestamp":1609019013,"path_taken":["M","?","M","M","?","E","?","R","T","M","?","M","R","?","R","BOSS","M","M","?","$","M","R","M","M","T","R","E","M","M","?","R","BOSS","M","$","?","$","?","E","?","E","T","?","M","?","M","E","R","BOSS","R","$","E","BOSS"],"items_purchased_type":["Card","Relic","Card"],"build_version":"2020-12-22","purchased_purges":3,"victory":true,"max_hp_per_floor":[65,65,65,65,65,65,65,65,65,65,65,65,65,65,65,65,65,65,65,65,65,65,65,65,65,65,65,65,65,65,65,65,65,65,65,65,65,65,65,65,65,65,65,65,65,65,65,65,65,65,65,65,65,65,65],"card_choices":[{"not_picked":["YinYangSign:ReiMu","Intuition:ReiMu"],"picked":"AirManeuver:ReiMu","floor":1.0},{"not_picked":["ForcedLanding:ReiMu","Conquer:ReiMu"],"picked":"Revelation:ReiMu","floor":3.0},{"not_picked":["AlertArray:ReiMu","OrbThrow:ReiMu"],"picked":"RainPray2:ReiMu","floor":4.0},{"not_picked":["EmergencyTakeOff:ReiMu","TightArray:ReiMu"],"picked":"WonderfulDomain:ReiMu","floor":5.0},{"not_picked":["MikOfLucky:ReiMu","Dreaming2:ReiMu"],"picked":"UniversalSpiritual:ReiMu","floor":6.0},{"not_picked":["Enchanting:ReiMu","TightArray:ReiMu"],"picked":"Meditation:ReiMu","floor":10.0},{"not_picked":["ManaGlint:ReiMu","Mountainwind:ReiMu"],"picked":"Amulet:ReiMu","floor":12.0},{"not_picked":["DependentForm:ReiMu","AlertArray:ReiMu"],"picked":"EmergencyTakeOff:ReiMu","floor":14},{"not_picked":["RunawayExorcism:ReiMu","Determination:ReiMu"],"picked":"CardOfSanctity:ReiMu","floor":16},{"not_picked":["WonderfulDomain:ReiMu","PhosphorusFlame:ReiMu+1"],"picked":"ShadowOfCrow2:ReiMu+1","floor":18},{"not_picked":["EmergencyTakeOff:ReiMu","Amulet:ReiMu+1"],"picked":"RainPray2:ReiMu+1","floor":19},{"not_picked":["OctopathBindingBorder2:ReiMu+1","KamiSacrifice:ReiMu","CareerPray:ReiMu"],"picked":"SKIP","floor":22},{"not_picked":["Conquer:ReiMu+1","OrbThrow:ReiMu"],"picked":"FantasyMoon:ReiMu","floor":24},{"not_picked":["Conquer:ReiMu","Enchanting:ReiMu"],"picked":"SpreadBorder2:ReiMu","floor":25},{"not_picked":["FoulBorder2:ReiMu","Enchanting:ReiMu+1"],"picked":"FineLineFantasy:ReiMu","floor":28},{"not_picked":["OrbThrow:ReiMu","Shading:ReiMu+1"],"picked":"SafetyPray:ReiMu+1","floor":29},{"not_picked":["Intuition:ReiMu+1","OctopathBindingBorder2:ReiMu"],"picked":"PassingAway:ReiMu+1","floor":30},{"not_picked":["SubcavityFantasy:ReiMu+1","BlastKick2:ReiMu"],"picked":"KamiRite:ReiMu+1","floor":33},{"not_picked":["PayForSelf:ReiMu+1","WonderfulDomain:ReiMu+1"],"picked":"LovePray:ReiMu+1","floor":35},{"not_picked":["expansioncontent:DonusPower+1","Chrysalis+1"],"picked":"Specialist","floor":37},{"not_picked":["Bandage Up+1","Replay:Sssssssssstrike"],"picked":"Apotheosis+1","floor":37},{"not_picked":["LovePray:ReiMu+1","SubAcupoint:ReiMu"],"picked":"Gathering:ReiMu+1","floor":40},{"not_picked":["OrbThrow:ReiMu+1","SafetyPray:ReiMu+1"],"picked":"ManaGlint:ReiMu","floor":42},{"not_picked":["EmergencyTakeOff:ReiMu+1","AirManeuver:ReiMu+1"],"picked":"LovePray:ReiMu+1","floor":44},{"not_picked":["KamiSacrifice:ReiMu+1","OrbThrow:ReiMu+1","OctopathBindingBorder2:ReiMu+1"],"picked":"SKIP","floor":45},{"not_picked":["SubcavityInstant:ReiMu+1","UniversalSpiritual:ReiMu"],"picked":"RainPray2:ReiMu+1","floor":46},{"not_picked":["Conquer:ReiMu+1","UniversalSpiritual:ReiMu"],"picked":"AirManeuver:ReiMu+1","floor":46},{"not_picked":["NineCharacters:ReiMu+1","Amulet:ReiMu+1"],"picked":"Meditation:ReiMu+1","floor":47},{"not_picked":["BarrageOfMoneybags:ReiMu+1","SealNeedle:ReiMu+1","ForcedLanding:ReiMu+1"],"picked":"SKIP","floor":48},{"not_picked":["TightArray:ReiMu","ForcedLanding:ReiMu+1"],"picked":"SubcavityFantasy:ReiMu+1","floor":54}],"player_experience":553311,"relics_obtained":[{"floor":6.0,"key":"Pet Ghost"},{"floor":26,"key":"Toxic Egg 2"},{"floor":28,"key":"ReplayTheSpireMod:TigerMarble"},{"floor":40,"key":"hubris:DuctTape"},{"floor":42,"key":"Snack Pack"},{"floor":43,"key":"Blue Doll"},{"floor":46,"key":"MawBank"},{"floor":48,"key":"Replay:WaspNest"},{"floor":54,"key":"Boot"}],"event_choices":[{"cards_removed":["Defend_Lin:ReiMu"],"damage_healed":0.0,"max_hp_gain":0.0,"max_hp_loss":0.0,"gold_gain":0.0,"event_name":"Purifier","player_choice":"Purged","floor":2.0,"gold_loss":0.0,"damage_taken":0.0},{"damage_healed":0.0,"max_hp_gain":0.0,"max_hp_loss":0.0,"gold_gain":0.0,"event_name":"Golden Idol","player_choice":"Take Damage","floor":11.0,"gold_loss":0.0,"damage_taken":16.0,"relics_obtained":["Golden Idol"]},{"damage_healed":0,"gold_gain":0,"player_choice":"Ignored","damage_taken":0,"max_hp_gain":0,"max_hp_loss":0,"event_name":"Vampires","floor":20,"gold_loss":0},{"damage_healed":0,"gold_gain":0,"player_choice":"Memory 3","damage_taken":10,"max_hp_gain":0,"max_hp_loss":0,"event_name":"SensoryStone","floor":37,"gold_loss":0},{"cards_removed":["SealNeedle:ReiMu"],"damage_healed":0,"gold_gain":0,"player_choice":"Removed Attack","damage_taken":0,"max_hp_gain":0,"max_hp_loss":0,"event_name":"Falling","floor":39,"gold_loss":0}],"is_beta":false,"boss_relics":[{"not_picked":["Replay:Wanted Poster","RedLine:ReiMu"],"picked":"CrownOfHeavens:ReiMu"},{"not_picked":["hubris:HollowSoul","Tiny House"],"picked":"Astrolabe"}],"items_purged_floors":[21,38,53],"is_endless":false,"potions_floor_spawned":[1,4,6,10,18,22,24,25,35,42,44,45,48],"ascension_level":1}}