{"host":"3jpwrwmmgyabjceh","time":1609011272,"event":{"mods":["AchievementEnabler","BaseMod","Colored Map","Colored Powertips","Highlight Path","Minty Spire (QoL Compilation)","Quick Restart","StSLib"],"gold_per_floor":[118,130,149,161,180,180,197,197,221,1,35,35,50,62,62,166,166,182,202,117,117,133,161,161,175,243,243,255,155,155,171,171,270,270,285,285,285,44,44,44,72,72,153,153,170,170,180,180,180,180,180],"floor_reached":50,"playtime":1461,"items_purged":["Strike_R","Strike_R"],"score":680,"play_id":"6a456c8c-fb4d-409a-ae80-ba9cd1d9004b","local_time":"20201226223432","is_ascension_mode":true,"campfire_choices":[{"data":"Body Slam","floor":6.0,"key":"SMITH"},{"data":"Cleave","floor":8.0,"key":"SMITH"},{"data":"Reaper","floor":12.0,"key":"SMITH"},{"data":"Pommel Strike","floor":15.0,"key":"SMITH"},{"data":"Shrug It Off","floor":24.0,"key":"SMITH"},{"data":"Heavy Blade","floor":32,"key":"SMITH"},{"floor":40,"key":"RECALL"},{"floor":42,"key":"REST"},{"floor":46,"key":"REST"},{"floor":49,"key":"REST"}],"circlet_count":0,"master_deck":["Strike_R","Defend_R+1","Defend_R","Defend_R+1","Bash+1","Body Slam+1","Carnage","Pommel Strike+1","Cleave+1","Burning Pact+1","Reaper+1","True Grit+1","Shrug It Off+1","Heavy Blade+1","Twin Strike","Battle Trance","Immolate","Power Through+1"],"relics":["Burning Blood","Nunchaku","Brimstone","StrikeDummy","Mark of Pain","Tiny Chest","PreservedInsect","Orichalcum","Shuriken","Fusion Hammer","Paper Frog","War Paint","White Beast Statue","Frozen Egg 2"],"acts_visited":["Exordium","TheCity","TheBeyond"],"potions_floor_usage":[28,31,47,47],"damage_taken":[{"damage":1.0,"enemies":"Cultist","floor":1.0,"turns":3.0},{"damage":5.0,"enemies":"Small Slimes","floor":2.0,"turns":4.0},{"damage":3.0,"enemies":"2 Louse","floor":3.0,"turns":2.0},{"damage":14.0,"enemies":"Exordium Wildlife","floor":4.0,"turns":6.0},{"damage":3.0,"enemies":"Blue Slaver","floor":5.0,"turns":3.0},{"damage":7.0,"enemies":"Looter","floor":7.0,"turns":3.0},{"damage":6.0,"enemies":"3 Sentries","floor":11.0,"turns":3.0},{"damage":9.0,"enemies":"Large Slime","floor":13.0,"turns":2.0},{"damage":8.0,"enemies":"Exordium Wildlife","floor":14.0,"turns":2.0},{"damage":77.0,"enemies":"Hexaghost","floor":16.0,"turns":5.0},{"damage":23.0,"enemies":"Shell Parasite","floor":18.0,"turns":3.0},{"damage":12.0,"enemies":"2 Thieves","floor":19.0,"turns":2.0},{"damage":29.0,"enemies":"Chosen and Byrds","floor":22.0,"turns":4.0},{"damage":0.0,"enemies":"Gremlin Leader","floor":23.0,"turns":3.0},{"damage":0,"enemies":"Snecko","floor":25,"turns":3},{"damage":0,"enemies":"Cultist and Chosen","floor":28,"turns":3},{"damage":13,"enemies":"Centurion and Healer","floor":31,"turns":3},{"damage":39,"enemies":"Collector","floor":33,"turns":7},{"damage":19,"enemies":"3 Darklings","floor":35,"turns":2},{"damage":0,"enemies":"Giant Head","floor":41,"turns":4},{"damage":11,"enemies":"Orb Walker","floor":45,"turns":2},{"damage":17,"enemies":"Maw","floor":47,"turns":4},{"damage":107,"enemies":"Awakened One","floor":50,"turns":7}],"seed_played":"6089473118542479692","potions_obtained":[{"floor":1.0,"key":"Swift Potion"},{"floor":5.0,"key":"Block Potion"},{"floor":7.0,"key":"Explosive Potion"},{"floor":11.0,"key":"Explosive Potion"},{"floor":13.0,"key":"GamblersBrew"},{"floor":22.0,"key":"EssenceOfSteel"},{"floor":23.0,"key":"LiquidMemories"},{"floor":45,"key":"Regen Potion"},{"floor":47,"key":"BlessingOfTheForge"}],"is_trial":false,"path_per_floor":["M","M","M","M","M","R","M","R","T","$","E","R","M","M","R","B",null,"M","M","?","?","M","E","R","M","T","?","M","$","T","M","R","B",null,"M","?","?","$","$","R","E","R","T","T","M","R","M","?","R","B"],"character_chosen":"IRONCLAD","items_purchased":["Brimstone","Paper Frog"],"campfire_rested":3,"item_purchase_floors":[10,38],"current_hp_per_floor":[80,80,80,72,75,75,74,74,74,74,74,74,71,69,69,14,64,63,57,57,57,44,71,71,80,80,80,80,80,80,80,80,58,75,62,62,62,62,62,62,80,80,80,80,75,80,74,74,80,0,0],"gold":180,"neow_bonus":"UPGRADE_CARD","is_daily":false,"chose_seed":false,"campfire_upgraded":6,"win_rate":0.0,"timestamp":1609011272,"path_taken":["M","M","M","?","M","R","M","R","T","$","E","R","M","M","R","BOSS","M","M","?","?","?","E","R","M","T","?","M","$","?","M","R","BOSS","M","?","?","?","$","R","E","R","T","?","?","R","M","?","R","BOSS"],"items_purchased_type":["Relic","Relic"],"build_version":"2020-12-22","purchased_purges":2,"victory":false,"max_hp_per_floor":[80,80,80,80,80,80,80,80,80,80,80,80,80,80,80,80,80,80,80,80,80,80,80,80,80,80,80,80,80,80,80,80,80,80,80,80,80,80,80,80,80,80,80,80,80,80,80,80,80,80,80],"card_choices":[{"not_picked":["Sentinel","Metallicize"],"picked":"Body Slam","floor":1.0},{"not_picked":["Sever Soul","Wild Strike"],"picked":"Carnage","floor":2.0},{"not_picked":["True Grit","Combust"],"picked":"Pommel Strike","floor":3.0},{"not_picked":["Second Wind","Evolve","Warcry"],"picked":"SKIP","floor":4.0},{"not_picked":["Shrug It Off","Havoc"],"picked":"Cleave","floor":5.0},{"not_picked":["Power Through","Feel No Pain"],"picked":"Burning Pact","floor":7.0},{"not_picked":["Burning Pact","Twin Strike"],"picked":"Reaper","floor":11.0},{"not_picked":["Disarm","Sword Boomerang","Cleave"],"picked":"SKIP","floor":13.0},{"not_picked":["Havoc","Pommel Strike","Infernal Blade"],"picked":"SKIP","floor":14.0},{"not_picked":["Havoc","Pommel Strike","Infernal Blade"],"picked":"SKIP","floor":14.0},{"not_picked":["True Grit","Twin Strike+1","Warcry"],"picked":"SKIP","floor":18.0},{"not_picked":["True Grit","Clothesline+1","Headbutt"],"picked":"SKIP","floor":19.0},{"not_picked":["Headbutt","Flex"],"picked":"True Grit+1","floor":22.0},{"not_picked":["Feed","Twin Strike"],"picked":"Shrug It Off","floor":23.0},{"not_picked":["Rupture","Thunderclap"],"picked":"Heavy Blade","floor":25},{"not_picked":["Flex","Body Slam","Iron Wave"],"picked":"SKIP","floor":28},{"not_picked":["Iron Wave","Sword Boomerang","Perfected Strike"],"picked":"SKIP","floor":31},{"not_picked":["Offering","Double Tap"],"picked":"Immolate","floor":33},{"not_picked":["Dark Embrace","Pommel Strike+1","True Grit+1"],"picked":"SKIP","floor":35},{"not_picked":["Infernal Blade","Warcry","Rampage"],"picked":"SKIP","floor":41},{"not_picked":["Warcry","Clash"],"picked":"Power Through+1","floor":45},{"not_picked":["Sword Boomerang+1","Perfected Strike","Ghostly Armor+1"],"picked":"SKIP","floor":47}],"player_experience":290339,"relics_obtained":[{"floor":9.0,"key":"Nunchaku"},{"floor":11.0,"key":"StrikeDummy"},{"floor":23.0,"key":"Orichalcum"},{"floor":26,"key":"Shuriken"},{"floor":41,"key":"War Paint"},{"floor":43,"key":"White Beast Statue"},{"floor":44,"key":"Frozen Egg 2"}],"event_choices":[{"damage_healed":0.0,"max_hp_gain":0.0,"max_hp_loss":0.0,"gold_gain":0.0,"event_name":"Addict","player_choice":"Obtained Relic","floor":20.0,"gold_loss":85.0,"damage_taken":0.0,"relics_obtained":["Tiny Chest"]},{"damage_healed":0.0,"max_hp_gain":0.0,"max_hp_loss":0.0,"gold_gain":0.0,"event_name":"The Mausoleum","player_choice":"Opened","floor":21.0,"gold_loss":0.0,"damage_taken":0.0,"relics_obtained":["PreservedInsect"]},{"damage_healed":0,"gold_gain":0,"cards_transformed":["Strike_R","Strike_R"],"player_choice":"Became Test Subject","damage_taken":0,"max_hp_gain":0,"max_hp_loss":0,"event_name":"Drug Dealer","floor":27,"gold_loss":0,"cards_obtained":["Twin Strike","Battle Trance"]},{"cards_removed":["Defend_R"],"damage_healed":0,"gold_gain":0,"player_choice":"Removed Skill","damage_taken":0,"max_hp_gain":0,"max_hp_loss":0,"event_name":"Falling","floor":36,"gold_loss":0},{"damage_healed":0,"gold_gain":0,"player_choice":"Memory 1","damage_taken":0,"max_hp_gain":0,"max_hp_loss":0,"event_name":"SensoryStone","floor":37,"gold_loss":0},{"damage_healed":0,"gold_gain":0,"player_choice":"Forge","damage_taken":0,"max_hp_gain":0,"max_hp_loss":0,"event_name":"Accursed Blacksmith","floor":48,"gold_loss":0,"cards_upgraded":["Burning Pact"]}],"is_beta":false,"boss_relics":[{"not_picked":["Snecko Eye","Empty Cage"],"picked":"Mark of Pain"},{"not_picked":["Astrolabe","Philosopher\u0027s Stone"],"picked":"Fusion Hammer"}],"items_purged_floors":[10,29],"is_endless":false,"potions_floor_spawned":[1,5,7,11,13,22,23,25,45,47],"killed_by":"Awakened One","ascension_level":5}}