{"host":"j45ucdvl5ntpx4kf","time":1609006119,"event":{"mods":["AchievementEnabler","BaseMod","Colored Map","Colored Powertips","Minty Spire (QoL Compilation)","StSLib"],"gold_per_floor":[116,131,52,69,169,169,182,132,184,184,31,55,78,113,113,239,239,262,277,292,242,142,142,142,142],"floor_reached":24,"playtime":1201,"items_purged":["Injury","Strike_R"],"score":228,"play_id":"f290f38e-fe09-4e2b-867b-9fb3ac2bff2e","local_time":"20201226130839","is_ascension_mode":true,"campfire_choices":[{"data":"Barricade","floor":6,"key":"SMITH"},{"data":"Entrench","floor":15,"key":"SMITH"},{"data":"Metallicize","floor":23,"key":"SMITH"}],"circlet_count":0,"master_deck":["Strike_R","Strike_R","Strike_R+1","Strike_R","Defend_R","Defend_R","Defend_R","Defend_R","Bash","Barricade+1","Rage","Entrench+1","Cleave+1","Ghostly Armor","Metallicize+1","Shrug It Off"],"relics":["Burning Blood","Whetstone","Golden Idol","Boot","Coffee Dripper"],"acts_visited":["Exordium","TheCity"],"potions_floor_usage":[16,19,19,24],"damage_taken":[{"damage":2,"enemies":"Jaw Worm","floor":1,"turns":3},{"damage":8,"enemies":"Cultist","floor":2,"turns":4},{"damage":0,"enemies":"Small Slimes","floor":4,"turns":3},{"damage":18,"enemies":"Blue Slaver","floor":7,"turns":5},{"damage":0,"enemies":"Exordium Wildlife","floor":12,"turns":5},{"damage":8,"enemies":"Red Slaver","floor":13,"turns":4},{"damage":9,"enemies":"3 Sentries","floor":14,"turns":14},{"damage":19,"enemies":"The Guardian","floor":16,"turns":23},{"damage":17,"enemies":"Spheric Guardian","floor":18,"turns":9},{"damage":14,"enemies":"Chosen","floor":19,"turns":8},{"damage":17,"enemies":"Snake Plant","floor":20,"turns":9},{"damage":52,"enemies":"Book of Stabbing","floor":24,"turns":10}],"seed_played":"-7482405970221934106","potions_obtained":[{"floor":2,"key":"Regen Potion"},{"floor":4,"key":"Strength Potion"},{"floor":14,"key":"LiquidBronze"},{"floor":20,"key":"PowerPotion"}],"is_trial":false,"path_per_floor":["M","M","$","M","?","R","M","?","T","?","$","M","M","E","R","B",null,"M","M","M","?","$","R","E"],"character_chosen":"IRONCLAD","items_purchased":["Entrench","Metallicize"],"campfire_rested":0,"item_purchase_floors":[3,11],"current_hp_per_floor":[80,78,78,80,80,80,68,68,68,68,68,74,72,69,69,71,80,69,61,50,50,50,50,0,0],"gold":142,"neow_bonus":"THREE_RARE_CARDS","is_daily":false,"chose_seed":false,"campfire_upgraded":3,"win_rate":0.0,"timestamp":1609006119,"path_taken":["M","M","$","M","?","R","?","?","T","?","?","M","?","E","R","BOSS","M","M","M","?","?","R","E"],"items_purchased_type":["Card","Card"],"build_version":"2020-12-22","purchased_purges":2,"victory":false,"max_hp_per_floor":[80,80,80,80,80,80,80,80,80,80,80,80,80,80,80,80,80,80,80,80,80,80,80,80,80],"card_choices":[{"not_picked":["Corruption","Juggernaut"],"picked":"Barricade","floor":0},{"not_picked":["Power Through","Dark Embrace"],"picked":"Rage","floor":1},{"not_picked":["Havoc","Perfected Strike","Hemokinesis"],"picked":"SKIP","floor":2},{"not_picked":["Whirlwind","Flame Barrier"],"picked":"Cleave","floor":4},{"not_picked":["Sever Soul","Clash"],"picked":"Ghostly Armor","floor":7},{"not_picked":["Clothesline","Clash","Flex"],"picked":"SKIP","floor":12},{"not_picked":["Uppercut","Carnage","Pummel"],"picked":"SKIP","floor":13},{"not_picked":["Thunderclap","Anger","Double Tap"],"picked":"SKIP","floor":14},{"not_picked":["Pommel Strike","Cleave"],"picked":"Shrug It Off","floor":18},{"not_picked":["True Grit","Sword Boomerang","Cleave"],"picked":"SKIP","floor":19},{"not_picked":["Cleave","Twin Strike","Wild Strike+1"],"picked":"SKIP","floor":20}],"player_experience":102893,"relics_obtained":[{"floor":9,"key":"Whetstone"},{"floor":14,"key":"Boot"}],"event_choices":[{"damage_healed":0,"gold_gain":100,"player_choice":"Pray","damage_taken":0,"max_hp_gain":0,"max_hp_loss":0,"event_name":"Golden Shrine","floor":5,"gold_loss":0},{"cards_removed":["Writhe"],"damage_healed":0,"gold_gain":0,"player_choice":"Card Removal","damage_taken":0,"max_hp_gain":0,"max_hp_loss":0,"event_name":"The Cleric","floor":8,"gold_loss":50},{"damage_healed":0,"gold_gain":0,"player_choice":"Take Wound","damage_taken":0,"relics_obtained":["Golden Idol"],"max_hp_gain":0,"max_hp_loss":0,"event_name":"Golden Idol","floor":10,"gold_loss":0,"cards_obtained":["Injury"]},{"damage_healed":0,"gold_gain":0,"player_choice":"Bet on Murderer","damage_taken":0,"max_hp_gain":0,"max_hp_loss":0,"event_name":"The Joust","floor":21,"gold_loss":50}],"is_beta":false,"boss_relics":[{"not_picked":["Ectoplasm","Snecko Eye"],"picked":"Coffee Dripper"}],"items_purged_floors":[11,22],"is_endless":false,"potions_floor_spawned":[2,4,14,20],"killed_by":"Book of Stabbing","ascension_level":3}}