{"host":"3j2m8n0ywf988fwb","time":1609006659,"event":{"mods":["2.2 Compatiblity","Act Like it!","Aspiration","BaseMod","Beaked The Cultist","Better Altar","Better Match","Better Note","Better Sensory Stone","Better Skull","Better Third Choice","CCEM","Colored Map","Colored Powertips","Conspire","Energized Spire","GifTheSpireLib","Googly Eyes","Halation","Hallownest","Highlight Path","Hubris","Infinite Spire","Jedi Mod","Marisa????????","Marked Mod","Mimic Mod","Minty Spire (QoL Compilation)","Random Character Button","Relic Stats","Replay The Spire","Robot Space Explorer","Shop Mod","Somnambulant","StSLib","Stuff the Spire","The Bug Knight","The Hierophant","The Marked","The Runesmith","TheFirefly","Unceasing Turn Reminder","everything is the same but u backflip on backflip"],"gold_per_floor":[112,124,224,174,174,174,22,22,22,22,22,22,22,22,22,22,22,22,22,22,22,22,22,22,22,22],"floor_reached":25,"playtime":2315,"items_purged":["beaked:Strike_Y"],"score":263,"play_id":"36108fed-541e-40b8-935f-102582c949fe","local_time":"20201226121739","is_ascension_mode":true,"campfire_choices":[{"data":"beaked:VigorBurst","floor":11,"key":"SMITH"},{"data":"beaked:AwakenedForm","floor":23,"key":"SMITH"}],"circlet_count":0,"master_deck":["beaked:Strike_Y","beaked:Strike_Y","beaked:Strike_Y","beaked:Defend_Y","beaked:Defend_Y","beaked:Defend_Y","beaked:Defend_Y","beaked:Ceremony","beaked:Ceremony","beaked:Ceremony","beaked:MimicHuntress","beaked:Recite","beaked:VigorBurst+1","beaked:BloodRitual","beaked:MimicHuntress+1","beaked:Sacrifice+1","beaked:Recite","beaked:AwakenedForm+1","beaked:MaddeningMurmurs","beaked:Tweet","beaked:Hexing"],"relics":["beaked:MendingPlumage","infinitespire:CursedDice","jedi:ominousloannote","Strawberry","Blue Doll","infinitespire:Lucky Rock","hubris:Reverence","Ornamental Fan","aspiration:RandomNobGenerator","WristBlade","Pen Nib"],"acts_visited":["Exordium","TheCity"],"potions_floor_usage":[19],"damage_taken":[{"damage":1,"enemies":"Cultist","floor":1,"turns":4},{"damage":7,"enemies":"2 Louse","floor":2,"turns":5},{"damage":55,"enemies":"3 Sentries","floor":6,"turns":7},{"damage":14,"enemies":"Jaw Worm","floor":8,"turns":4},{"damage":42,"enemies":"Lagavulin","floor":10,"turns":6},{"damage":15,"enemies":"3 Louse","floor":12,"turns":4},{"damage":31,"enemies":"Exordium Thugs","floor":14,"turns":7},{"damage":75,"enemies":"Hexaghost","floor":16,"turns":10},{"damage":26,"enemies":"Spheric Guardian","floor":18,"turns":5},{"damage":77,"enemies":"Shell Parasite","floor":19,"turns":5},{"damage":33,"enemies":"Slavers","floor":24,"turns":3},{"damage":72,"enemies":"Chosen and Byrds","floor":25,"turns":4}],"seed_played":"2083522254263588241","potions_obtained":[{"floor":6,"key":"Milkshake"},{"floor":8,"key":"CultistPotion"},{"floor":10,"key":"jedi:wingpotion"},{"floor":16,"key":"jedi:holywater"},{"floor":19,"key":"Energy Potion"},{"floor":21,"key":"FairyPotion"},{"floor":21,"key":"beaked:MendingBrew"}],"is_trial":false,"path_per_floor":["M","M","$","?","?","E","$","M","T","E","R","M","?","M","R_BF","B",null,"M","M","?","?","T","R","E","M"],"character_chosen":"BEAKED_THE_CULTIST","items_purchased":["jedi:ominousloannote","beaked:VigorBurst","Strawberry","infinitespire:Lucky Rock"],"campfire_rested":0,"item_purchase_floors":[3,3,3,7],"current_hp_per_floor":[45,45,57,57,57,22,22,27,27,10,10,22,22,23,41,23,63,58,44,44,44,44,44,24,0,0],"gold":22,"neow_bonus":"ONE_RARE_RELIC","is_daily":false,"chose_seed":false,"campfire_upgraded":2,"win_rate":0.0,"timestamp":1609006659,"path_taken":["M","?","$","?","?","E","?","M","T","E","R","?","?","M","R_BF","BOSS","M","M","?","?","?","R","E","?"],"items_purchased_type":["Relic","Card","Relic","Relic"],"build_version":"2020-12-22","purchased_purges":1,"victory":false,"max_hp_per_floor":[45,45,57,57,57,57,57,57,57,57,57,57,57,60,60,63,63,63,63,48,48,48,48,48,48,48],"relic_stats":{"counters":[12,64],"Ornamental Fan":[60],"Pen Nib":[0],"obtain_stats":[{"WristBlade":20,"infinitespire:CursedDice":0,"jedi:ominousloannote":3,"Ornamental Fan":10,"Strawberry":3,"Blue Doll":6,"Pen Nib":24,"aspiration:RandomNobGenerator":17,"jedi:command_boss":20,"infinitespire:Lucky Rock":7,"beaked:MendingPlumage":0,"hubris:Reverence":9},{"WristBlade":10,"infinitespire:CursedDice":0,"jedi:ominousloannote":2,"Ornamental Fan":5,"Strawberry":2,"Blue Doll":3,"Pen Nib":11,"aspiration:RandomNobGenerator":8,"jedi:command_boss":10,"infinitespire:Lucky Rock":3,"beaked:MendingPlumage":0,"hubris:Reverence":4},{"WristBlade":57,"infinitespire:CursedDice":0,"jedi:ominousloannote":9,"Ornamental Fan":26,"Strawberry":9,"Blue Doll":16,"Pen Nib":60,"aspiration:RandomNobGenerator":47,"jedi:command_boss":57,"infinitespire:Lucky Rock":16,"beaked:MendingPlumage":0,"hubris:Reverence":20}]},"card_choices":[{"not_picked":["beaked:CursingBlood","beaked:Brace"],"picked":"beaked:MimicHuntress","floor":1},{"not_picked":["beaked:DesperateSwing","beaked:BloodRitual"],"picked":"beaked:Recite","floor":2},{"not_picked":["beaked:BarbedWire","beaked:Flinch","beaked:Caw"],"picked":"SKIP","floor":6},{"not_picked":["beaked:TuckingFeathers","beaked:Tradeoff"],"picked":"beaked:BloodRitual","floor":8},{"not_picked":["beaked:Molting","beaked:CursingBlood","beaked:StunningBlow"],"picked":"SKIP","floor":10},{"not_picked":["beaked:SurvivalInstinct","beaked:Cower"],"picked":"beaked:MimicHuntress","floor":12},{"not_picked":["beaked:FeelMyPain","beaked:Insight"],"picked":"beaked:Recite","floor":14},{"not_picked":["beaked:SacrificialScars","beaked:LiftOff"],"picked":"beaked:AwakenedForm","floor":16},{"not_picked":["ReplayTheSpireMod:Wings of Steel+1","beaked:DesperateSwing"],"picked":"beaked:MaddeningMurmurs","floor":18},{"not_picked":["beaked:HuntressSpirit","beaked:Resilience"],"picked":"beaked:Tweet","floor":19},{"not_picked":["beaked:Resilience","beaked:Foresight"],"picked":"beaked:Hexing","floor":24}],"player_experience":1022107,"relics_obtained":[{"floor":6,"key":"Blue Doll"},{"floor":9,"key":"hubris:Reverence"},{"floor":10,"key":"Ornamental Fan"},{"floor":24,"key":"Pen Nib"}],"event_choices":[{"cards_removed":["beaked:Strike_Y"],"damage_healed":0,"gold_gain":0,"player_choice":"Card Removal","damage_taken":0,"max_hp_gain":0,"max_hp_loss":0,"event_name":"The Cleric","floor":4,"gold_loss":50},{"damage_healed":0,"gold_gain":0,"player_choice":"Got Potions","damage_taken":0,"max_hp_gain":0,"max_hp_loss":0,"event_name":"Lab","floor":21,"gold_loss":0}],"is_beta":false,"boss_relics":[{"not_picked":["CCEMRelics:GreenEgg","Painkiller Herb"],"picked":"aspiration:RandomNobGenerator"}],"items_purged_floors":[3],"is_endless":false,"potions_floor_spawned":[6,8,10,16,18,19,24],"killed_by":"Chosen and Byrds","ascension_level":3}}