{"host":"g520aj7wy7fyc13m","time":1609006897,"event":{"mods":["2.2 Compatiblity","AlwaysNeverKeys","Aspiration","BaseMod","Better Sensory Stone","Better Third Choice","Colored Powertips","Downfall","Hermit","Jorbs\u0027s Wanderer Trilogy","Minty Spire (QoL Compilation)","Permanent Neow","Quick Restart","Random Character Button","StSLib","The Blue Laboratory","The Cursed","The Disciple","The Marked","The Runesmith","egg"],"gold_per_floor":[113,113,38,38,50,69,100,119,119,138,84,101,117,133,133,133,133],"floor_reached":16,"playtime":1686,"items_purged":["theMarked:Strike"],"score":106,"play_id":"1df90e18-7350-4103-8429-3efe95724b97","local_time":"20201226182137","is_ascension_mode":false,"campfire_choices":[{"data":"theMarked:Polarize","floor":15,"key":"SMITH"}],"circlet_count":0,"master_deck":["theMarked:Strike","theMarked:Strike","theMarked:Strike","theMarked:Strike","theMarked:Defend","theMarked:Defend","theMarked:Defend","theMarked:Defend","theMarked:SoldierOfQuellstein","theMarked:ContemptForTheProud","theMarked:Electrocute","theMarked:ChainLightning","theMarked:ElectricStrings","theMarked:Polarize+1","theMarked:Static"],"relics":["theMarked:ArtifactOfAir","aspiration:Nostalgia","sneckomod:SneckoSoul","Bag of Preparation","theMarked:SecretDocuments","Anchor"],"acts_visited":["Exordium"],"potions_floor_usage":[10,16],"damage_taken":[{"damage":0,"enemies":"Cultist","floor":1,"turns":4},{"damage":0,"enemies":"Jaw Worm","floor":5,"turns":5},{"damage":0,"enemies":"Small Slimes","floor":6,"turns":2},{"damage":41,"enemies":"Gremlin Nob","floor":7,"turns":5},{"damage":0,"enemies":"Gremlin Gang","floor":8,"turns":3},{"damage":0,"enemies":"Blue Slaver","floor":10,"turns":4},{"damage":11,"enemies":"Exordium Wildlife","floor":12,"turns":4},{"damage":0,"enemies":"3 Louse","floor":13,"turns":2},{"damage":0,"enemies":"Gremlin Gang","floor":14,"turns":4},{"damage":16,"enemies":"The Guardian","floor":16,"turns":4}],"seed_played":"3790850837337713118","potions_obtained":[{"floor":6,"key":"blueLaboratory:AbyssPotion"},{"floor":7,"key":"blueLaboratory:EmptyBottle"},{"floor":8,"key":"blueLaboratory:AbyssPotion"},{"floor":14,"key":"blueLaboratory:BottleOfVodka"}],"is_trial":false,"path_per_floor":["M","?","$","?","M","M","E","M","T","M","$","M","M","M","R","B"],"character_chosen":"THE_DEFAULT","items_purchased":["theMarked:Static"],"campfire_rested":0,"item_purchase_floors":[11],"current_hp_per_floor":[70,70,70,67,67,67,26,26,26,26,26,15,15,15,15,0,0],"gold":133,"neow_bonus":"NOSTALGIA","is_daily":false,"chose_seed":false,"campfire_upgraded":1,"win_rate":0.0,"timestamp":1609006897,"path_taken":["M","?","$","?","M","M","E","M","T","M","$","?","M","M","R","BOSS"],"items_purchased_type":["Card"],"build_version":"2020-12-22","purchased_purges":1,"victory":false,"max_hp_per_floor":[70,70,70,70,70,70,70,70,70,70,70,70,70,70,70,70,70],"card_choices":[{"not_picked":["theMarked:Aftermath","theMarked:EnhanceMovement"],"picked":"theMarked:ContemptForTheProud","floor":1},{"not_picked":["theMarked:TunnelVision","theMarked:TakeCover"],"picked":"theMarked:Electrocute","floor":5},{"not_picked":["theMarked:SwordAndMagic","theMarked:LightningStrikesTwice"],"picked":"theMarked:ChainLightning","floor":6},{"not_picked":["theMarked:Parkour","theMarked:HeightenedSenses","theMarked:KeepCalmAndFightOn"],"picked":"SKIP","floor":7},{"not_picked":["theMarked:WardOff","theMarked:HeritageOfTheMarked"],"picked":"theMarked:ElectricStrings","floor":8},{"not_picked":["theMarked:TwofoldDefense","theMarked:DeterminationOfTheMarked"],"picked":"theMarked:Polarize","floor":10},{"not_picked":["theMarked:BanishingStrike","theMarked:ChainLightning","theMarked:TakeCover"],"picked":"SKIP","floor":12},{"not_picked":["theMarked:TunnelVision","theMarked:RogueSparks","theMarked:ShockingTouch"],"picked":"SKIP","floor":13},{"not_picked":["theMarked:SelfDefenseTraining","theMarked:BanishingStrike","theMarked:RepellingDischarge"],"picked":"SKIP","floor":14}],"player_experience":610237,"relics_obtained":[{"floor":7,"key":"theMarked:SecretDocuments"},{"floor":9,"key":"Anchor"}],"event_choices":[{"damage_healed":23,"gold_gain":0,"player_choice":"Banana","damage_taken":0,"max_hp_gain":0,"max_hp_loss":0,"event_name":"Big Fish","floor":2,"gold_loss":0},{"damage_healed":0,"gold_gain":0,"player_choice":"Relic ","damage_taken":3,"max_hp_gain":0,"max_hp_loss":0,"event_name":"betterThird:BetterScrap","floor":4,"gold_loss":0,"cards_obtained":["Meteor Strike"]}],"is_beta":false,"boss_relics":[],"items_purged_floors":[3],"is_endless":false,"potions_floor_spawned":[6,7,8,14],"killed_by":"The Guardian","ascension_level":0}}