{"host":"dhyczjm99amxd3qx","time":1609020602,"event":{"mods":["BaseMod","Colored Map","Googly Eyes","Highlight Path","Minty Spire (QoL Compilation)","Quick Restart","StSLib"],"gold_per_floor":[116,116,131,131,20,53,66,92,92,110,139,139,3,18,18,116,116,99,31,31,50,61,61,61],"floor_reached":23,"playtime":1568,"items_purged":["Defend_R","Limit Break"],"score":226,"play_id":"319b839f-3b7c-4565-9e3e-6f3864193d7c","local_time":"20201226171002","is_ascension_mode":false,"campfire_choices":[{"data":"Metallicize","floor":15,"key":"SMITH"}],"circlet_count":0,"master_deck":["Strike_R","Strike_R","Strike_R","Strike_R","Strike_R","Defend_R","Defend_R","Defend_R","Bash","Twin Strike","Infernal Blade","Metallicize+1","Sword Boomerang","Iron Wave","Reaper","Whirlwind","Hemokinesis","Impervious","Flex+1","Metallicize","Ghostly","Ghostly","Ghostly","Ghostly","Ghostly","Sentinel+1","Uppercut"],"relics":["Burning Blood","FaceOfCleric","Bottled Tornado","Odd Mushroom","InkBottle","Pantograph","Runic Pyramid"],"acts_visited":["Exordium","TheCity"],"potions_floor_usage":[8,18,18,22,23,23],"damage_taken":[{"damage":2,"enemies":"2 Louse","floor":1,"turns":3},{"damage":4,"enemies":"Cultist","floor":3,"turns":4},{"damage":30,"enemies":"Lagavulin","floor":6,"turns":7},{"damage":2,"enemies":"Jaw Worm","floor":7,"turns":4},{"damage":12,"enemies":"The Mushroom Lair","floor":8,"turns":4},{"damage":8,"enemies":"Large Slime","floor":10,"turns":6},{"damage":20,"enemies":"Gremlin Nob","floor":11,"turns":5},{"damage":8,"enemies":"2 Fungi Beasts","floor":14,"turns":3},{"damage":66,"enemies":"Hexaghost","floor":16,"turns":12},{"damage":29,"enemies":"2 Thieves","floor":18,"turns":4},{"damage":4,"enemies":"Shell Parasite","floor":21,"turns":9},{"damage":5,"enemies":"Snecko","floor":22,"turns":10},{"damage":61,"enemies":"Gremlin Leader","floor":23,"turns":8}],"seed_played":"8728150803970325517","potions_obtained":[{"floor":1,"key":"FairyPotion"},{"floor":3,"key":"LiquidBronze"},{"floor":6,"key":"EntropicBrew"},{"floor":21,"key":"Dexterity Potion"}],"is_trial":false,"path_per_floor":["M","?","M","?","$","E","M","?","T","M","E","?","$","M","R","B",null,"M","$","?","M","M","E"],"character_chosen":"IRONCLAD","items_purchased":["Metallicize","Hemokinesis","Metallicize"],"campfire_rested":0,"item_purchase_floors":[5,13,19],"current_hp_per_floor":[60,60,63,63,63,40,45,40,40,43,30,23,23,30,30,26,88,86,86,44,45,46,0,0],"gold":61,"neow_bonus":"THREE_RARE_CARDS","is_daily":false,"chose_seed":false,"campfire_upgraded":1,"win_rate":0.0,"timestamp":1609020602,"path_taken":["M","?","?","?","?","E","M","?","T","M","E","?","$","M","R","BOSS","M","$","?","M","M","E"],"items_purchased_type":["Card","Card","Card"],"build_version":"2020-12-22","purchased_purges":2,"victory":false,"max_hp_per_floor":[80,80,81,81,81,82,83,84,84,85,86,86,86,87,87,88,88,89,89,44,45,46,46,46],"card_choices":[{"not_picked":["Fiend Fire","Double Tap"],"picked":"Limit Break","floor":0},{"not_picked":["Shockwave","Cleave"],"picked":"Twin Strike","floor":1},{"not_picked":["Twin Strike","Pommel Strike"],"picked":"Rupture","floor":3},{"not_picked":["Body Slam","Clothesline"],"picked":"Sword Boomerang","floor":6},{"not_picked":["Shrug It Off","Armaments"],"picked":"Iron Wave","floor":7},{"not_picked":["Anger","Twin Strike"],"picked":"Reaper","floor":8},{"not_picked":["Burning Pact","Wild Strike","Sword Boomerang"],"picked":"SKIP","floor":10},{"not_picked":["Searing Blow","Warcry"],"picked":"Whirlwind","floor":11},{"not_picked":["Power Through","Perfected Strike","Thunderclap"],"picked":"SKIP","floor":14},{"not_picked":["Juggernaut","Berserk"],"picked":"Impervious","floor":16},{"not_picked":["Ghostly Armor","Blood for Blood"],"picked":"Flex+1","floor":18},{"not_picked":["Clash","Headbutt+1"],"picked":"Sentinel+1","floor":21},{"not_picked":["Sentinel","Pummel"],"picked":"Uppercut","floor":22}],"player_experience":63673,"relics_obtained":[{"floor":6,"key":"Bottled Tornado"},{"floor":8,"key":"Odd Mushroom"},{"floor":9,"key":"InkBottle"},{"floor":11,"key":"Pantograph"}],"event_choices":[{"damage_healed":0,"gold_gain":0,"player_choice":"Trade","damage_taken":0,"relics_obtained":["FaceOfCleric"],"max_hp_gain":0,"max_hp_loss":0,"event_name":"FaceTrader","floor":2,"gold_loss":0},{"damage_healed":0,"gold_gain":0,"player_choice":"1 cards matched","damage_taken":0,"max_hp_gain":0,"max_hp_loss":0,"event_name":"Match and Keep!","floor":4,"gold_loss":0,"cards_obtained":["Infernal Blade"]},{"damage_healed":0,"gold_gain":0,"player_choice":"Fought Mushrooms","damage_taken":0,"max_hp_gain":0,"max_hp_loss":0,"event_name":"Mushrooms","floor":8,"gold_loss":0},{"cards_removed":["Rupture"],"damage_healed":0,"gold_gain":0,"player_choice":"Card Removal","damage_taken":7,"max_hp_gain":0,"max_hp_loss":0,"event_name":"Golden Wing","floor":12,"gold_loss":0},{"damage_healed":0,"gold_gain":0,"player_choice":"Became a Ghost","damage_taken":0,"max_hp_gain":0,"max_hp_loss":45,"event_name":"Ghosts","floor":20,"gold_loss":0,"cards_obtained":["Ghostly","Ghostly","Ghostly","Ghostly","Ghostly"]}],"is_beta":false,"boss_relics":[{"not_picked":["Mark of Pain","Runic Dome"],"picked":"Runic Pyramid"}],"items_purged_floors":[5,13],"is_endless":false,"potions_floor_spawned":[1,3,6,21],"killed_by":"Gremlin Leader","ascension_level":0}}