{"host":"u2grshebrc5rdzdn","time":1609017711,"event":{"mods":["AchievementEnabler","BaseMod","Minty Spire (QoL Compilation)","StSLib"],"gold_per_floor":[118,118,134,144,144,144,169,169,169,181,224,91,104,119,119,222,222,236,11,30,0,0,0,14,14,14],"floor_reached":25,"playtime":1315,"items_purged":["Strike_P"],"score":283,"play_id":"cf948a15-545e-49ce-888a-ca27f231bbc0","local_time":"20201226222151","is_ascension_mode":true,"campfire_choices":[{"data":"Eruption","floor":6.0,"key":"SMITH"},{"data":"Omniscience","floor":10.0,"key":"SMITH"},{"floor":15.0,"key":"REST"},{"data":"Blasphemy","floor":23.0,"key":"SMITH"}],"circlet_count":0,"master_deck":["Strike_P+1","Strike_P","Defend_P","Defend_P","Defend_P","Defend_P","Eruption+1","Vigilance","DeceiveReality+1","Worship+1","FlurryOfBlows+1","Conclude","Omniscience+1","Adaptation","FollowUp","Wireheading","Brilliance","FollowUp","FlyingSleeves","BattleHymn","FlyingSleeves+1","Blasphemy+1","FlurryOfBlows","Writhe"],"relics":["PureWater","InkBottle","MawBank","Calipers","Orrery","Sozu","Whetstone","The Courier"],"acts_visited":["Exordium","TheCity"],"potions_floor_usage":[],"damage_taken":[{"damage":10.0,"enemies":"2 Louse","floor":1.0,"turns":3.0},{"damage":0.0,"enemies":"Small Slimes","floor":3.0,"turns":3.0},{"damage":2.0,"enemies":"Cultist","floor":4.0,"turns":5.0},{"damage":0.0,"enemies":"Lagavulin","floor":7.0,"turns":4.0},{"damage":24.0,"enemies":"Gremlin Nob","floor":11.0,"turns":4.0},{"damage":0.0,"enemies":"2 Fungi Beasts","floor":13.0,"turns":2.0},{"damage":13.0,"enemies":"Large Slime","floor":14.0,"turns":2.0},{"damage":33.0,"enemies":"The Guardian","floor":16.0,"turns":7.0},{"damage":24.0,"enemies":"2 Thieves","floor":18.0,"turns":4.0},{"damage":20.0,"enemies":"3 Byrds","floor":20.0,"turns":5.0},{"damage":31,"enemies":"Snecko","floor":24,"turns":4},{"damage":10,"enemies":"3 Cultists","floor":25,"turns":3}],"seed_played":"-2026742452525817175","potions_obtained":[{"floor":1.0,"key":"GamblersBrew"},{"floor":3.0,"key":"SpeedPotion"},{"floor":11.0,"key":"ColorlessPotion"}],"is_trial":false,"path_per_floor":["M","?","M","M","?","R","E","?","T","R","E","$","M","M","R","B",null,"M","$","M","?","?","R","M","M"],"character_chosen":"WATCHER","items_purchased":["Orrery","Whetstone"],"campfire_rested":1,"item_purchase_floors":[12,19],"current_hp_per_floor":[69,69,69,67,51,51,51,51,51,51,27,27,27,14,37,4,79,55,55,35,35,35,35,4,0,0],"gold":14,"neow_bonus":"TEN_PERCENT_HP_BONUS","is_daily":false,"chose_seed":false,"campfire_upgraded":3,"win_rate":0.0,"timestamp":1609017711,"path_taken":["M","?","M","M","?","R","E","?","T","R","E","$","?","M","R","BOSS","M","$","M","?","?","R","M","M"],"items_purchased_type":["Relic","Relic"],"build_version":"2020-12-22","purchased_purges":1,"victory":false,"max_hp_per_floor":[79,79,79,79,79,79,79,79,79,79,79,79,79,79,79,79,79,79,79,79,79,79,79,79,79,79],"card_choices":[{"not_picked":["SignatureMove","WheelKick"],"picked":"DeceiveReality","floor":1.0},{"not_picked":["Study","WaveOfTheHand"],"picked":"Worship","floor":3.0},{"not_picked":["Protect","FlyingSleeves"],"picked":"FlurryOfBlows","floor":4.0},{"not_picked":["InnerPeace","Crescendo"],"picked":"Conclude","floor":7.0},{"not_picked":["CarveReality","Consecrate"],"picked":"Adaptation","floor":11.0},{"not_picked":["EmptyFist","EmptyBody"],"picked":"FollowUp","floor":12.0},{"not_picked":["JustLucky","LessonLearned"],"picked":"Wireheading","floor":12.0},{"not_picked":["Protect","JustLucky"],"picked":"Brilliance","floor":12.0},{"not_picked":["FearNoEvil","EmptyFist"],"picked":"FollowUp","floor":12.0},{"not_picked":["WindmillStrike","Crescendo"],"picked":"FlyingSleeves","floor":12.0},{"not_picked":["Tantrum","Vengeance"],"picked":"BattleHymn","floor":13.0},{"not_picked":["BowlingBash","ClearTheMind"],"picked":"FlyingSleeves","floor":14.0},{"not_picked":["Vault","SpiritShield"],"picked":"Blasphemy","floor":16.0},{"not_picked":["JustLucky","SashWhip"],"picked":"FlurryOfBlows","floor":18.0},{"not_picked":["EmptyFist","FlyingSleeves+1","PathToVictory"],"picked":"SKIP","floor":20.0},{"not_picked":["CrushJoints","FollowUp","FlyingSleeves+1"],"picked":"SKIP","floor":24}],"player_experience":373544,"relics_obtained":[{"floor":7.0,"key":"InkBottle"},{"floor":9.0,"key":"MawBank"},{"floor":11.0,"key":"Calipers"}],"event_choices":[{"damage_healed":0.0,"max_hp_gain":0.0,"max_hp_loss":0.0,"gold_gain":0.0,"event_name":"Living Wall","player_choice":"Grow","floor":2.0,"gold_loss":0.0,"damage_taken":0.0,"cards_upgraded":["DeceiveReality"]},{"damage_healed":0.0,"max_hp_gain":0.0,"max_hp_loss":0.0,"gold_gain":0.0,"event_name":"Shining Light","player_choice":"Entered Light","floor":5.0,"gold_loss":0.0,"damage_taken":16.0,"cards_upgraded":["Worship","FlurryOfBlows"]},{"damage_healed":0.0,"max_hp_gain":0.0,"max_hp_loss":0.0,"gold_gain":0.0,"cards_transformed":["Strike_P"],"event_name":"Transmorgrifier","player_choice":"Transformed","floor":8.0,"gold_loss":0.0,"damage_taken":0.0,"cards_obtained":["Omniscience"]},{"damage_healed":0.0,"max_hp_gain":0.0,"max_hp_loss":0.0,"gold_gain":0.0,"event_name":"Masked Bandits","player_choice":"Paid Fearfully","floor":21.0,"gold_loss":30.0,"damage_taken":0.0},{"damage_healed":0.0,"max_hp_gain":0.0,"max_hp_loss":0.0,"gold_gain":0.0,"event_name":"The Mausoleum","player_choice":"Opened","floor":22.0,"gold_loss":0.0,"damage_taken":0.0,"relics_obtained":["The Courier"],"cards_obtained":["Writhe"]}],"is_beta":false,"boss_relics":[{"not_picked":["Coffee Dripper","Runic Dome"],"picked":"Sozu"}],"items_purged_floors":[19],"is_endless":false,"potions_floor_spawned":[1,3,11,18,20],"killed_by":"3 Cultists","ascension_level":4}}