{"host":"ctlqibkg0sskiu65","time":1609002094,"event":{"mods":["2.2 Compatiblity","AchievementEnabler","Aspiration","BaseMod","BetterRewards","Colored Map","Colored Powertips","Conspire","Downfall","Fiend Mod","Infinite Spire","Minty Spire (QoL Compilation)","Quick Restart","Replay The Spire","Shop Mod","StSLib","The Bladedancer","The Cursed","The Hierophant","The Jungle","The Kombatant","The Poker Player","The Servant 0.9.4","TheBandit"],"gold_per_floor":[109,123,123,133,143,173,189,69,69,97,97,112,12,28,28,28,28],"floor_reached":16,"playtime":695,"items_purged":["Strike_G","Strike_G"],"score":230,"play_id":"e424f887-eb8a-490d-98c6-276d7d6748df","local_time":"20201226110134","is_ascension_mode":true,"campfire_choices":[{"floor":11.0,"key":"REST"},{"floor":15.0,"key":"REST"}],"circlet_count":0,"master_deck":["Strike_G","Strike_G","Strike_G","Defend_G","Defend_G","Defend_G","Defend_G","Defend_G","Survivor","Neutralize","Poisoned Stab","Poisoned Stab","Deflect","PiercingWail","Bouncing Flask","Deadly Poison","Dodge and Roll","Crippling Poison","Deflect","Bane","Bane","Dodge and Roll","Sneak Up"],"relics":["Ring of the Snake","Torii","DollysMirror","Toy Ornithopter","InkBottle","Prayer Wheel"],"acts_visited":["Exordium"],"potions_floor_usage":[16],"damage_taken":[{"damage":0.0,"enemies":"Cultist","floor":1.0,"turns":4.0},{"damage":0.0,"enemies":"Jaw Worm","floor":2.0,"turns":4.0},{"damage":1.0,"enemies":"Small Slimes","floor":4.0,"turns":4.0},{"damage":8.0,"enemies":"Exordium Wildlife","floor":5.0,"turns":3.0},{"damage":35.0,"enemies":"3 Sentries","floor":6.0,"turns":10.0},{"damage":1.0,"enemies":"Blue Slaver","floor":7.0,"turns":4.0},{"damage":12.0,"enemies":"Lagavulin","floor":10.0,"turns":6.0},{"damage":2.0,"enemies":"Large Slime","floor":12.0,"turns":9.0},{"damage":2.0,"enemies":"Lots of Slimes","floor":14.0,"turns":4.0},{"damage":60,"enemies":"Slime Boss","floor":16,"turns":9}],"seed_played":"8356714454230234997","potions_obtained":[{"floor":5.0,"key":"SmokeBomb"},{"floor":6.0,"key":"Weak Potion"},{"floor":7.0,"key":"Poison Potion"},{"floor":10.0,"key":"AttackPotion"}],"is_trial":false,"path_per_floor":["M","M","?","M","M","E","M","$","T","E","R","M","$","M","R","B"],"character_chosen":"THE_SILENT","items_purchased":["Poisoned Stab","DollysMirror","Deflect"],"campfire_rested":2,"item_purchase_floors":[0,0,8],"current_hp_per_floor":[63,63,63,62,54,19,18,18,18,16,37,35,35,33,54,0,0],"gold":28,"neow_bonus":"","is_daily":false,"chose_seed":false,"campfire_upgraded":0,"win_rate":0.0,"timestamp":1609002094,"path_taken":["M","M","?","M","M","E","M","$","T","E","R","M","?","M","R","BOSS"],"items_purchased_type":["Card","Relic","Card"],"build_version":"2020-12-22","purchased_purges":2,"victory":false,"max_hp_per_floor":[70,70,70,70,70,70,70,70,70,70,70,70,70,70,70,70,70],"card_choices":[{"not_picked":["ReplayTheSpireMod:Tripwire","Backflip"],"picked":"Deflect","floor":1.0},{"not_picked":["Reflex","Acrobatics"],"picked":"PiercingWail","floor":2.0},{"not_picked":["Infinite Blades","ReplayTheSpireMod:Exploit Weakness"],"picked":"Bouncing Flask","floor":4.0},{"not_picked":["Acrobatics","Cloak And Dagger"],"picked":"Deadly Poison","floor":5.0},{"not_picked":["Acrobatics","Concentrate"],"picked":"Dodge and Roll","floor":6.0},{"not_picked":["Masterful Stab","Cloak And Dagger"],"picked":"Crippling Poison","floor":7.0},{"not_picked":["Endless Agony","Escape Plan"],"picked":"Bane","floor":10.0},{"not_picked":["Outmaneuver","Quick Slash"],"picked":"Bane","floor":12.0},{"not_picked":["Venomology","Tactician","Quick Slash"],"picked":"SKIP","floor":12.0},{"not_picked":["Endless Agony","Backflip"],"picked":"Dodge and Roll","floor":14.0},{"not_picked":["Riddle With Holes","Dash"],"picked":"Sneak Up","floor":14.0}],"player_experience":177579,"relics_obtained":[{"floor":6.0,"key":"Toy Ornithopter"},{"floor":9.0,"key":"InkBottle"},{"floor":10.0,"key":"Prayer Wheel"}],"event_choices":[],"is_beta":false,"boss_relics":[],"items_purged_floors":[8,13],"is_endless":false,"potions_floor_spawned":[5,6,7,10],"killed_by":"Slime Boss","ascension_level":8}}