{"host":"fevvm7bbzuh4s1jc","time":1609023579,"event":{"mods":["BaseMod","Highlight Path","Minty Spire (QoL Compilation)","Relic Stats"],"gold_per_floor":[113,186,198,198,211,246,246,573,573,585,177,202,0,100,100,175,175,187,187,102,117,130,130,162,162,162,162,187,187,287,3,3,3,3],"floor_reached":33,"playtime":1426,"items_purged":["Strike_B"],"score":598,"play_id":"ef83044a-2726-4d8a-9348-95f36c1752ac","local_time":"20201226175939","is_ascension_mode":true,"campfire_choices":[{"floor":7.0,"key":"REST"},{"data":"Sunder","floor":15.0,"key":"SMITH"},{"floor":23,"key":"REST"},{"floor":25,"key":"REST"},{"data":"Doom and Gloom","floor":27,"key":"SMITH"},{"data":"Streamline","floor":29,"key":"SMITH"},{"floor":32,"key":"REST"}],"circlet_count":0,"master_deck":["AscendersBane","Strike_B","Strike_B","Strike_B","Defend_B","Defend_B","Defend_B","Defend_B","Zap","Dualcast","Streamline+1","Rebound","Rebound","Leap","Sunder+1","Conserve Battery","Machine Learning+1","Doom and Gloom+1","Electrodynamics+1","Capacitor+1","Compile Driver+1","BootSequence+1","Loop+1","Heatsinks+1"],"relics":["Nuclear Battery","NlothsMask","Frozen Egg 2","Old Coin","Sling","Bag of Marbles","MealTicket","DataDisk","SlaversCollar","Blue Candle","Juzu Bracelet","Eternal Feather","Pen Nib","Ice Cream","Sundial","Cables"],"acts_visited":["Exordium","TheCity"],"potions_floor_usage":[28,30],"damage_taken":[{"damage":6.0,"enemies":"Cultist","floor":1.0,"turns":4.0},{"damage":4.0,"enemies":"Small Slimes","floor":3.0,"turns":3.0},{"damage":8.0,"enemies":"2 Louse","floor":5.0,"turns":3.0},{"damage":15.0,"enemies":"3 Sentries","floor":6.0,"turns":7.0},{"damage":8.0,"enemies":"Gremlin Nob","floor":8.0,"turns":3.0},{"damage":8.0,"enemies":"Blue Slaver","floor":10.0,"turns":2.0},{"damage":30.0,"enemies":"Lagavulin","floor":12.0,"turns":4.0},{"damage":14,"enemies":"The Guardian","floor":16,"turns":11},{"damage":0,"enemies":"3 Byrds","floor":18,"turns":2},{"damage":9,"enemies":"Chosen","floor":21,"turns":4},{"damage":3,"enemies":"Centurion and Healer","floor":22,"turns":6},{"damage":47,"enemies":"Gremlin Leader","floor":24,"turns":6},{"damage":15,"enemies":"Book of Stabbing","floor":28,"turns":3},{"damage":16,"enemies":"Colosseum Slavers","floor":30,"turns":6},{"damage":0,"enemies":"Colosseum Nobs","floor":30,"turns":4},{"damage":74,"enemies":"Collector","floor":33,"turns":7}],"seed_played":"-5219473297686703131","potions_obtained":[{"floor":6.0,"key":"Explosive Potion"},{"floor":8.0,"key":"Regen Potion"},{"floor":12.0,"key":"Fire Potion"},{"floor":18,"key":"Energy Potion"},{"floor":24,"key":"EssenceOfDarkness"}],"is_trial":false,"path_per_floor":["M","?","M","?","M","E","R","E","T","M","$","E","$","?","R","B",null,"M","?","?","M","M","R","E","R","T","R","E","R","?","$","R","B"],"character_chosen":"DEFECT","items_purchased":["Sling","Bag of Marbles","DataDisk","Doom and Gloom","Cables"],"campfire_rested":4,"item_purchase_floors":[11,11,13,13,31],"current_hp_per_floor":[58,58,54,54,46,31,52,44,44,36,36,18,33,33,33,19,58,58,38,38,29,26,48,1,23,23,35,20,32,16,31,65,0,0],"gold":3,"neow_bonus":"BOSS_RELIC","is_daily":false,"chose_seed":false,"campfire_upgraded":3,"win_rate":0.0,"timestamp":1609023579,"path_taken":["M","?","M","?","M","E","R","E","T","?","?","E","$","?","R","BOSS","M","?","?","M","M","R","E","R","T","R","E","R","?","?","R","BOSS"],"items_purchased_type":["Relic","Relic","Relic","Card","Relic"],"build_version":"2020-12-22","purchased_purges":1,"victory":false,"max_hp_per_floor":[71,71,71,71,71,71,71,71,71,71,71,71,71,71,71,71,71,71,76,76,76,76,76,76,76,76,76,76,76,76,76,76,76,76],"relic_stats":{"counters":[16,75],"Sundial":[0],"Blue Candle":[0],"MealTicket":30,"Eternal Feather":36,"Pen Nib":[2],"Juzu Bracelet":0,"obtain_stats":[{"Ice Cream":30,"Blue Candle":20,"Eternal Feather":26,"Pen Nib":28,"Juzu Bracelet":24,"Frozen Egg 2":6,"Sling":11,"Nuclear Battery":0,"Old Coin":8,"Cables":31,"SlaversCollar":17,"DataDisk":13,"Sundial":30,"MealTicket":12,"Bag of Marbles":11,"Cracked Core":0,"NlothsMask":4},{"Ice Cream":15,"Blue Candle":9,"Eternal Feather":12,"Pen Nib":13,"Juzu Bracelet":12,"Frozen Egg 2":4,"Sling":6,"Nuclear Battery":0,"Old Coin":5,"Cables":15,"SlaversCollar":8,"DataDisk":7,"Sundial":15,"MealTicket":7,"Bag of Marbles":6,"Cracked Core":0,"NlothsMask":2},{"Ice Cream":68,"Blue Candle":39,"Eternal Feather":55,"Pen Nib":58,"Juzu Bracelet":55,"Frozen Egg 2":17,"Sling":22,"Nuclear Battery":0,"Old Coin":20,"Cables":68,"SlaversCollar":37,"DataDisk":26,"Sundial":68,"MealTicket":26,"Bag of Marbles":22,"Cracked Core":0,"NlothsMask":7}],"Cables":[8,4,0,0,4]},"card_choices":[{"not_picked":["Conserve Battery","Auto Shields"],"picked":"Streamline","floor":1.0},{"not_picked":["Recycle","Aggregate"],"picked":"Rebound","floor":3.0},{"not_picked":["Scrape","Turbo"],"picked":"Rebound","floor":5.0},{"not_picked":["White Noise","Chill"],"picked":"Leap","floor":6.0},{"not_picked":["Hyperbeam","Redo"],"picked":"Sunder","floor":8.0},{"not_picked":["Leap","Barrage"],"picked":"Conserve Battery","floor":10.0},{"not_picked":["Double Energy","Go for the Eyes"],"picked":"Machine Learning+1","floor":12.0},{"not_picked":["Fission","Multi-Cast"],"picked":"Electrodynamics+1","floor":16},{"not_picked":["Ball Lightning","Lockon"],"picked":"Capacitor+1","floor":18},{"not_picked":["Rebound","Turbo","Double Energy"],"picked":"SKIP","floor":21},{"not_picked":["Beam Cell+1","Leap"],"picked":"Compile Driver+1","floor":22},{"not_picked":["Recycle","Stack"],"picked":"BootSequence+1","floor":24},{"not_picked":["Gash","Redo"],"picked":"Loop+1","floor":28},{"not_picked":["Conserve Battery","Sweeping Beam"],"picked":"Heatsinks+1","floor":30}],"player_experience":2586441,"relics_obtained":[{"floor":6.0,"key":"Frozen Egg 2"},{"floor":8.0,"key":"Old Coin"},{"floor":12.0,"key":"MealTicket"},{"floor":24,"key":"Juzu Bracelet"},{"floor":26,"key":"Eternal Feather"},{"floor":28,"key":"Pen Nib"},{"floor":30,"key":"Ice Cream"},{"floor":30,"key":"Sundial"}],"event_choices":[{"damage_healed":0.0,"max_hp_gain":0.0,"max_hp_loss":0.0,"gold_gain":73.0,"event_name":"Golden Wing","player_choice":"Gained Gold","floor":2.0,"gold_loss":0.0,"damage_taken":0.0},{"damage_healed":0.0,"max_hp_gain":0.0,"max_hp_loss":0.0,"gold_gain":0.0,"event_name":"FaceTrader","player_choice":"Trade","floor":4.0,"gold_loss":0.0,"damage_taken":0.0,"relics_obtained":["NlothsMask"]},{"damage_healed":0.0,"max_hp_gain":0.0,"max_hp_loss":0.0,"gold_gain":100.0,"event_name":"Wheel of Change","player_choice":"Gold","floor":14.0,"gold_loss":0.0,"damage_taken":0.0},{"damage_healed":0,"gold_gain":0,"player_choice":"Shed Blood","damage_taken":25,"max_hp_gain":5,"max_hp_loss":0,"event_name":"Forgotten Altar","floor":19,"gold_loss":0},{"damage_healed":0,"gold_gain":0,"player_choice":"Obtained Relic","damage_taken":0,"relics_obtained":["Blue Candle"],"max_hp_gain":0,"max_hp_loss":0,"event_name":"Addict","floor":20,"gold_loss":85},{"damage_healed":0,"gold_gain":0,"player_choice":"Fight","damage_taken":0,"max_hp_gain":0,"max_hp_loss":0,"event_name":"Colosseum","floor":30,"gold_loss":0},{"damage_healed":0,"gold_gain":0,"player_choice":"Fought Nobs","damage_taken":0,"max_hp_gain":0,"max_hp_loss":0,"event_name":"Colosseum","floor":30,"gold_loss":0}],"is_beta":false,"boss_relics":[{"not_picked":["Calling Bell","Empty Cage"],"picked":"SlaversCollar"}],"items_purged_floors":[11],"is_endless":false,"potions_floor_spawned":[6,8,12,18,24,30],"killed_by":"Collector","ascension_level":20}}