{"host":"aq6j0shg22k0vr7s","time":1609021369,"event":{"mods":["2.2 Compatiblity","AchievementEnabler","BaseMod","Better Note","Colored Map","Downfall","Duelist Mod","GifTheSpireLib","Hermit","Marisa????????","Minty Spire (QoL Compilation)","Quick Restart","StSLib","Td1madao Mod","The Bug Knight","The Cursed"],"gold_per_floor":[115,131,231,243,69,69,86,9,58,58,86,104,104,119,119,119,119],"floor_reached":16,"playtime":552,"items_purged":[],"score":102,"play_id":"3b4adbb5-a8c2-4820-ac32-14c40abf0a36","local_time":"20201226142249","is_ascension_mode":false,"campfire_choices":[{"data":"hermit:Vantage","floor":6,"key":"SMITH"},{"floor":15,"key":"REST"}],"circlet_count":0,"master_deck":["hermit:Strike_Hermit","hermit:Strike_Hermit","hermit:Strike_Hermit","hermit:Strike_Hermit","hermit:Defend_Hermit","hermit:Defend_Hermit+1","hermit:Defend_Hermit","hermit:Defend_Hermit+1","hermit:Snapshot","hermit:Covet","hermit:BodyArmor","hermit:CalledShot","hermit:Ricochet","hermit:Vantage+1","hermit:Horror","hermit:Brawl","hermit:Strike_Hermit","hermit:Dive","hermit:Dive","hermit:TrackingShot","hermit:Scavenge"],"relics":["hermit:Momento","NeowsBlessing","War Paint","Dream Catcher","Omamori","WarpedTongs"],"acts_visited":["Exordium"],"potions_floor_usage":[7,16],"damage_taken":[{"damage":0,"enemies":"2 Louse","floor":1,"turns":1},{"damage":0,"enemies":"Cultist","floor":2,"turns":1},{"damage":0,"enemies":"Small Slimes","floor":4,"turns":1},{"damage":1,"enemies":"Exordium Thugs","floor":7,"turns":4},{"damage":22,"enemies":"Lagavulin","floor":11,"turns":7},{"damage":17,"enemies":"3 Louse","floor":12,"turns":4},{"damage":22,"enemies":"Gremlin Gang","floor":14,"turns":3},{"damage":38,"enemies":"Slime Boss","floor":16,"turns":6}],"seed_played":"-1173141028131175398","potions_obtained":[{"floor":2,"key":"SteroidPotion"},{"floor":12,"key":"Guardian:BlockOnCardUsePotion"}],"is_trial":false,"path_per_floor":["M","M","?","M","$","R","M","$","T","?","E","M","?","M","R","B"],"character_chosen":"HERMIT","items_purchased":["hermit:Vantage","War Paint","hermit:Brawl"],"campfire_rested":1,"item_purchase_floors":[5,5,8],"current_hp_per_floor":[75,75,75,75,75,75,74,74,74,74,52,35,35,13,35,0,0],"gold":119,"neow_bonus":"THREE_ENEMY_KILL","is_daily":false,"chose_seed":false,"campfire_upgraded":1,"win_rate":0.0,"timestamp":1609021369,"path_taken":["M","M","?","M","$","R","M","?","T","?","E","?","?","?","R","BOSS"],"items_purchased_type":["Card","Relic","Card"],"build_version":"2020-12-22","purchased_purges":0,"victory":false,"max_hp_per_floor":[75,75,75,75,75,75,75,75,75,75,75,75,75,75,75,75,75],"card_choices":[{"not_picked":["hermit:Gestalt","hermit:TrackingShot"],"picked":"hermit:BodyArmor","floor":1},{"not_picked":["hermit:Malice","hermit:ItchyTrigger"],"picked":"hermit:CalledShot","floor":2},{"not_picked":["hermit:Dive","hermit:TrackingShot"],"picked":"hermit:Ricochet","floor":4},{"not_picked":["hermit:Roulette","hermit:Snipe"],"picked":"hermit:Horror","floor":7},{"not_picked":["hermit:LowProfile","hermit:Coalescence"],"picked":"hermit:Dive","floor":11},{"not_picked":["hermit:ItchyTrigger","hermit:Combo"],"picked":"hermit:Dive","floor":12},{"not_picked":["hermit:Manifest","hermit:EternalForm"],"picked":"hermit:TrackingShot","floor":14},{"not_picked":["hermit:SprayPray","hermit:Feint"],"picked":"hermit:Scavenge","floor":15}],"player_experience":78866,"relics_obtained":[{"floor":9,"key":"Dream Catcher"},{"floor":11,"key":"Omamori"}],"event_choices":[{"damage_healed":0,"gold_gain":100,"player_choice":"Pray","damage_taken":0,"max_hp_gain":0,"max_hp_loss":0,"event_name":"Golden Shrine","floor":3,"gold_loss":0},{"damage_healed":0,"gold_gain":0,"player_choice":"1 cards matched","damage_taken":0,"max_hp_gain":0,"max_hp_loss":0,"event_name":"Match and Keep!","floor":10,"gold_loss":0,"cards_obtained":["hermit:Strike_Hermit"]},{"damage_healed":0,"gold_gain":0,"player_choice":"Rummage","damage_taken":0,"relics_obtained":["WarpedTongs"],"max_hp_gain":0,"max_hp_loss":0,"event_name":"Accursed Blacksmith","floor":13,"gold_loss":0,"cards_obtained":["Pain"]}],"is_beta":false,"boss_relics":[],"items_purged_floors":[],"is_endless":false,"potions_floor_spawned":[2,12],"killed_by":"Slime Boss","ascension_level":0}}