{"host":"31s8hzukbhz1k6i6","time":1609003127,"event":{"mods":["BaseMod","Colored Map","Minty Spire (QoL Compilation)","Relic Stats"],"gold_per_floor":[119,119,69,69,144,179,204,240,240,19,53,74,89,109,109,239,239,225,225,225,84,100,100,133,158,181,205,205,245,245,259,259,384,384,402,417,435,454,62,98,98,137,192,192,192,236,249,272,272,272],"floor_reached":51,"playtime":2513,"items_purged":["Strike_G","Strike_G"],"score":897,"play_id":"b32f1a74-f9ae-4dc7-b274-1b9986df6416","local_time":"20201226091847","is_ascension_mode":false,"campfire_choices":[{"data":"Deadly Poison","floor":15,"key":"SMITH"},{"data":"Bouncing Flask","floor":23,"key":"SMITH"},{"data":"Noxious Fumes","floor":28,"key":"SMITH"},{"data":"Crippling Poison","floor":30,"key":"SMITH"},{"data":"PiercingWail","floor":32,"key":"SMITH"},{"data":"Wraith Form v2","floor":41,"key":"SMITH"},{"data":"Wraith Form v2","floor":49,"key":"SMITH"}],"circlet_count":0,"master_deck":["Defend_G","Defend_G","Defend_G","Defend_G","Survivor","Neutralize","Dash+1","Dash+1","Deadly Poison+1","Poisoned Stab","PiercingWail+1","Footwork+1","Noxious Fumes+1","Escape Plan","Bouncing Flask+1","Deflect+1","Escape Plan","Prepared+1","Crippling Poison+1","Adrenaline","Acrobatics","Backflip","Wraith Form v2+1","Dodge and Roll+1","Acrobatics","Wraith Form v2+1","Dodge and Roll+1","Madness","Madness"],"relics":["Ring of the Snake","NeowsBlessing","Golden Idol","Bottled Flame","Girya","Lantern","Snake Skull","Bag of Marbles","Empty Cage","Enchiridion","White Beast Statue","Potion Belt","Bag of Preparation","Philosopher\u0027s Stone","Orrery","Whetstone","Boot","Pen Nib","Tingsha"],"acts_visited":["Exordium","TheCity","TheBeyond"],"potions_floor_usage":[8,16,16,16,16,25,29,33,37,40,50,50,50,50,50],"damage_taken":[{"damage":0.0,"enemies":"2 Louse","floor":1.0,"turns":1.0},{"damage":0.0,"enemies":"Gremlin Nob","floor":6.0,"turns":1.0},{"damage":0.0,"enemies":"Small Slimes","floor":7.0,"turns":1.0},{"damage":4,"enemies":"Lagavulin","floor":8,"turns":8},{"damage":4,"enemies":"3 Sentries","floor":11,"turns":9},{"damage":0,"enemies":"Jaw Worm","floor":12,"turns":2},{"damage":0,"enemies":"Large Slime","floor":13,"turns":5},{"damage":0,"enemies":"Looter","floor":14,"turns":2},{"damage":18,"enemies":"Hexaghost","floor":16,"turns":7},{"damage":0,"enemies":"2 Thieves","floor":18,"turns":4},{"damage":0,"enemies":"3 Byrds","floor":22,"turns":3},{"damage":4,"enemies":"Slavers","floor":24,"turns":7},{"damage":2,"enemies":"3 Cultists","floor":25,"turns":5},{"damage":3,"enemies":"Centurion and Healer","floor":27,"turns":6},{"damage":13,"enemies":"Gremlin Leader","floor":29,"turns":7},{"damage":0,"enemies":"Snecko","floor":31,"turns":3},{"damage":9,"enemies":"Automaton","floor":33,"turns":9},{"damage":0,"enemies":"3 Darklings","floor":35,"turns":4},{"damage":0,"enemies":"Orb Walker","floor":36,"turns":3},{"damage":9,"enemies":"Maw","floor":37,"turns":6},{"damage":2,"enemies":"Spire Growth","floor":38,"turns":4},{"damage":19,"enemies":"Nemesis","floor":40,"turns":7},{"damage":0,"enemies":"Giant Head","floor":42,"turns":9},{"damage":11,"enemies":"Reptomancer","floor":46,"turns":7},{"damage":0,"enemies":"3 Darklings","floor":47,"turns":5},{"damage":0,"enemies":"Sphere and 2 Shapes","floor":48,"turns":3},{"damage":18,"enemies":"Awakened One","floor":50,"turns":14}],"seed_played":"-1297822626025788991","potions_obtained":[{"floor":1.0,"key":"LiquidBronze"},{"floor":6.0,"key":"BlessingOfTheForge"},{"floor":13,"key":"EntropicBrew"},{"floor":14,"key":"Fire Potion"},{"floor":18,"key":"BlessingOfTheForge"},{"floor":25,"key":"CultistPotion"},{"floor":27,"key":"ColorlessPotion"},{"floor":29,"key":"Dexterity Potion"},{"floor":31,"key":"ColorlessPotion"},{"floor":33,"key":"CunningPotion"},{"floor":37,"key":"AttackPotion"},{"floor":38,"key":"Dexterity Potion"},{"floor":40,"key":"ColorlessPotion"},{"floor":42,"key":"DuplicationPotion"},{"floor":47,"key":"PowerPotion"}],"is_trial":false,"path_per_floor":["M","?","?","?","?","E","M","E","T","$","E","M","M","M","R","B",null,"M","?","?","$","M","R","E","M","T","M","R","E","R","M","R","B",null,"M","M","M","M","$","E","R","E","T","?","?","E","M","M","R","B",null],"character_chosen":"THE_SILENT","items_purchased":["Snake Skull","Noxious Fumes","Escape Plan","Wraith Form v2","Orrery"],"campfire_rested":0,"item_purchase_floors":[10,21,21,39,39],"current_hp_per_floor":[70,63,63,63,52,52,52,48,48,48,44,44,44,44,44,26,65,65,49,49,49,49,49,45,43,43,40,40,27,27,27,27,18,65,65,65,56,54,54,35,35,35,35,27,57,46,46,46,46,28],"gold":272,"neow_bonus":"THREE_ENEMY_KILL","is_daily":false,"chose_seed":false,"campfire_upgraded":7,"win_rate":0.0,"timestamp":1609003127,"path_taken":["M","?","?","?","?","E","M","E","T","?","E","?","M","M","R","BOSS","M","?","?","$","M","R","E","M","T","M","R","E","R","M","R","BOSS","M","?","M","M","$","E","R","E","T","?","?","E","?","M","R","BOSS"],"items_purchased_type":["Relic","Card","Card","Card","Relic"],"build_version":"2020-12-22","purchased_purges":2,"victory":true,"max_hp_per_floor":[70,70,70,65,65,65,65,65,65,65,65,65,65,65,65,65,65,65,65,65,65,65,65,65,65,65,65,65,65,65,65,65,65,65,65,65,65,65,65,65,65,65,65,65,57,57,57,57,57,57],"relic_stats":{"counters":[27,142],"Golden Idol":195,"Tingsha":[48],"Snake Skull":[292],"Pen Nib":[2],"Bag of Preparation":[24],"Whetstone":["Dash","Dash"],"Boot":[13],"obtain_stats":[{"Potion Belt":26,"Girya":8,"Lantern":9,"NeowsBlessing":0,"Golden Idol":4,"Enchiridion":19,"Tingsha":46,"Snake Skull":10,"Pen Nib":43,"Bag of Preparation":29,"Whetstone":40,"Empty Cage":17,"Boot":42,"White Beast Statue":24,"Bottled Flame":6,"Orrery":39,"Philosopher\u0027s Stone":34,"Bag of Marbles":11,"Ring of the Snake":0},{"Potion Belt":13,"Girya":4,"Lantern":4,"NeowsBlessing":0,"Golden Idol":1,"Enchiridion":10,"Tingsha":24,"Snake Skull":4,"Pen Nib":23,"Bag of Preparation":15,"Whetstone":22,"Empty Cage":9,"Boot":23,"White Beast Statue":12,"Bottled Flame":2,"Orrery":21,"Philosopher\u0027s Stone":17,"Bag of Marbles":5,"Ring of the Snake":0},{"Potion Belt":55,"Girya":11,"Lantern":11,"NeowsBlessing":0,"Golden Idol":1,"Enchiridion":40,"Tingsha":120,"Snake Skull":11,"Pen Nib":113,"Bag of Preparation":68,"Whetstone":104,"Empty Cage":36,"Boot":113,"White Beast Statue":50,"Bottled Flame":2,"Orrery":97,"Philosopher\u0027s Stone":80,"Bag of Marbles":20,"Ring of the Snake":0}],"Ring of the Snake":[54]},"card_choices":[{"not_picked":["Skewer","Underhanded Strike"],"picked":"Dash","floor":1.0},{"not_picked":["Tactician","Skewer"],"picked":"Dash","floor":6.0},{"not_picked":["Terror","Backflip"],"picked":"Deadly Poison","floor":7.0},{"not_picked":["Eviscerate","Sucker Punch"],"picked":"Poisoned Stab","floor":8},{"not_picked":["Prepared","Flying Knee"],"picked":"PiercingWail","floor":11},{"not_picked":["Deflect","Unload","Underhanded Strike"],"picked":"SKIP","floor":12},{"not_picked":["Quick Slash","Outmaneuver","Skewer"],"picked":"SKIP","floor":13},{"not_picked":["Slice","PiercingWail","Underhanded Strike"],"picked":"SKIP","floor":14},{"not_picked":["Deflect","Acrobatics"],"picked":"Footwork","floor":18},{"not_picked":["Backflip","PiercingWail"],"picked":"Bouncing Flask","floor":22},{"not_picked":["Well Laid Plans","Caltrops"],"picked":"Deflect+1","floor":24},{"not_picked":["Dagger Throw","Poisoned Stab"],"picked":"Escape Plan","floor":25},{"not_picked":["Outmaneuver","Dagger Throw"],"picked":"Prepared+1","floor":27},{"not_picked":["Deflect","Slice+1"],"picked":"Crippling Poison","floor":29},{"not_picked":["Sucker Punch","Quick Slash","Masterful Stab+1"],"picked":"SKIP","floor":31},{"not_picked":["Doppelganger","Malaise"],"picked":"Adrenaline","floor":33},{"not_picked":["Quick Slash","Outmaneuver","Blade Dance"],"picked":"SKIP","floor":35},{"not_picked":["Skewer+1","Quick Slash"],"picked":"Acrobatics","floor":36},{"not_picked":["Expertise+1","Deadly Poison"],"picked":"Backflip","floor":37},{"not_picked":["PiercingWail","Poisoned Stab+1","Sucker Punch"],"picked":"SKIP","floor":38},{"not_picked":["PiercingWail","Dash"],"picked":"Dodge and Roll+1","floor":39},{"not_picked":["Predator+1","Outmaneuver"],"picked":"Acrobatics","floor":39},{"not_picked":["Flying Knee","Infinite Blades+1"],"picked":"Wraith Form v2","floor":40},{"not_picked":["Underhanded Strike","Night Terror"],"picked":"Dodge and Roll+1","floor":42},{"not_picked":["Poisoned Stab","Prepared","Glass Knife"],"picked":"SKIP","floor":46},{"not_picked":["Flying Knee","Underhanded Strike","Outmaneuver"],"picked":"SKIP","floor":47},{"not_picked":["Underhanded Strike","Outmaneuver","Deflect"],"picked":"SKIP","floor":48}],"player_experience":2104,"relics_obtained":[{"floor":6.0,"key":"Bottled Flame"},{"floor":8,"key":"Girya"},{"floor":9,"key":"Lantern"},{"floor":11,"key":"Bag of Marbles"},{"floor":19,"key":"Enchiridion"},{"floor":24,"key":"White Beast Statue"},{"floor":26,"key":"Potion Belt"},{"floor":29,"key":"Bag of Preparation"},{"floor":40,"key":"Whetstone"},{"floor":42,"key":"Boot"},{"floor":43,"key":"Pen Nib"},{"floor":46,"key":"Tingsha"}],"event_choices":[{"cards_removed":["Strike_G"],"damage_healed":0.0,"max_hp_gain":0.0,"max_hp_loss":0.0,"gold_gain":0.0,"event_name":"Golden Wing","player_choice":"Card Removal","floor":2.0,"gold_loss":0.0,"damage_taken":7.0},{"cards_removed":["Defend_G"],"damage_healed":0.0,"max_hp_gain":0.0,"max_hp_loss":0.0,"gold_gain":0.0,"event_name":"The Cleric","player_choice":"Card Removal","floor":3.0,"gold_loss":50.0,"damage_taken":0.0},{"damage_healed":0.0,"max_hp_gain":0.0,"max_hp_loss":5.0,"gold_gain":0.0,"event_name":"Golden Idol","player_choice":"Lose Max HP","floor":4.0,"gold_loss":0.0,"damage_taken":0.0,"relics_obtained":["Golden Idol"]},{"damage_healed":0.0,"max_hp_gain":0.0,"max_hp_loss":0.0,"gold_gain":75.0,"event_name":"World of Goop","player_choice":"Gather Gold","floor":5.0,"gold_loss":0.0,"damage_taken":11.0},{"damage_healed":0,"gold_gain":0,"player_choice":"Obtained Book","damage_taken":16,"max_hp_gain":0,"max_hp_loss":0,"event_name":"Cursed Tome","floor":19,"gold_loss":0},{"damage_healed":0,"gold_gain":0,"player_choice":"Upgraded","damage_taken":0,"max_hp_gain":0,"max_hp_loss":0,"event_name":"Upgrade Shrine","floor":20,"gold_loss":0,"cards_upgraded":["Footwork"]},{"damage_healed":0,"gold_gain":0,"player_choice":"Embrace Madness","damage_taken":8,"max_hp_gain":0,"max_hp_loss":0,"event_name":"Winding Halls","floor":44,"gold_loss":0,"cards_obtained":["Madness","Madness"]},{"damage_healed":57,"gold_gain":0,"player_choice":"Heal","damage_taken":0,"max_hp_gain":0,"max_hp_loss":8,"event_name":"The Moai Head","floor":45,"gold_loss":0}],"is_beta":false,"boss_relics":[{"not_picked":["Cursed Key","Tiny House"],"picked":"Empty Cage"},{"not_picked":["HoveringKite","Busted Crown"],"picked":"Philosopher\u0027s Stone"}],"items_purged_floors":[10,39],"is_endless":false,"potions_floor_spawned":[1,6,13,14,18,22,25,27,29,31,33,35,36,37,38,40,42,46,47,48],"ascension_level":0}}