{"host":"gp6kafy53r5vaktt","time":1609023103,"event":{"mods":["BaseMod","Colored Map","Highlight Path","Minty Spire (QoL Compilation)"],"gold_per_floor":[169,186,186,186,58,58,140,171,171,206,1,1,19,35,35,166,166,181,195,195,210,210,210],"floor_reached":22,"playtime":1051,"items_purged":["Strike_G","Strike_G"],"score":256,"play_id":"2a460b3c-42f7-4be5-8b37-8a4fcc6b41b0","local_time":"20201227005143","is_ascension_mode":true,"campfire_choices":[{"data":"Dagger Spray","floor":6,"key":"SMITH"},{"data":"Cloak And Dagger","floor":12,"key":"SMITH"},{"data":"Catalyst","floor":15,"key":"SMITH"}],"circlet_count":0,"master_deck":["Strike_G+1","Defend_G","Defend_G","Defend_G","Survivor","Neutralize","Poisoned Stab","Dagger Spray+1","Poisoned Stab","Infinite Blades","Cloak And Dagger+1","Infinite Blades+1","Blur","Catalyst+1","Envenom+1","Acrobatics+1","Poisoned Stab+1","Storm of Steel+1","Choke","Cloak And Dagger+1","PiercingWail"],"relics":["Tiny House","Golden Idol","Shuriken","Ancient Tea Set","Frozen Egg 2","Boot","Astrolabe"],"acts_visited":["Exordium","TheCity"],"potions_floor_usage":[10,16,21,21,22,22],"damage_taken":[{"damage":0,"enemies":"Small Slimes","floor":1,"turns":4},{"damage":0,"enemies":"2 Louse","floor":2,"turns":3},{"damage":10,"enemies":"Gremlin Nob","floor":8,"turns":4},{"damage":8,"enemies":"Lagavulin","floor":10,"turns":6},{"damage":3,"enemies":"Jaw Worm","floor":13,"turns":3},{"damage":0,"enemies":"Gremlin Gang","floor":14,"turns":2},{"damage":0,"enemies":"Slime Boss","floor":16,"turns":5},{"damage":14,"enemies":"Spheric Guardian","floor":18,"turns":4},{"damage":17,"enemies":"3 Byrds","floor":19,"turns":3},{"damage":25,"enemies":"3 Cultists","floor":21,"turns":4},{"damage":19,"enemies":"Shelled Parasite and Fungi","floor":22,"turns":4}],"seed_played":"8845603480165752076","potions_obtained":[{"floor":0,"key":"Strength Potion"},{"floor":1,"key":"Strength Potion"},{"floor":13,"key":"Weak Potion"},{"floor":16,"key":"SteroidPotion"},{"floor":19,"key":"BlessingOfTheForge"},{"floor":21,"key":"Strength Potion"}],"is_trial":false,"path_per_floor":["M","M","?","?","$","R","T","E","T","E","$","R","M","M","R","B",null,"M","M","?","M","M"],"character_chosen":"THE_SILENT","items_purchased":["Poisoned Stab","Infinite Blades+1","Blur"],"campfire_rested":0,"item_purchase_floors":[5,11,11],"current_hp_per_floor":[75,75,57,57,57,57,57,47,47,39,39,39,36,36,36,36,75,61,44,44,19,0,0],"gold":210,"neow_bonus":"BOSS_RELIC","is_daily":false,"chose_seed":false,"campfire_upgraded":3,"win_rate":0.0,"timestamp":1609023103,"path_taken":["M","M","?","?","$","R","?","E","T","E","$","R","M","M","R","BOSS","M","?","?","M","?"],"items_purchased_type":["Card","Card","Card"],"build_version":"2020-12-13","purchased_purges":2,"victory":false,"max_hp_per_floor":[75,75,75,75,75,75,75,75,75,75,75,75,75,75,75,75,75,75,75,75,75,75,75],"card_choices":[{"not_picked":["Bane","Dagger Spray"],"picked":"Poisoned Stab","floor":0},{"not_picked":["Deadly Poison","Dodge and Roll"],"picked":"Dagger Spray","floor":1},{"not_picked":["Tactician","Bane","Finisher"],"picked":"SKIP","floor":2},{"not_picked":["Terror","Deadly Poison"],"picked":"Infinite Blades","floor":8},{"not_picked":["Setup","Underhanded Strike"],"picked":"Cloak And Dagger","floor":10},{"not_picked":["Prepared","Calculated Gamble"],"picked":"Catalyst","floor":13},{"not_picked":["Dagger Throw","Dagger Spray","Concentrate"],"picked":"SKIP","floor":14},{"not_picked":["Unload","Wraith Form v2+1"],"picked":"Envenom+1","floor":16},{"not_picked":["Bane+1","Deflect"],"picked":"Choke","floor":18},{"not_picked":["Acrobatics+1","Dagger Spray","Deflect"],"picked":"SKIP","floor":19},{"not_picked":["Masterful Stab","Sucker Punch"],"picked":"PiercingWail","floor":21}],"player_experience":97176,"relics_obtained":[{"floor":7,"key":"Shuriken"},{"floor":8,"key":"Ancient Tea Set"},{"floor":9,"key":"Frozen Egg 2"},{"floor":10,"key":"Boot"}],"event_choices":[{"damage_healed":0,"gold_gain":0,"player_choice":"Take Damage","damage_taken":18,"relics_obtained":["Golden Idol"],"max_hp_gain":0,"max_hp_loss":0,"event_name":"Golden Idol","floor":3,"gold_loss":0},{"cards_removed":["Strike_G"],"damage_healed":0,"gold_gain":0,"player_choice":"Forget","damage_taken":0,"max_hp_gain":0,"max_hp_loss":0,"event_name":"Living Wall","floor":4,"gold_loss":0},{"damage_healed":0,"gold_gain":0,"player_choice":"Copied","damage_taken":0,"max_hp_gain":0,"max_hp_loss":0,"event_name":"Duplicator","floor":20,"gold_loss":0,"cards_obtained":["Cloak And Dagger"]}],"is_beta":false,"boss_relics":[{"not_picked":["Runic Dome","SacredBark"],"picked":"Astrolabe"}],"items_purged_floors":[5,11],"is_endless":false,"potions_floor_spawned":[1,13,16,19,21],"killed_by":"Shelled Parasite and Fungi","ascension_level":1}}