{"host":"70jy76jvzy076wi7","time":1609016788,"event":{"mods":["AchievementEnabler","Act Like it!","Aspiration","BaseMod","Better Third Choice","CapriCore","Conspire","Gensokyo","GifTheSpireLib","GungeonMod","Hallownest","Hermit","Hubris","Infinite Spire","Jedi Mod","Lobotomy","LobotomyExtend","Marisa£¨ìFÓê¡¡Ä§ÀíÉ³£©","Marked Mod","Minty Spire (QoL Compilation)","Pale of the Ancients","Permanent Neow","Quarter Circle Forward PUNCH!","Red Circlet Mod","Replay The Spire","RumiaBox-Â¶Ã×æ«µÄÉñÃØºÐ×Ó","RyuuouÁúÍõ","Small Relic Pack","Spicy Shops","StSLib","The Bug Knight","The Servant 0.9.4","[IsaacMod]ÒÔÈö¼âËþ","vexMod"],"gold_per_floor":[120,140,140,171,186,186,211,266,266,299,352,352,400,437,437,561,661,899,899,953,982,1033,1033,1058,1135,1184,1227,1227,1287,1312,1338,1338,1498,1598,1644,1733,1758,676,719,753,778,863,890,946,946,1008,1008,1022,1022,1120,1120],"floor_reached":52,"playtime":3599,"items_purged":["CentralCode","BodiesMountain","ControlCode"],"score":1169,"play_id":"25275aa2-282f-47c7-899c-b47fa17d9308","local_time":"20201227050628","is_ascension_mode":false,"campfire_choices":[{"floor":15.0,"key":"REST"},{"floor":32.0,"key":"DIG"},{"floor":49,"key":"DIG"}],"circlet_count":0,"master_deck":["LongBird","BlueStar","DespairKnight","ApocalypseBird","PunishingBird","BigBird","SpecialBullet","SpecialBullet","SpecialBullet","SpecialBullet","SpecialBullet","HereticApostle","SpecialBullet","SpecialBullet","BettingIsNotGood","ExtractionCode","Spore","Adoration","RedShoes","Logging","ScreamingWedge","Pinks","DaCapo","hubris:Fate","Diffraction","Lamp+8","ShedSkin+1","Insight+1","Laetitia_ego+1","WhiteNight","Logging+1","TT2Protocol","TheSmile+1","ScreamingWedge+1","Pinks+1","Justitia+1","Hornet+1","Moonlight+1","DaCapo+1","jedi:forcepull+1","Ecstasy+1","DemoMod:Invincible+1","TrainingCode","Adoration+1","Hypocrisy+1"],"relics":["CogitoBucket","RabbitCall","HushsDoor","SatanicBible","LetterFromLob","SalivaCoin","AspirationHeart","Gremlin Horn","Sundial","Replay:Wanted Poster","Gaze_r","Heaven_r","Amita_r","BackwardClock","Bottled Lightning","Pet Ghost","SkinProphecy","AtMidnight","conspire:TopHat","infinitespire:Lucky Rock","vexMod:TanglingVine","BelialBook","JudasShadow","TheSmile_r","ClockworkSouvenir","Art of War","OrangePellets","qcfpunch:Broken_Tusk","qcfpunch:Wrestler\u0027s_Cloak","Pen Nib","Lamp_r","PokeGo","aspiration:TomeofQuesting","Centennial Puzzle","Twilight","infinitespire:Beetle Shell","SwordSharpenedByTears_r","SoundOfStar_r","Justitia_r"],"acts_visited":["Exordium","TheCity","TheBeyond"],"potions_floor_usage":[],"damage_taken":[{"damage":21.0,"enemies":"2 Louse","floor":1.0,"turns":3.0},{"damage":8.0,"enemies":"Cultist","floor":2.0,"turns":3.0},{"damage":12.0,"enemies":"infinitespire:Voidling","floor":4.0,"turns":3.0},{"damage":0.0,"enemies":"3 Louse","floor":5.0,"turns":1.0},{"damage":7.0,"enemies":"HollowMod:MossKnight","floor":7.0,"turns":5.0},{"damage":12.0,"enemies":"Gremlin Gang","floor":8.0,"turns":5.0},{"damage":2.0,"enemies":"2 Fungi Beasts","floor":10.0,"turns":3.0},{"damage":5.0,"enemies":"3 Sentries","floor":11.0,"turns":7.0},{"damage":7.0,"enemies":"conspire:2 RoseBushes","floor":13.0,"turns":6.0},{"damage":3.0,"enemies":"Exordium Thugs","floor":14.0,"turns":4.0},{"damage":4.0,"enemies":"Slime Boss","floor":16.0,"turns":4.0},{"damage":4.0,"enemies":"Chosen","floor":18.0,"turns":2.0},{"damage":32.0,"enemies":"Chosen","floor":18.0,"turns":5.0},{"damage":5.0,"enemies":"Chosen","floor":20.0,"turns":3.0},{"damage":2.0,"enemies":"3 Byrds","floor":21.0,"turns":4.0},{"damage":4.0,"enemies":"Snake Plant","floor":22.0,"turns":4.0},{"damage":0.0,"enemies":"Replay:Snechameleon","floor":25.0,"turns":3.0},{"damage":0.0,"enemies":"Snecko","floor":27.0,"turns":1.0},{"damage":0.0,"enemies":"Centurion and Healer","floor":29.0,"turns":14.0},{"damage":0.0,"enemies":"conspire:Head Lice","floor":31.0,"turns":2.0},{"damage":0.0,"enemies":"Collector","floor":33.0,"turns":7.0},{"damage":1.0,"enemies":"3 Darklings","floor":35.0,"turns":2.0},{"damage":0,"enemies":"3 Shapes","floor":36,"turns":3},{"damage":5,"enemies":"Jaw Worm Horde","floor":39,"turns":3},{"damage":0,"enemies":"Nemesis","floor":40,"turns":1},{"damage":1,"enemies":"Reptomancer","floor":42,"turns":2},{"damage":0,"enemies":"Nemesis","floor":44,"turns":1},{"damage":0,"enemies":"Writhing Mass","floor":46,"turns":3},{"damage":0,"enemies":"3 Darklings","floor":48,"turns":5},{"damage":103,"enemies":"conspire:OrnateMirror","floor":50,"turns":9}],"seed_played":"7463196144575215463","potions_obtained":[{"floor":27.0,"key":"FearPotion"},{"floor":35,"key":"Strength Potion"}],"is_trial":true,"path_per_floor":["M","M","?","M","M","R","E","M","T","M","E","R","M","M","R","B",null,"M","AVR","M","M","M","R","?","E","T","M","?","M","R","E","R","B",null,"M","M","?","$","M","E","R","E","T","E","R","M","?","M","R","B",null,null],"character_chosen":"Angela","items_purchased":["ScreamingWedge+1","Pinks+1","Justitia+1","Hornet+1","BelialBook","JudasShadow","jedi:forcepull+1","ClockworkSouvenir","Ecstasy+1","Art of War","OrangePellets","qcfpunch:Broken_Tusk","qcfpunch:Wrestler\u0027s_Cloak","DemoMod:Invincible+1"],"campfire_rested":1,"item_purchase_floors":[34,34,34,34,34,34,38,38,38,38,38,38,38,38],"current_hp_per_floor":[49,41,41,29,29,29,22,20,20,18,13,13,14,11,35,31,80,48,48,50,48,44,44,44,50,50,57,57,103,103,106,106,109,77,81,90,90,90,99,106,106,111,111,117,117,125,125,133,133,145,145],"gold":1120,"neow_bonus":"","is_daily":false,"chose_seed":false,"campfire_upgraded":0,"win_rate":0.0,"timestamp":1609016788,"path_taken":["M","M","?","?","?","R","E","M","T","M","E","R","M","M","R","BOSS","M","AVR","M","M","M","R","?","E","T","M","?","M","R","E","R","BOSS","M","M","?","$","?","E","R","E","T","E","R","M","?","M","R","BOSS"],"items_purchased_type":["Card","Card","Card","Card","Relic","Relic","Card","Relic","Card","Relic","Relic","Relic","Relic","Card"],"build_version":"2020-12-22","purchased_purges":3,"victory":true,"max_hp_per_floor":[70,70,70,70,70,70,70,80,80,80,80,80,80,80,80,80,80,80,80,80,83,84,84,84,89,89,90,90,104,104,107,107,114,77,85,95,95,95,104,107,107,115,115,122,122,129,129,138,138,146,146],"card_choices":[{"not_picked":[],"picked":"BettingIsNotGood","floor":0.0},{"not_picked":["FourthMatchFlame"],"picked":"Spore","floor":1.0},{"not_picked":["Reverberation","Pleasure"],"picked":"SKIP","floor":1.0},{"not_picked":["Wingbeat","Lantern"],"picked":"SKIP","floor":2.0},{"not_picked":["RapturousDream","CUTE"],"picked":"SKIP","floor":2.0},{"not_picked":["Logging"],"picked":"Adoration","floor":4.0},{"not_picked":["Amita","RedEyes"],"picked":"SKIP","floor":4.0},{"not_picked":["Funeral","Murderer"],"picked":"RedShoes","floor":5.0},{"not_picked":["BloodyDesire","TodaysExpression"],"picked":"SKIP","floor":5.0},{"not_picked":["Bomb"],"picked":"Logging","floor":7.0},{"not_picked":["MHz","WallGazer"],"picked":"PunishingBird","floor":7.0},{"not_picked":["Amita","CUTE"],"picked":"SKIP","floor":7.0},{"not_picked":["WristCuter"],"picked":"ScreamingWedge","floor":8.0},{"not_picked":["Tough","RedEyes"],"picked":"SKIP","floor":8.0},{"not_picked":["FourthMatchFlame","Lantern"],"picked":"SKIP","floor":10.0},{"not_picked":["FourthMatchFlame","Penitence"],"picked":"SKIP","floor":10.0},{"not_picked":["Reverberation","SoundOfStar"],"picked":"SKIP","floor":11.0},{"not_picked":["CUTE","Penitence"],"picked":"SKIP","floor":11.0},{"not_picked":["FeatherOfHonor","Lantern"],"picked":"SKIP","floor":13.0},{"not_picked":["MagicBullet","Gaze"],"picked":"SKIP","floor":13.0},{"not_picked":["Loneliness"],"picked":"Bomb","floor":14.0},{"not_picked":["Harvest","CherryBlossom"],"picked":"SKIP","floor":14.0},{"not_picked":["ParadiseLost","Adoration"],"picked":"Pinks","floor":16.0},{"not_picked":["Pinks","ParadiseLost"],"picked":"DaCapo","floor":16.0},{"not_picked":["HeroicMonk","MeatLantern","Porccubus"],"picked":"Singing Bowl","floor":20.0},{"not_picked":["BloodyDesire+1","Loneliness+1","RedEyes"],"picked":"SKIP","floor":20.0},{"not_picked":["RedEyes+1","SomewhereSpear","Loneliness"],"picked":"SKIP","floor":20.0},{"not_picked":["Heaven","FourthMatchFlame+1"],"picked":"Diffraction","floor":21.0},{"not_picked":["Scorched","MHz","Alriune"],"picked":"Singing Bowl","floor":21.0},{"not_picked":["Loneliness","SolemnVow"],"picked":"Lamp+1","floor":21.0},{"not_picked":["Wingbeat+1","Soda+1"],"picked":"ShedSkin+1","floor":22.0},{"not_picked":["Yin","WhitesApple","Freischutz"],"picked":"Singing Bowl","floor":22.0},{"not_picked":["Regret_ego+1","Tough+1","FourthMatchFlame+1"],"picked":"SKIP","floor":22.0},{"not_picked":["Reverberation+1","SomewhereSpear+1"],"picked":"Laetitia_ego+1","floor":25.0},{"not_picked":["DreamingCurrent","MeatLantern","FairyFestival"],"picked":"Singing Bowl","floor":25.0},{"not_picked":["Scorched","BeautyBeast"],"picked":"WhiteNight","floor":25.0},{"not_picked":["Tough+1","TodaysExpression+1","RedEyes+1"],"picked":"SKIP","floor":25.0},{"not_picked":["Tough+1","TodaysExpression+1","RedEyes+1"],"picked":"SKIP","floor":25.0},{"not_picked":["CrumblingArmor","CherryBlossoms","Wellcheers"],"picked":"Singing Bowl","floor":27.0},{"not_picked":["Pleasure+1","FourthMatchFlame+1","Wingbeat+1"],"picked":"SKIP","floor":27.0},{"not_picked":["Discord+1","Amita+1"],"picked":"Logging+1","floor":29.0},{"not_picked":["CrumblingArmor","DreamingCurrent","Scarecrow"],"picked":"Singing Bowl","floor":29.0},{"not_picked":["Lantern+1","CherryBlossom+1","TodaysExpression+1"],"picked":"SKIP","floor":29.0},{"not_picked":["Lantern+1","CherryBlossom+1","TodaysExpression+1"],"picked":"SKIP","floor":29.0},{"not_picked":["DreamingCurrent","SpiderBud","Bloodbath"],"picked":"Singing Bowl","floor":31.0},{"not_picked":["CUTE+1","Penitence+1","BlueScar+1"],"picked":"SKIP","floor":31.0},{"not_picked":["Scorched","Scarecrow"],"picked":"BodiesMountain","floor":33.0},{"not_picked":["ParadiseLost+1","DaCapo+1"],"picked":"TheSmile+1","floor":33.0},{"not_picked":["TodaysExpression+1","FeatherOfHonor+1"],"picked":"Moonlight+1","floor":35},{"not_picked":["CherryBlossoms","Porccubus","CrumblingArmor"],"picked":"Singing Bowl","floor":36},{"not_picked":["Laetitia","Freischutz"],"picked":"BigBird","floor":36},{"not_picked":["Logging+1","SwordSharpenedByTears+1"],"picked":"DaCapo+1","floor":36},{"not_picked":["Mercenary","Porccubus"],"picked":"BlueStar","floor":39},{"not_picked":["Harmony+1","CherryBlossom+1","Loneliness+1"],"picked":"SKIP","floor":39},{"not_picked":["Regret_ego+1","ParadiseLost+1","RedEyes+1"],"picked":"SKIP","floor":39},{"not_picked":["BigBadWolf","Porccubus","MeatLantern"],"picked":"Singing Bowl","floor":40},{"not_picked":["Loneliness+1","Wingbeat+1","TodaysExpression+1"],"picked":"SKIP","floor":40},{"not_picked":["RapturousDream+1","RedEyes+1"],"picked":"Adoration+1","floor":42},{"not_picked":["DreamingCurrent","MHz"],"picked":"DespairKnight","floor":42},{"not_picked":["Tough+1","Christmas+1","Horn+1"],"picked":"SKIP","floor":42},{"not_picked":["DreamingCurrent","LittlePrince"],"picked":"QueenOfHatred","floor":44},{"not_picked":["Tough+1","Wingbeat+1","Amita+1"],"picked":"SKIP","floor":44},{"not_picked":["BodiesMountain","GalaxyChild","NakedNest"],"picked":"Singing Bowl","floor":46},{"not_picked":["UniverseFragment","NakedNest"],"picked":"LongBird","floor":46},{"not_picked":["BloodyDesire+1","Beak+1"],"picked":"Hypocrisy+1","floor":46},{"not_picked":["LittleHelper","CENSORED","HeroicMonk"],"picked":"Singing Bowl","floor":48}],"player_experience":1968788,"relics_obtained":[{"floor":1.0,"key":"LetterFromLob"},{"floor":7.0,"key":"SalivaCoin"},{"floor":9.0,"key":"Gremlin Horn"},{"floor":11.0,"key":"Sundial"},{"floor":25.0,"key":"Bottled Lightning"},{"floor":26.0,"key":"Pet Ghost"},{"floor":29.0,"key":"AtMidnight"},{"floor":31.0,"key":"conspire:TopHat"},{"floor":32.0,"key":"infinitespire:Lucky Rock"},{"floor":40,"key":"Pen Nib"},{"floor":42,"key":"PokeGo"},{"floor":43,"key":"aspiration:TomeofQuesting"},{"floor":44,"key":"Centennial Puzzle"},{"floor":48,"key":"Twilight"},{"floor":49,"key":"infinitespire:Beetle Shell"}],"event_choices":[{"damage_healed":0.0,"max_hp_gain":0.0,"max_hp_loss":0.0,"gold_gain":0.0,"event_name":"betterThird:BetterWriting","player_choice":"Insight","floor":24.0,"gold_loss":0.0,"damage_taken":0.0,"cards_obtained":["Insight"]},{"cards_removed":["SummonCall"],"damage_healed":0,"gold_gain":0,"player_choice":"Removed Skill","damage_taken":0,"max_hp_gain":0,"max_hp_loss":0,"event_name":"Falling","floor":37,"gold_loss":0}],"is_beta":false,"boss_relics":[{"not_picked":["hubris:Stopwatch","Replay:Ancient Bell"],"picked":"Replay:Wanted Poster"},{"not_picked":[]},{"not_picked":["hubris:HollowSoul","conspire:RoyalGoblet"],"picked":"vexMod:TanglingVine"},{"not_picked":[]}],"items_purged_floors":[19,38,38],"is_endless":false,"potions_floor_spawned":[27,35],"ascension_level":0}}