{"host":"cvi30shpqg1ukvbr","time":1609000573,"event":{"mods":["Act Like it!","BaseMod","Better Altar","Better Match","Better Note","Better Sensory Stone","Better Skull","Better Third Choice","Conspire","GifTheSpireLib","Hubris","Infinite Spire","Minty Spire (QoL Compilation)","Relic Stats","Replay The Spire","Shop Mod","Spicy Shops","StSLib","Stuff the Spire"],"gold_per_floor":[20,20,20,34,51,63,98,98,98,116,135,135,167,187,187,290,290,308,320,332,332,332,332,362,362,417,450,485,500,538,166,166,269,269,290,565,10,50,106,139,139,189,189,189,239,273,302,320,320,360,360,360,80,136,140],"floor_reached":56,"playtime":5286,"items_purged":["Defend_R","Regret","Defend_R","Injury","Overencumbered"],"score":1437,"play_id":"436947ee-e50b-4805-ae23-3f3228a2f9e9","local_time":"20201227013613","is_ascension_mode":true,"campfire_choices":[{"data":"Bash","floor":8,"key":"SMITH"},{"data":"Fire Breathing","floor":12,"key":"SMITH"},{"data":"Armaments","floor":15,"key":"SMITH"},{"data":"Brutality","floor":23,"key":"SMITH"},{"data":"ReplayTheSpireMod:Strike From Hell","floor":25,"key":"SMITH"},{"floor":32,"key":"REST"},{"data":"ReplayTheSpireMod:Strike From Hell","floor":41,"key":"SMITH"},{"floor":44,"key":"RECALL"},{"data":"Armaments","floor":49,"key":"SMITH"},{"data":"Dual Wield","floor":52,"key":"SMITH"}],"circlet_count":0,"master_deck":["Defend_R+1","Defend_R+1","Bash+1","ReplayTheSpireMod:Strike From Hell+1","Shrug It Off","True Grit","hubris:DuctTapeCard","Fire Breathing+1","Sever Soul","Armaments+1","ReplayTheSpireMod:Strike From Hell+1","Brutality+1","True Grit+1","Intimidate+1","Shrug It Off","conspire:ExplosiveBarrier+1","Blood for Blood","Dual Wield+1","Power Through","Seeing Red","Spot Weakness+1","Shockwave+1","ReplayTheSpireMod:Stacked+1","Armaments+1","Shrug It Off+1","Barricade","Power Through"],"relics":["Burning Blood","hubris:AstralHammer","FaceOfCleric","hubris:DuctTape","Replay:Rubber Ducky","Smiling Mask","Kintsugi","infinitespire:WardingShard","ReplayTheSpireMod:Lightbulb","Replay:Bandana","Red Mask","Simple Rune","conspire:TopHat","infinitespire:FocusingShard","Replay:Bronze Core","StuffTheSpire:OldFever","Bag of Marbles","hubris:ChampionShield","Replay:Kaleidoscope","infinitespire:Beetle Shell","CeramicFish","Lantern"],"acts_visited":["Exordium","TheCity","TheBeyond","TheEnding"],"potions_floor_usage":[14,24,27,28,33,42,47,55],"damage_taken":[{"damage":6,"enemies":"Cultist","floor":1,"turns":3},{"damage":0,"enemies":"Small Slimes","floor":4,"turns":3},{"damage":8,"enemies":"Jaw Worm","floor":5,"turns":3},{"damage":0,"enemies":"2 Fungi Beasts","floor":6,"turns":3},{"damage":13,"enemies":"Gremlin Nob","floor":7,"turns":4},{"damage":3,"enemies":"conspire:2 RoseBushes","floor":10,"turns":4},{"damage":28,"enemies":"Exordium Thugs","floor":11,"turns":5},{"damage":13,"enemies":"3 Sentries","floor":13,"turns":4},{"damage":21,"enemies":"Large Slime","floor":14,"turns":7},{"damage":20,"enemies":"Slime Boss","floor":16,"turns":5},{"damage":19,"enemies":"2 Thieves","floor":18,"turns":3},{"damage":7,"enemies":"Chosen","floor":19,"turns":4},{"damage":19,"enemies":"Snake Plant","floor":20,"turns":5},{"damage":11,"enemies":"Slavers","floor":24,"turns":4},{"damage":49,"enemies":"Masked Bandits","floor":27,"turns":4},{"damage":18,"enemies":"Gremlin Leader","floor":28,"turns":4},{"damage":8,"enemies":"Chosen and Byrds","floor":29,"turns":5},{"damage":16,"enemies":"conspire:Head Lice","floor":30,"turns":7},{"damage":15,"enemies":"conspire:MysteriousRune","floor":33,"turns":5},{"damage":10,"enemies":"3 Darklings","floor":35,"turns":5},{"damage":10,"enemies":"3 Shapes","floor":38,"turns":3},{"damage":2,"enemies":"Transient","floor":39,"turns":3},{"damage":10,"enemies":"R_Hoarder","floor":40,"turns":7},{"damage":14,"enemies":"Reptomancer","floor":42,"turns":3},{"damage":2,"enemies":"R_Hoarder","floor":45,"turns":3},{"damage":2,"enemies":"Jaw Worm Horde","floor":46,"turns":3},{"damage":11,"enemies":"3 Darklings","floor":47,"turns":5},{"damage":4,"enemies":"Spire Growth","floor":48,"turns":5},{"damage":27,"enemies":"hubris:GrandSnecko","floor":50,"turns":3},{"damage":4,"enemies":"Shield and Spear","floor":54,"turns":3},{"damage":22,"enemies":"The Heart","floor":55,"turns":12}],"seed_played":"-5690980018376156989","potions_obtained":[{"floor":4,"key":"Ancient Potion"},{"floor":6,"key":"Reflective Coating"},{"floor":7,"key":"Weak Potion"},{"floor":14,"key":"Adrenaline Potion"},{"floor":27,"key":"BloodPotion"},{"floor":33,"key":"LiquidMemories"},{"floor":40,"key":"Strength Potion"},{"floor":46,"key":"AttackPotion"},{"floor":47,"key":"Fruit Juice"}],"is_trial":false,"path_per_floor":["M","?","?","M","M","M","E","R","T","M","M","R","E","M","R","B",null,"M","M","M","T","?","R","E","R","T","?","E","M","E","$","R","B",null,"M","?","$","M","M","E","R","E","T","R","E","M","M","M","R","B",null,"R","$","E","B",null],"character_chosen":"IRONCLAD","items_purchased":["infinitespire:FocusingShard","Power Through","StuffTheSpire:OldFever","Bag of Marbles","hubris:ChampionShield","Barricade","Weak Potion"],"campfire_rested":1,"item_purchase_floors":[31,31,37,37,37,53,53],"current_hp_per_floor":[80,80,80,81,80,83,77,77,77,81,60,60,54,40,40,27,89,77,77,65,65,65,65,61,61,61,19,26,25,16,16,45,37,98,95,95,95,92,97,94,94,87,87,87,92,97,98,101,101,81,113,113,113,114,99],"gold":140,"neow_bonus":"ONE_RARE_RELIC","is_daily":false,"chose_seed":false,"campfire_upgraded":8,"win_rate":0.0,"timestamp":1609000573,"path_taken":["M","?","?","M","M","M","E","R","T","M","M","R","E","M","R","BOSS","M","M","M","?","?","R","E","R","T","?","E","M","E","$","R","BOSS","M","?","$","M","M","E","R","E","T","R","E","M","M","M","R","BOSS","R","$","E","BOSS"],"items_purchased_type":["Relic","Card","Relic","Relic","Relic","Card","Potion"],"build_version":"2020-12-22","purchased_purges":5,"victory":true,"max_hp_per_floor":[80,80,80,81,82,83,84,84,84,85,86,86,87,88,88,89,89,90,91,92,92,92,92,93,93,93,94,95,96,97,97,97,98,98,99,99,99,100,101,102,102,103,103,103,104,105,111,112,112,113,113,113,113,114,115],"relic_stats":{"FaceOfCleric":30,"counters":[31,137],"CeramicFish":36,"Smiling Mask":375,"obtain_stats":[{"Lantern":54,"hubris:DuctTape":7,"CeramicFish":45,"infinitespire:FocusingShard":31,"infinitespire:Beetle Shell":42,"Replay:Kaleidoscope":40,"Smiling Mask":13,"Burning Blood":0,"conspire:TopHat":30,"Replay:Rubber Ducky":9,"Replay:Bandana":26,"FaceOfCleric":3,"infinitespire:WardingShard":21,"hubris:AstralHammer":0,"Replay:Bronze Core":34,"Simple Rune":28,"Red Mask":27,"Bag of Marbles":37,"Kintsugi":17,"hubris:ChampionShield":37,"ReplayTheSpireMod:Lightbulb":24,"StuffTheSpire:OldFever":37},{"Lantern":30,"hubris:DuctTape":5,"CeramicFish":25,"infinitespire:FocusingShard":18,"infinitespire:Beetle Shell":24,"Replay:Kaleidoscope":23,"Smiling Mask":8,"Burning Blood":0,"conspire:TopHat":18,"Replay:Rubber Ducky":5,"Replay:Bandana":14,"FaceOfCleric":1,"infinitespire:WardingShard":13,"hubris:AstralHammer":0,"Replay:Bronze Core":19,"Simple Rune":16,"Red Mask":15,"Bag of Marbles":20,"Kintsugi":10,"hubris:ChampionShield":20,"ReplayTheSpireMod:Lightbulb":14,"StuffTheSpire:OldFever":20},{"Lantern":125,"hubris:DuctTape":16,"CeramicFish":106,"infinitespire:FocusingShard":77,"infinitespire:Beetle Shell":103,"Replay:Kaleidoscope":100,"Smiling Mask":29,"Burning Blood":0,"conspire:TopHat":77,"Replay:Rubber Ducky":16,"Replay:Bandana":57,"FaceOfCleric":3,"infinitespire:WardingShard":53,"hubris:AstralHammer":0,"Replay:Bronze Core":82,"Simple Rune":65,"Red Mask":61,"Bag of Marbles":87,"Kintsugi":41,"hubris:ChampionShield":87,"ReplayTheSpireMod:Lightbulb":57,"StuffTheSpire:OldFever":87}],"Burning Blood":174},"card_choices":[{"not_picked":["Clothesline","ReplayTheSpireMod:LeadingStrike"],"picked":"ReplayTheSpireMod:Strike From Hell","floor":1},{"not_picked":["Warcry","StuffTheSpire:Slingshot"],"picked":"Shrug It Off","floor":4},{"not_picked":["Body Slam","hubris:ReadiedAction"],"picked":"True Grit","floor":5},{"not_picked":["Infernal Blade","Twin Strike"],"picked":"Clothesline","floor":6},{"not_picked":["ReplayReversal","Pommel Strike"],"picked":"Clothesline","floor":7},{"not_picked":["Clothesline","Havoc"],"picked":"Fire Breathing","floor":10},{"not_picked":["Wild Strike","Searing Blow"],"picked":"Sever Soul","floor":11},{"not_picked":["StuffTheSpire:RockThrow","Bludgeon"],"picked":"Armaments","floor":13},{"not_picked":["StuffTheSpire:Incineration","StuffTheSpire:Slingshot"],"picked":"ReplayTheSpireMod:Strike From Hell","floor":14},{"not_picked":["hubris:StunningStrike","Demonic Infusion"],"picked":"Brutality","floor":16},{"not_picked":["Clothesline","StuffTheSpire:Incineration"],"picked":"True Grit+1","floor":18},{"not_picked":["Sword Boomerang","Havoc"],"picked":"Intimidate+1","floor":19},{"not_picked":["Dropkick","StuffTheSpire:RockThrow"],"picked":"Shrug It Off","floor":20},{"not_picked":["StuffTheSpire:Pyroclast+1","Replay:Many Hands"],"picked":"conspire:ExplosiveBarrier+1","floor":24},{"not_picked":["Replay:Undeath\u0027s Touch","Anger"],"picked":"Blood for Blood","floor":27},{"not_picked":["Reckless Charge+1","Flex"],"picked":"Dual Wield","floor":28},{"not_picked":["Clothesline+1","Run Through","Sword Boomerang"],"picked":"SKIP","floor":29},{"not_picked":["Heavy Blade","Infernal Blade","Sever Soul+1"],"picked":"SKIP","floor":30},{"not_picked":["Sword Boomerang","Pommel Strike+1"],"picked":"Seeing Red","floor":35},{"not_picked":["hubris:SharpeningStone+1","Anger+1"],"picked":"Spot Weakness+1","floor":38},{"not_picked":["Flex","conspire:ExplosiveBarrier+1","Defy Death"],"picked":"SKIP","floor":39},{"not_picked":["conspire:Purge","Hemokinesis"],"picked":"Shockwave+1","floor":40},{"not_picked":["Massacre+1","Heavy Blade+1"],"picked":"ReplayTheSpireMod:Stacked+1","floor":42},{"not_picked":["ReplayTheSpireMod:Limb From Limb","Pommel Strike+1","Body Slam+1"],"picked":"SKIP","floor":45},{"not_picked":["Iron Wave+1","Replay:Undeath\u0027s Touch+1"],"picked":"Armaments","floor":46},{"not_picked":["Anger","Cleave"],"picked":"Shrug It Off+1","floor":47},{"not_picked":["Ghostly Armor","Warcry+1","Heavy Blade"],"picked":"SKIP","floor":48},{"not_picked":["Sever Soul+1","Twin Strike+1"],"picked":"Power Through","floor":54}],"player_experience":1770152,"relics_obtained":[{"floor":7,"key":"hubris:DuctTape"},{"floor":9,"key":"Replay:Rubber Ducky"},{"floor":13,"key":"Smiling Mask"},{"floor":21,"key":"infinitespire:WardingShard"},{"floor":24,"key":"ReplayTheSpireMod:Lightbulb"},{"floor":26,"key":"Replay:Bandana"},{"floor":27,"key":"Red Mask"},{"floor":28,"key":"Simple Rune"},{"floor":30,"key":"conspire:TopHat"},{"floor":40,"key":"Replay:Kaleidoscope"},{"floor":42,"key":"infinitespire:Beetle Shell"},{"floor":45,"key":"CeramicFish"},{"floor":54,"key":"Lantern"}],"event_choices":[{"damage_healed":0,"gold_gain":0,"player_choice":"Disagree","damage_taken":0,"max_hp_gain":0,"max_hp_loss":0,"event_name":"conspire:LoneGhost","floor":2,"gold_loss":0},{"damage_healed":0,"gold_gain":0,"player_choice":"Trade","damage_taken":0,"relics_obtained":["FaceOfCleric"],"max_hp_gain":0,"max_hp_loss":0,"event_name":"FaceTrader","floor":3,"gold_loss":0},{"damage_healed":0,"gold_gain":0,"player_choice":"Ignored","damage_taken":0,"max_hp_gain":0,"max_hp_loss":0,"event_name":"betterNote:BetterNote","floor":22,"gold_loss":0,"cards_obtained":["Demon Form"]},{"damage_healed":0,"gold_gain":0,"player_choice":"Fought Bandits","damage_taken":0,"max_hp_gain":0,"max_hp_loss":0,"event_name":"Masked Bandits","floor":27,"gold_loss":0},{"damage_healed":0,"gold_gain":275,"player_choice":"Desecrate","damage_taken":0,"max_hp_gain":0,"max_hp_loss":0,"event_name":"Golden Shrine","floor":36,"gold_loss":0,"cards_obtained":["Regret"]}],"is_beta":false,"boss_relics":[{"not_picked":["Snecko Heart","Philosopher\u0027s Stone"],"picked":"Kintsugi"},{"not_picked":["ReplayTheSpireMod:DimensionalGlitch","conspire:SeveredTorchhead"],"picked":"Replay:Bronze Core"}],"items_purged_floors":[31,37,37,53,53],"is_endless":false,"potions_floor_spawned":[4,6,7,14,16,19,20,27,33,40,46,47],"ascension_level":1}}