{"host":"ex6y92ceh6h0mo7k","time":1609021510,"event":{"mods":["BaseMod","Minty Spire (QoL Compilation)","Quick Restart","StSLib","SuperFastMode"],"gold_per_floor":[217,292,178,178,5,5,47,47,47,69,69,107,126,145,145,228,228,250,250,250,266,288,288,288,288],"floor_reached":24,"playtime":1119,"items_purged":["Strike_G"],"score":408,"play_id":"b873a08e-666c-468a-b271-a564993bba92","local_time":"20201227062510","is_ascension_mode":true,"campfire_choices":[{"data":"All Out Attack","floor":6.0,"key":"SMITH"},{"data":"Crippling Poison","floor":8.0,"key":"SMITH"},{"data":"Deadly Poison","floor":15.0,"key":"SMITH"},{"data":"Blur","floor":23,"key":"SMITH"}],"circlet_count":0,"master_deck":["AscendersBane","Strike_G+1","Strike_G","Strike_G+1","Strike_G","Defend_G","Defend_G","Defend_G","Defend_G","Defend_G","Survivor","Neutralize","Sucker Punch","All Out Attack+1","Quick Slash","Crippling Poison+1","Masterful Stab","Heel Hook","Blur+1","Deadly Poison+1","Adrenaline","Poisoned Stab+1","PiercingWail"],"relics":["Ring of the Snake","Anchor","CeramicFish","Oddly Smooth Stone","Whetstone","Velvet Choker","Centennial Puzzle"],"acts_visited":["Exordium","TheCity"],"potions_floor_usage":[],"damage_taken":[{"damage":0.0,"enemies":"Small Slimes","floor":1.0,"turns":4.0},{"damage":24.0,"enemies":"Gremlin Nob","floor":7.0,"turns":4.0},{"damage":0.0,"enemies":"Jaw Worm","floor":10.0,"turns":4.0},{"damage":11.0,"enemies":"3 Sentries","floor":12.0,"turns":7.0},{"damage":0.0,"enemies":"Cultist","floor":13.0,"turns":3.0},{"damage":0.0,"enemies":"Exordium Wildlife","floor":14.0,"turns":2.0},{"damage":48,"enemies":"The Guardian","floor":16,"turns":12},{"damage":6,"enemies":"Shell Parasite","floor":18,"turns":4},{"damage":12,"enemies":"Chosen","floor":21,"turns":4},{"damage":5,"enemies":"Shelled Parasite and Fungi","floor":22,"turns":5},{"damage":30,"enemies":"Gremlin Leader","floor":24,"turns":4}],"seed_played":"6117105061430410667","potions_obtained":[{"floor":1.0,"key":"CunningPotion"},{"floor":10.0,"key":"SpeedPotion"},{"floor":16,"key":"Strength Potion"}],"is_trial":false,"path_per_floor":["M","?","$","?","$","R","E","R","T","M","?","E","M","M","R","B",null,"M","?","?","M","M","R","E"],"character_chosen":"THE_SILENT","items_purchased":["All Out Attack","Anchor"],"campfire_rested":0,"item_purchase_floors":[3,5],"current_hp_per_floor":[59,48,48,48,48,48,24,24,24,24,66,55,55,55,55,7,51,45,45,45,33,28,28,0,0],"gold":288,"neow_bonus":"HUNDRED_GOLD","is_daily":false,"chose_seed":false,"campfire_upgraded":4,"win_rate":0.0,"timestamp":1609021510,"path_taken":["M","?","$","?","$","R","E","R","T","?","?","E","?","M","R","BOSS","M","?","?","?","M","R","E"],"items_purchased_type":["Card","Relic"],"build_version":"2020-12-22","purchased_purges":1,"victory":false,"max_hp_per_floor":[66,66,66,66,66,66,66,66,66,66,66,66,66,66,66,66,66,66,66,66,66,66,66,66,66],"card_choices":[{"not_picked":["Distraction","Tactician"],"picked":"Sucker Punch","floor":1.0},{"not_picked":["Sucker Punch","Underhanded Strike"],"picked":"Crippling Poison","floor":7.0},{"not_picked":["Underhanded Strike","Dagger Throw"],"picked":"Masterful Stab","floor":10.0},{"not_picked":["Acrobatics","Sucker Punch"],"picked":"Heel Hook","floor":12.0},{"not_picked":["Dagger Spray","Slice"],"picked":"Blur","floor":13.0},{"not_picked":["Wraith Form v2","Dagger Spray"],"picked":"Deadly Poison","floor":14.0},{"not_picked":["Grand Finale","Envenom"],"picked":"Adrenaline","floor":16},{"not_picked":["Blade Dance","Deadly Poison"],"picked":"Poisoned Stab+1","floor":18},{"not_picked":["Dodge and Roll","Sucker Punch","Bane"],"picked":"SKIP","floor":21},{"not_picked":["Slice","All Out Attack"],"picked":"PiercingWail","floor":22}],"player_experience":906239,"relics_obtained":[{"floor":7.0,"key":"CeramicFish"},{"floor":9.0,"key":"Oddly Smooth Stone"},{"floor":12.0,"key":"Whetstone"}],"event_choices":[{"damage_healed":0.0,"max_hp_gain":0.0,"max_hp_loss":0.0,"gold_gain":75.0,"event_name":"World of Goop","player_choice":"Gather Gold","floor":2.0,"gold_loss":0.0,"damage_taken":11.0},{"damage_healed":0.0,"max_hp_gain":0.0,"max_hp_loss":0.0,"gold_gain":0.0,"event_name":"Match and Keep!","player_choice":"1 cards matched","floor":4.0,"gold_loss":0.0,"damage_taken":0.0,"cards_obtained":["Quick Slash"]},{"damage_healed":42.0,"max_hp_gain":0.0,"max_hp_loss":0.0,"gold_gain":0.0,"event_name":"Wheel of Change","player_choice":"Full Heal","floor":11.0,"gold_loss":0.0,"damage_taken":0.0},{"damage_healed":0,"gold_gain":0,"player_choice":"Ignored","damage_taken":0,"max_hp_gain":0,"max_hp_loss":0,"event_name":"Ghosts","floor":19,"gold_loss":0},{"damage_healed":0,"gold_gain":0,"player_choice":"Gave Potion","damage_taken":0,"relics_obtained":["Centennial Puzzle"],"max_hp_gain":0,"max_hp_loss":0,"event_name":"WeMeetAgain","floor":20,"gold_loss":0}],"is_beta":false,"boss_relics":[{"not_picked":["Empty Cage","Coffee Dripper"],"picked":"Velvet Choker"}],"items_purged_floors":[3],"is_endless":false,"potions_floor_spawned":[1,10,16],"killed_by":"Gremlin Leader","ascension_level":20}}