{"host":"cjhtzh7tp54jdfyv","time":1609010569,"event":{"mods":["AchievementEnabler","BaseMod","Colored Map","Colored Powertips","Curses Come First","DeckTracker","Filter the Spire","Minty Spire (QoL Compilation)","RNG Fix","Relic Sorter","Relic Stats","StSLib","The Cursed","The Marked","UnlockEverythingMod","Waifu the Spire","ojb\u0027s Better Paths Mod","ojb\u0027s Info Mod"],"gold_per_floor":[112,129,147,163,163,163,163],"floor_reached":6,"playtime":381,"items_purged":[],"score":76,"play_id":"fdc40749-fcd9-4d76-9854-f1048bb59f68","local_time":"20201226142249","is_ascension_mode":true,"campfire_choices":[],"circlet_count":0,"master_deck":["AscendersBane","TheCursedMod:Strike_TheCursed","TheCursedMod:Strike_TheCursed","TheCursedMod:Strike_TheCursed","TheCursedMod:Strike_TheCursed","TheCursedMod:Defend_TheCursed","TheCursedMod:Defend_TheCursed","TheCursedMod:Defend_TheCursed","TheCursedMod:Defend_TheCursed","TheCursedMod:CursedWand","TheCursedMod:CleanUpWorkshop","TheCursedMod:Dregs","TheCursedMod:HellfireBreathing","TheCursedMod:Wield","TheCursedMod:HellsGateOpen","TheCursedMod:SmokeScreen"],"relics":["SlaversCollar"],"acts_visited":["Exordium"],"potions_floor_usage":[4],"damage_taken":[{"damage":5.0,"enemies":"Small Slimes","floor":1.0,"turns":5.0},{"damage":10,"enemies":"2 Louse","floor":2,"turns":3},{"damage":2,"enemies":"Jaw Worm","floor":3,"turns":4},{"damage":38,"enemies":"Gremlin Gang","floor":4,"turns":6},{"damage":12,"enemies":"3 Sentries","floor":6,"turns":2}],"seed_played":"3408416985780412563","potions_obtained":[{"floor":3,"key":"PowerPotion"}],"is_trial":false,"path_per_floor":["M","M","M","M","?","E"],"character_chosen":"THE_CURSED","items_purchased":[],"campfire_rested":0,"item_purchase_floors":[],"current_hp_per_floor":[59,49,47,9,9,0,0],"gold":163,"neow_bonus":"BOSS_RELIC","is_daily":false,"chose_seed":false,"campfire_upgraded":0,"win_rate":0.0,"timestamp":1609010569,"path_taken":["M","M","M","M","?","E"],"items_purchased_type":[],"build_version":"2020-12-22","purchased_purges":0,"victory":false,"max_hp_per_floor":[71,71,71,71,71,71,71],"relic_stats":{"counters":[5,19],"obtain_stats":[{"TheCursedMod:BlackMagic101":0,"SlaversCollar":0},{"TheCursedMod:BlackMagic101":0,"SlaversCollar":0},{"TheCursedMod:BlackMagic101":0,"SlaversCollar":0}]},"card_choices":[{"not_picked":["TheCursedMod:Obscuration","TheCursedMod:CircleOfFlame"],"picked":"TheCursedMod:HellfireBreathing","floor":1.0},{"not_picked":["TheCursedMod:TroublousMinions","TheCursedMod:SmokeScreen"],"picked":"TheCursedMod:Wield","floor":2},{"not_picked":["TheCursedMod:FleshFromBone","TheCursedMod:Torture"],"picked":"TheCursedMod:HellsGateOpen","floor":3},{"not_picked":["TheCursedMod:Hemoplague","TheCursedMod:FleshFromBone"],"picked":"TheCursedMod:SmokeScreen","floor":4}],"player_experience":4445260,"relics_obtained":[],"event_choices":[{"damage_healed":0,"gold_gain":0,"player_choice":"Ignored","damage_taken":0,"max_hp_gain":0,"max_hp_loss":0,"event_name":"Shining Light","floor":5,"gold_loss":0}],"is_beta":false,"boss_relics":[],"items_purged_floors":[],"is_endless":false,"potions_floor_spawned":[3],"killed_by":"3 Sentries","ascension_level":20}}