{"host":"7elm0r5975gb9iir","time":1609005912,"event":{"mods":["AchievementEnabler","BaseMod","Colored Map","DeckTracker","Keyboard Shortcuts","Minty Spire (QoL Compilation)","Permanent Neow","Random Character Button","SuperFastMode"],"gold_per_floor":[111,111,121,121,141,166,166,182,182,182,207,207,237,5,5,101,101,119,139,156,169,169,194,194,228,228,253,253,253,253,272,272,375,375,389,404,404,32,46,73,73,402,402,402,72,107,120,153,153,153],"floor_reached":51,"playtime":4448,"items_purged":["Defend_G","Strike_G","Strike_G"],"score":1009,"play_id":"55b06b18-5461-440e-8759-9ff27d38c28d","local_time":"20201227030512","is_ascension_mode":true,"campfire_choices":[{"floor":10,"key":"REST"},{"floor":12,"key":"REST"},{"floor":15,"key":"REST"},{"floor":24,"key":"REST"},{"floor":28,"key":"REST"},{"data":"Backflip","floor":32,"key":"SMITH"},{"data":"Backflip","floor":41,"key":"SMITH"},{"data":"Tools of the Trade","floor":44,"key":"SMITH"},{"data":"Backflip","floor":49,"key":"SMITH"}],"circlet_count":0,"master_deck":["Strike_G","Strike_G+1","Defend_G","Defend_G","Defend_G","Survivor","Neutralize","Acrobatics","Blade Dance","Masterful Stab","Slice","Skewer+1","Backflip+1","Tools of the Trade+1","Secret Technique","Backflip+1","Backflip+1","Backstab+1","Endless Agony","Writhe","Blur","Tactician+1","Dagger Throw+1","Slice+1","Unload+1","Acrobatics+1","Infinite Blades+1","Dagger Throw+1","Distraction+1","Backstab+1","Backflip+1","Terror+1","Escape Plan"],"relics":["Ring of the Snake","WingedGreaves","Shuriken","Bottled Lightning","Gremlin Horn","Bronze Scales","MawBank","HoveringKite","Lizard Tail","Ninja Scroll","Unceasing Top","InkBottle","Molten Egg 2","MutagenicStrength","Black Star","Eternal Feather","Girya","Regal Pillow","Whetstone","Old Coin","Boot","TheAbacus","Darkstone Periapt","Letter Opener","Ornamental Fan","Blood Vial"],"acts_visited":["Exordium","TheCity","TheBeyond"],"potions_floor_usage":[11,11,23,33,33,50,50],"damage_taken":[{"damage":3,"enemies":"Jaw Worm","floor":1,"turns":3},{"damage":0,"enemies":"2 Louse","floor":3,"turns":3},{"damage":0,"enemies":"Cultist","floor":5,"turns":2},{"damage":28,"enemies":"Gremlin Nob","floor":6,"turns":4},{"damage":2,"enemies":"Exordium Thugs","floor":8,"turns":3},{"damage":9,"enemies":"Lagavulin","floor":11,"turns":5},{"damage":10,"enemies":"3 Sentries","floor":13,"turns":4},{"damage":5,"enemies":"Slime Boss","floor":16,"turns":8},{"damage":3,"enemies":"Chosen","floor":18,"turns":3},{"damage":0,"enemies":"3 Byrds","floor":19,"turns":3},{"damage":4,"enemies":"Centurion and Healer","floor":20,"turns":4},{"damage":18,"enemies":"Snake Plant","floor":21,"turns":4},{"damage":1,"enemies":"Slavers","floor":23,"turns":3},{"damage":0,"enemies":"Gremlin Leader","floor":25,"turns":4},{"damage":10,"enemies":"Book of Stabbing","floor":27,"turns":4},{"damage":6,"enemies":"Cultist and Chosen","floor":31,"turns":2},{"damage":17,"enemies":"Champ","floor":33,"turns":7},{"damage":0,"enemies":"3 Darklings","floor":35,"turns":1},{"damage":0,"enemies":"Orb Walker","floor":36,"turns":1},{"damage":0,"enemies":"Jaw Worm Horde","floor":39,"turns":3},{"damage":4,"enemies":"Nemesis","floor":40,"turns":3},{"damage":0,"enemies":"Reptomancer","floor":42,"turns":3},{"damage":4,"enemies":"Nemesis","floor":46,"turns":3},{"damage":0,"enemies":"Spire Growth","floor":47,"turns":2},{"damage":0,"enemies":"Giant Head","floor":48,"turns":3},{"damage":47,"enemies":"Time Eater","floor":50,"turns":9}],"seed_played":"-9039558118990535653","potions_obtained":[{"floor":6,"key":"BlessingOfTheForge"},{"floor":8,"key":"SkillPotion"},{"floor":19,"key":"GhostInAJar"},{"floor":20,"key":"DuplicationPotion"},{"floor":21,"key":"DuplicationPotion"},{"floor":27,"key":"Dexterity Potion"},{"floor":33,"key":"Regen Potion"},{"floor":35,"key":"EssenceOfSteel"},{"floor":39,"key":"Weak Potion"},{"floor":42,"key":"SpeedPotion"}],"is_trial":false,"path_per_floor":["M","?","M","?","M","E","T","M","T","R","E","R","E","$","R","B",null,"M","M","M","M","?","E","R","E","T","E","R","?","?","M","R","B",null,"M","M","?","$","M","E","R","E","T","R","$","E","M","E","R","B",null],"character_chosen":"THE_SILENT","items_purchased":["Secret Technique","Eternal Feather","Dagger Throw+1","TheAbacus","Backflip"],"campfire_rested":5,"item_purchase_floors":[14,38,38,45,45],"current_hp_per_floor":[60,53,53,53,53,25,25,23,23,41,32,50,40,40,58,53,63,60,60,56,38,38,37,55,55,55,45,63,52,52,46,46,29,68,68,68,68,68,68,64,68,68,68,68,68,64,64,64,68,21],"gold":153,"neow_bonus":"ONE_RARE_RELIC","is_daily":false,"chose_seed":false,"campfire_upgraded":4,"win_rate":0.0,"timestamp":1609005912,"path_taken":["M","?","M","?","?","E","?","?","T","R","E","R","E","?","R","BOSS","M","M","M","M","?","E","R","E","T","E","R","?","?","M","R","BOSS","M","M","?","$","M","E","R","E","T","R","?","E","?","E","R","BOSS"],"items_purchased_type":["Card","Relic","Card","Relic","Card"],"build_version":"2020-12-22","purchased_purges":3,"victory":true,"max_hp_per_floor":[63,63,63,63,63,63,63,63,63,63,63,63,63,63,63,63,63,63,63,63,63,63,63,63,63,63,63,63,68,68,68,68,68,68,68,68,68,68,68,68,68,68,68,68,68,68,68,68,68,68],"card_choices":[{"not_picked":["Dagger Throw","Underhanded Strike"],"picked":"Acrobatics","floor":1},{"not_picked":["Deflect","Riddle With Holes"],"picked":"Blade Dance","floor":3},{"not_picked":["Deflect","Distraction"],"picked":"Slice","floor":5},{"not_picked":["Outmaneuver","Quick Slash"],"picked":"Skewer","floor":6},{"not_picked":["Well Laid Plans","Prepared"],"picked":"Backflip","floor":8},{"not_picked":["Noxious Fumes","Flying Knee"],"picked":"Tools of the Trade","floor":11},{"not_picked":["Malaise","Bane","Flying Knee"],"picked":"SKIP","floor":13},{"not_picked":["Bullet Time","Burst"],"picked":"Corpse Explosion","floor":16},{"not_picked":["Dash+1","Prepared"],"picked":"Backflip","floor":18},{"not_picked":["Deflect+1","Underhanded Strike+1"],"picked":"Backflip+1","floor":19},{"not_picked":["PiercingWail","Blur"],"picked":"Backstab+1","floor":20},{"not_picked":["Bullet Time","Deadly Poison"],"picked":"Endless Agony","floor":21},{"not_picked":["Flying Knee","Deadly Poison+1"],"picked":"Blur","floor":23},{"not_picked":["Crippling Poison+1","Well Laid Plans"],"picked":"Tactician+1","floor":25},{"not_picked":["Bane+1","Footwork"],"picked":"Dagger Throw+1","floor":27},{"not_picked":["Prepared","All Out Attack+1"],"picked":"Slice+1","floor":31},{"not_picked":["A Thousand Cuts","Malaise"],"picked":"Unload+1","floor":33},{"not_picked":["Sucker Punch+1","Crippling Poison"],"picked":"Acrobatics+1","floor":35},{"not_picked":["Blade Dance","Expertise"],"picked":"Infinite Blades+1","floor":36},{"not_picked":["Expertise+1","Poisoned Stab+1"],"picked":"Distraction+1","floor":39},{"not_picked":["Quick Slash+1","Flechettes+1"],"picked":"Backstab+1","floor":40},{"not_picked":["Corpse Explosion","Flying Knee+1","Sucker Punch+1"],"picked":"SKIP","floor":42},{"not_picked":["Infinite Blades+1","Distraction"],"picked":"Terror+1","floor":46},{"not_picked":["Outmaneuver","Sucker Punch+1","PiercingWail"],"picked":"SKIP","floor":47},{"not_picked":["Deflect+1","Poisoned Stab+1"],"picked":"Escape Plan","floor":48}],"player_experience":48796,"relics_obtained":[{"floor":6,"key":"Shuriken"},{"floor":7,"key":"Bottled Lightning"},{"floor":9,"key":"Gremlin Horn"},{"floor":11,"key":"Bronze Scales"},{"floor":13,"key":"MawBank"},{"floor":23,"key":"Ninja Scroll"},{"floor":25,"key":"Unceasing Top"},{"floor":26,"key":"InkBottle"},{"floor":27,"key":"Molten Egg 2"},{"floor":40,"key":"Girya"},{"floor":40,"key":"Regal Pillow"},{"floor":42,"key":"Whetstone"},{"floor":42,"key":"Old Coin"},{"floor":43,"key":"Boot"},{"floor":46,"key":"Darkstone Periapt"},{"floor":46,"key":"Letter Opener"},{"floor":48,"key":"Ornamental Fan"},{"floor":48,"key":"Blood Vial"}],"event_choices":[{"cards_removed":["Defend_G"],"damage_healed":0,"gold_gain":0,"player_choice":"Card Removal","damage_taken":7,"max_hp_gain":0,"max_hp_loss":0,"event_name":"Golden Wing","floor":2,"gold_loss":0},{"damage_healed":0,"gold_gain":0,"cards_transformed":["Strike_G"],"player_choice":"Transformed","damage_taken":0,"max_hp_gain":0,"max_hp_loss":0,"event_name":"Transmorgrifier","floor":4,"gold_loss":0,"cards_obtained":["Masterful Stab"]},{"damage_healed":0,"gold_gain":0,"player_choice":"Opened","damage_taken":0,"relics_obtained":["Lizard Tail"],"max_hp_gain":0,"max_hp_loss":0,"event_name":"The Mausoleum","floor":22,"gold_loss":0,"cards_obtained":["Writhe"]},{"damage_healed":0,"gold_gain":0,"player_choice":"Shed Blood","damage_taken":16,"max_hp_gain":5,"max_hp_loss":0,"event_name":"Forgotten Altar","floor":29,"gold_loss":0},{"damage_healed":0,"gold_gain":0,"player_choice":"Inject Mutagens","damage_taken":0,"relics_obtained":["MutagenicStrength"],"max_hp_gain":0,"max_hp_loss":0,"event_name":"Drug Dealer","floor":30,"gold_loss":0},{"cards_removed":["Corpse Explosion"],"damage_healed":0,"gold_gain":0,"player_choice":"Removed Skill","damage_taken":0,"max_hp_gain":0,"max_hp_loss":0,"event_name":"Falling","floor":37,"gold_loss":0}],"is_beta":false,"boss_relics":[{"not_picked":["SacredBark","Sozu"],"picked":"HoveringKite"},{"not_picked":["Snecko Eye","Coffee Dripper"],"picked":"Black Star"}],"items_purged_floors":[14,38,45],"is_endless":false,"potions_floor_spawned":[6,8,19,20,21,27,33,35,36,39,42,48],"ascension_level":1}}