{"host":"hu38hxukylnnynm2","time":1609012539,"event":{"mods":["AchievementEnabler","BaseMod","Card Forge","Colored Powertips","DNKmod","DeckTracker","Friendly Minions","Highlight Path","Minty Spire (QoL Compilation)","Spicy Shops","StSLib"],"gold_per_floor":[1012,1012,1012,1027,1042,1042,1078,1078,1149,1185,51,65,81,96,96,222,222,244,244,268,300,300,342,342,386,464,512,512,524,564,20,20,154,154,168,198,225,258,258,258,307,307,307,337,366,411,429,476,476,476,476,476,75,120,120],"floor_reached":56,"playtime":2510,"items_purged":[],"score":2132,"play_id":"25f0390d-19d6-4472-bc15-374568941e46","local_time":"20201226145539","is_ascension_mode":true,"campfire_choices":[{"floor":6,"key":"RECALL"},{"floor":8,"key":"REST"},{"floor":15,"key":"REST"},{"floor":24,"key":"REST"},{"floor":32,"key":"REST"},{"floor":40,"key":"REST"},{"floor":42,"key":"REST"},{"floor":49,"key":"REST"},{"floor":52,"key":"REST"}],"circlet_count":0,"master_deck":["Strike_G+1","Strike_G+1","Strike_G+1","Strike_G+1","Strike_G+1","Defend_G+1","Defend_G+1","Defend_G+1","Defend_G+1","Survivor+1","Neutralize+1","Dodge and Roll+1","Metamorphosis+1","Discovery+1","Chrysalis+1","Magnetism+1","Jack Of All Trades+1","Omega+1","Omega+1","Omega+1","Omega+1","Omega+1","Noxious Fumes+1","Blur+1","Backflip+1","Endless Agony+1","Acrobatics+1","Cloak And Dagger+1","Blade Dance+1","After Image+1","CurseOfTheBell","Accuracy+1","PiercingWail+1","Underhanded Strike+1","Poisoned Stab+1","Dash+1","Terror+1","Backstab+1","Phantasmal Killer+1","Flying Knee+1","Panacea+1","Jack Of All Trades+1","Discovery+1","Blade Dance+1","Quick Slash+1","Outmaneuver+1","Backstab+1","Bouncing Flask+1","Footwork+1","Mind Blast+1","Bane+1","Blade Dance+1"],"relics":["Ring of the Serpent","Hammer of Thor","Seething Fire","Anvil of the Gods","Boot","Golden Idol","Strawberry","Art of War","Dead Branch","Singing Bowl","Ginger","Oddly Smooth Stone","Lee\u0027s Waffle","Calling Bell","CeramicFish","Toxic Egg 2","Thread and Needle","Pantograph","Vajra","StrikeDummy","TungstenRod","MawBank","CultistMask","Kunai","FossilizedHelix","Tingsha","Letter Opener","Bronze Scales","Happy Flower","Orichalcum","Lantern","Ornamental Fan","Anchor"],"acts_visited":["Exordium","TheCity","TheBeyond","TheEnding"],"potions_floor_usage":[21,46,46,55,55],"damage_taken":[{"damage":0,"enemies":"Jaw Worm","floor":1,"turns":3},{"damage":0,"enemies":"Small Slimes","floor":4,"turns":1},{"damage":0,"enemies":"2 Louse","floor":5,"turns":1},{"damage":0,"enemies":"3 Sentries","floor":7,"turns":2},{"damage":0,"enemies":"Gremlin Nob","floor":10,"turns":2},{"damage":9,"enemies":"Blue Slaver","floor":12,"turns":2},{"damage":0,"enemies":"2 Fungi Beasts","floor":13,"turns":1},{"damage":0,"enemies":"Exordium Thugs","floor":14,"turns":1},{"damage":45,"enemies":"Hexaghost","floor":16,"turns":3},{"damage":0,"enemies":"3 Byrds","floor":18,"turns":1},{"damage":0,"enemies":"Chosen","floor":20,"turns":3},{"damage":6,"enemies":"Centurion and Healer","floor":21,"turns":4},{"damage":0,"enemies":"Gremlin Leader","floor":23,"turns":2},{"damage":0,"enemies":"Slavers","floor":25,"turns":1},{"damage":0,"enemies":"Gremlin Leader","floor":27,"turns":2},{"damage":0,"enemies":"Snake Plant","floor":30,"turns":3},{"damage":0,"enemies":"Champ","floor":33,"turns":4},{"damage":0,"enemies":"Orb Walker","floor":35,"turns":2},{"damage":0,"enemies":"3 Darklings","floor":36,"turns":2},{"damage":0,"enemies":"4 Shapes","floor":38,"turns":2},{"damage":0,"enemies":"Nemesis","floor":41,"turns":3},{"damage":0,"enemies":"Spire Growth","floor":44,"turns":2},{"damage":4,"enemies":"Writhing Mass","floor":45,"turns":4},{"damage":29,"enemies":"Reptomancer","floor":46,"turns":4},{"damage":11,"enemies":"Nemesis","floor":48,"turns":3},{"damage":19,"enemies":"Time Eater","floor":50,"turns":6},{"damage":0,"enemies":"Shield and Spear","floor":54,"turns":4},{"damage":56,"enemies":"The Heart","floor":55,"turns":5}],"seed_played":"-2943933099717375368","potions_obtained":[{"floor":5,"key":"SteroidPotion"},{"floor":7,"key":"ColorlessPotion"},{"floor":10,"key":"GamblersBrew"},{"floor":21,"key":"AttackPotion"},{"floor":41,"key":"EssenceOfSteel"},{"floor":46,"key":"FearPotion"},{"floor":48,"key":"Strength Potion"}],"is_trial":false,"path_per_floor":["M","?","?","M","M","R","E","R","T","E","$","M","M","M","R","B",null,"M","?","M","M","?","E","R","E","T","E","T","?","M","$","R","B",null,"M","M","?","M","?","R","E","R","T","M","M","E","?","E","R","B",null,"R","$","E","B",null],"character_chosen":"THE_SILENT","items_purchased":["Dead Branch","Singing Bowl","Ginger","Oddly Smooth Stone","Lee\u0027s Waffle","Kunai","FossilizedHelix","Lantern","Ornamental Fan"],"campfire_rested":8,"item_purchase_floors":[11,11,11,11,11,31,31,53,53],"current_hp_per_floor":[100,100,100,100,100,100,107,107,107,107,114,105,105,105,114,69,103,103,103,103,97,114,114,114,114,114,114,114,114,114,114,114,114,114,116,116,107,107,107,116,116,116,116,116,112,83,83,72,106,97,111,116,116,116,60],"gold":120,"neow_bonus":"RANDOM_COMMON_RELIC","is_daily":false,"chose_seed":false,"campfire_upgraded":0,"win_rate":0.0,"timestamp":1609012539,"path_taken":["M","?","?","M","M","R","E","R","T","E","$","M","M","M","R","BOSS","M","?","M","M","?","E","R","E","T","E","?","?","M","$","R","BOSS","M","M","?","M","?","R","E","R","T","M","?","E","?","E","R","BOSS","R","$","E","BOSS"],"items_purchased_type":["Relic","Relic","Relic","Relic","Relic","Relic","Relic","Relic","Relic"],"build_version":"2020-12-22","purchased_purges":0,"victory":true,"max_hp_per_floor":[100,100,100,100,100,100,107,107,107,107,114,114,114,114,114,114,114,114,114,114,114,114,114,114,114,114,114,114,114,114,114,114,114,114,116,116,116,116,116,116,116,116,116,116,116,116,116,116,116,116,116,116,116,116,116],"card_choices":[{"not_picked":["PiercingWail","Sucker Punch"],"picked":"Dodge and Roll","floor":1},{"not_picked":["Underhanded Strike","Dagger Spray","Glass Knife"],"picked":"SKIP","floor":4},{"not_picked":["Eviscerate","Dagger Spray"],"picked":"Blur","floor":5},{"not_picked":["Underhanded Strike","Quick Slash"],"picked":"Backflip","floor":7},{"not_picked":["Slice","Calculated Gamble"],"picked":"Endless Agony","floor":10},{"not_picked":["Endless Agony","Poisoned Stab"],"picked":"Acrobatics","floor":12},{"not_picked":["Dodge and Roll","Sucker Punch"],"picked":"Cloak And Dagger","floor":13},{"not_picked":["Finisher","Malaise"],"picked":"Blade Dance","floor":14},{"not_picked":["Doppelganger","Wraith Form v2"],"picked":"After Image","floor":16},{"not_picked":["Predator","Slice+1"],"picked":"Accuracy","floor":18},{"not_picked":["Dagger Spray","Acrobatics+1"],"picked":"PiercingWail+1","floor":20},{"not_picked":["Escape Plan+1","Backflip+1"],"picked":"Underhanded Strike+1","floor":21},{"not_picked":["Well Laid Plans","Bullet Time+1"],"picked":"Poisoned Stab","floor":23},{"not_picked":["Dagger Throw+1","Choke"],"picked":"Dash+1","floor":25},{"not_picked":["Prepared+1","Sucker Punch"],"picked":"Terror+1","floor":27},{"not_picked":["Deadly Poison+1","Concentrate+1"],"picked":"Backstab","floor":30},{"not_picked":["Venomology+1","Wraith Form v2"],"picked":"Phantasmal Killer+1","floor":33},{"not_picked":["Dagger Throw+1","PiercingWail+1","Reflex+1"],"picked":"Singing Bowl","floor":35},{"not_picked":["Concentrate+1","Accuracy+1"],"picked":"Flying Knee+1","floor":36},{"not_picked":["Discovery+1","Violence+1"],"picked":"Panacea+1","floor":37},{"not_picked":["Swift Strike","Panacea+1"],"picked":"Jack Of All Trades+1","floor":37},{"not_picked":["Chrysalis+1","Panacea+1"],"picked":"Discovery+1","floor":37},{"not_picked":["Dagger Spray","Slice"],"picked":"Blade Dance+1","floor":38},{"not_picked":["PiercingWail+1","Finisher"],"picked":"Quick Slash+1","floor":41},{"not_picked":["Well Laid Plans+1","All Out Attack+1"],"picked":"Outmaneuver+1","floor":44},{"not_picked":["Backflip+1","Quick Slash"],"picked":"Backstab","floor":45},{"not_picked":["Dagger Throw+1","Wraith Form v2"],"picked":"Bouncing Flask+1","floor":46},{"not_picked":["Well Laid Plans","Accuracy"],"picked":"Bane","floor":48},{"not_picked":["Quick Slash+1","Flying Knee"],"picked":"Blade Dance+1","floor":54}],"player_experience":523060,"relics_obtained":[{"floor":7,"key":"Strawberry"},{"floor":10,"key":"Art of War"},{"floor":17,"key":"CeramicFish"},{"floor":17,"key":"Toxic Egg 2"},{"floor":17,"key":"Thread and Needle"},{"floor":23,"key":"Pantograph"},{"floor":25,"key":"Vajra"},{"floor":26,"key":"StrikeDummy"},{"floor":27,"key":"TungstenRod"},{"floor":28,"key":"MawBank"},{"floor":41,"key":"Letter Opener"},{"floor":43,"key":"Bronze Scales"},{"floor":46,"key":"Happy Flower"},{"floor":48,"key":"Orichalcum"},{"floor":54,"key":"Anchor"}],"event_choices":[{"damage_healed":0,"gold_gain":0,"player_choice":"Take Wound","damage_taken":0,"relics_obtained":["Golden Idol"],"max_hp_gain":0,"max_hp_loss":0,"event_name":"Golden Idol","floor":2,"gold_loss":0,"cards_obtained":["Injury"]},{"damage_healed":0,"gold_gain":0,"cards_transformed":["Defend_G"],"player_choice":"Change","damage_taken":0,"max_hp_gain":0,"max_hp_loss":0,"event_name":"Living Wall","floor":3,"gold_loss":0,"cards_obtained":["Noxious Fumes"]},{"damage_healed":0,"gold_gain":0,"player_choice":"Simplicity","damage_taken":0,"max_hp_gain":0,"max_hp_loss":0,"event_name":"Back to Basics","floor":19,"gold_loss":0,"cards_upgraded":[]},{"damage_healed":38,"gold_gain":0,"player_choice":"Heal","damage_taken":0,"max_hp_gain":0,"max_hp_loss":0,"event_name":"The Library","floor":22,"gold_loss":0},{"damage_healed":0,"gold_gain":0,"player_choice":"Trade","damage_taken":0,"relics_obtained":["CultistMask"],"max_hp_gain":0,"max_hp_loss":0,"event_name":"FaceTrader","floor":29,"gold_loss":0},{"damage_healed":0,"gold_gain":0,"player_choice":"Memory 3","damage_taken":10,"max_hp_gain":0,"max_hp_loss":0,"event_name":"SensoryStone","floor":37,"gold_loss":0},{"damage_healed":0,"gold_gain":0,"player_choice":"Gave Potion","damage_taken":0,"relics_obtained":["Tingsha"],"max_hp_gain":0,"max_hp_loss":0,"event_name":"WeMeetAgain","floor":39,"gold_loss":0},{"damage_healed":0,"gold_gain":0,"player_choice":"2 cards matched","damage_taken":0,"max_hp_gain":0,"max_hp_loss":0,"event_name":"Match and Keep!","floor":47,"gold_loss":0,"cards_obtained":["Footwork","Mind Blast"]}],"is_beta":false,"boss_relics":[{"not_picked":["Ectoplasm","Empty Cage"],"picked":"Calling Bell"},{"not_picked":["HoveringKite","Philosopher\u0027s Stone"],"picked":"Ring of the Serpent"}],"items_purged_floors":[],"is_endless":false,"potions_floor_spawned":[5,7,10,14,16,21,27,30,36,41,46,48,54],"ascension_level":6}}