{"host":"9a8fg837ffr5o6p4","time":1609018008,"event":{"mods":["AchievementEnabler","BaseMod","Colored Map","Colored Powertips","Curses Come First","Minty Spire (QoL Compilation)","Quick Restart","Rare Cards Sparkle","Relic Stats","StSLib"],"gold_per_floor":[110,110,129,147,162,196,196,45,45,70,70,70,70,94,94,94,94],"floor_reached":16,"playtime":580,"items_purged":["Strike_G"],"score":146,"play_id":"1589b000-05c1-4538-9615-953214974648","local_time":"20201226222648","is_ascension_mode":true,"campfire_choices":[{"data":"Deadly Poison","floor":7,"key":"SMITH"},{"data":"Doppelganger","floor":11,"key":"SMITH"},{"floor":13,"key":"REST"},{"floor":15,"key":"REST"}],"circlet_count":0,"master_deck":["Strike_G","Strike_G","Defend_G","Defend_G","Defend_G","Defend_G","Survivor","Neutralize","Caltrops","Footwork","Blur","Deadly Poison+1","Backflip","Catalyst","Noxious Fumes","Doppelganger+1","Poisoned Stab"],"relics":["Ring of the Snake","Toy Ornithopter","Matryoshka","Letter Opener","Odd Mushroom"],"acts_visited":["Exordium"],"potions_floor_usage":[5,6,10],"damage_taken":[{"damage":0,"enemies":"2 Louse","floor":1,"turns":4},{"damage":0,"enemies":"Small Slimes","floor":3,"turns":6},{"damage":2,"enemies":"Jaw Worm","floor":4,"turns":6},{"damage":0,"enemies":"Exordium Thugs","floor":5,"turns":6},{"damage":32,"enemies":"Gremlin Nob","floor":6,"turns":5},{"damage":19,"enemies":"Lagavulin","floor":10,"turns":5},{"damage":8,"enemies":"The Mushroom Lair","floor":14,"turns":5},{"damage":0,"enemies":"The Guardian","floor":16,"turns":1}],"seed_played":"-1144274517917263510","potions_obtained":[{"floor":1,"key":"Energy Potion"},{"floor":3,"key":"FearPotion"},{"floor":5,"key":"SkillPotion"},{"floor":10,"key":"LiquidBronze"},{"floor":14,"key":"Weak Potion"}],"is_trial":false,"path_per_floor":["M","?","M","M","M","E","R","$","T","E","R","?","R","?","R","B"],"character_chosen":"THE_SILENT","items_purchased":["Noxious Fumes"],"campfire_rested":2,"item_purchase_floors":[8],"current_hp_per_floor":[63,56,56,54,54,22,22,22,22,8,8,8,26,18,36,36,36],"gold":94,"neow_bonus":"TRANSFORM_TWO_CARDS","is_daily":false,"chose_seed":false,"campfire_upgraded":2,"win_rate":0.0,"timestamp":1609018008,"path_taken":["M","?","M","M","M","E","R","$","T","E","R","?","R","?","R","BOSS"],"items_purchased_type":["Card"],"build_version":"2020-12-22","purchased_purges":1,"victory":false,"max_hp_per_floor":[63,63,63,63,63,63,63,63,63,63,63,63,63,63,63,63,63],"relic_stats":{"counters":[8,38],"Letter Opener":[15],"obtain_stats":[{"Matryoshka":9,"Letter Opener":10,"Odd Mushroom":14,"Toy Ornithopter":6,"Ring of the Snake":0},{"Matryoshka":5,"Letter Opener":6,"Odd Mushroom":7,"Toy Ornithopter":5,"Ring of the Snake":0},{"Matryoshka":27,"Letter Opener":32,"Odd Mushroom":37,"Toy Ornithopter":27,"Ring of the Snake":0}],"Toy Ornithopter":5,"Ring of the Snake":[16]},"card_choices":[{"not_picked":["All Out Attack","Deflect"],"picked":"Blur","floor":1},{"not_picked":["Escape Plan","Prepared"],"picked":"Deadly Poison","floor":3},{"not_picked":["Terror","Riddle With Holes"],"picked":"Backflip","floor":4},{"not_picked":["Sucker Punch","Outmaneuver"],"picked":"Catalyst","floor":5},{"not_picked":["Expertise","Reflex","Concentrate"],"picked":"SKIP","floor":6},{"not_picked":["Quick Slash","Backflip"],"picked":"Doppelganger","floor":10},{"not_picked":["Predator","PiercingWail"],"picked":"Poisoned Stab","floor":14}],"player_experience":337050,"relics_obtained":[{"floor":6,"key":"Toy Ornithopter"},{"floor":9,"key":"Matryoshka"},{"floor":10,"key":"Letter Opener"},{"floor":14,"key":"Odd Mushroom"}],"event_choices":[{"cards_removed":["Strike_G"],"damage_healed":0,"gold_gain":0,"player_choice":"Card Removal","damage_taken":7,"max_hp_gain":0,"max_hp_loss":0,"event_name":"Golden Wing","floor":2,"gold_loss":0},{"damage_healed":0,"gold_gain":0,"player_choice":"Ignored","damage_taken":0,"max_hp_gain":0,"max_hp_loss":0,"event_name":"Shining Light","floor":12,"gold_loss":0},{"damage_healed":0,"gold_gain":0,"player_choice":"Fought Mushrooms","damage_taken":0,"max_hp_gain":0,"max_hp_loss":0,"event_name":"Mushrooms","floor":14,"gold_loss":0}],"is_beta":false,"boss_relics":[],"items_purged_floors":[8],"is_endless":false,"potions_floor_spawned":[1,3,5,10,14],"killed_by":"The Guardian","ascension_level":7}}