{"host":"uxy331tooqny05s3","time":1609015664,"event":{"mods":["Act Like it!","Aspiration","BaseMod","Bestiary","Better Note","Conspire","Elementarium","Hubris","Infinite Spire","Minty Spire (QoL Compilation)","Replay The Spire","StSLib","The Cursed","Unceasing Turn Reminder","vexMod"],"gold_per_floor":[109,109,129,31,41,55,72,83,83,36,36,52,52,68,68,170,170,188,198,288,321,340,360,360,374,399,399,399,417,20,47,47,150,150,162,181,181,15,32,32,48,23,47,47,71,106,106,116,116,211,211,210,210,210,215,224,244,246,246,246,241,241,194,204,203,203,277,277,283,283,279,281,281,281,281,289,336,329,337,337,337,334,334,413,413,414,422,454,510,484,470,470],"floor_reached":91,"playtime":4750,"items_purged":[],"score":1455,"play_id":"ba39b620-2c40-4475-a1e7-c8630cadfc2e","local_time":"20201226144744","is_ascension_mode":false,"campfire_choices":[{"data":"TheCursedMod:CircleOfFlame","floor":11.0,"key":"SMITH"},{"data":"Pain","floor":15.0,"key":"PURGE"},{"data":"Violence","floor":32.0,"key":"SMITH"},{"data":"TheCursedMod:SpreadPlague","floor":40.0,"key":"SMITH"},{"data":"Sadistic Nature","floor":44.0,"key":"SMITH"},{"floor":49.0,"key":"DIG"},{"data":"infinitespire:Starlight","floor":59.0,"key":"SMITH"},{"data":"TheCursedMod:CursedBlade","floor":66,"key":"SMITH"},{"data":"TheCursedMod:CursedWand","floor":75,"key":"SMITH"},{"data":"TheCursedMod:CircleOfAbyss","floor":81,"key":"SMITH"},{"data":"TheCursedMod:VoidForm","floor":83,"key":"SMITH"}],"circlet_count":0,"master_deck":["TheCursedMod:Strike_TheCursed","TheCursedMod:Strike_TheCursed","TheCursedMod:Strike_TheCursed","TheCursedMod:Strike_TheCursed","TheCursedMod:Defend_TheCursed","TheCursedMod:Defend_TheCursed","TheCursedMod:Defend_TheCursed","TheCursedMod:Defend_TheCursed","TheCursedMod:CursedWand+1","TheCursedMod:CleanUpWorkshop","TheCursedMod:Dregs","TheCursedMod:CursedAmulet","TheCursedMod:SoulCrush","TheCursedMod:CursedArmor","TheCursedMod:CursedBlade+1","TheCursedMod:Stretching","TheCursedMod:FleshFromBone","TheCursedMod:DemonSword","TheCursedMod:LuckyCharm","TheCursedMod:CircleOfFlame+1","TheCursedMod:Stigma","TheCursedMod:CircleOfCorruption","TheCursedMod:AntiAging","TheCursedMod:Torture","TheCursedMod:RavingStaff+1","ReplayTheSpireMod:Splinters","TheCursedMod:Stigma+1","TheCursedMod:TacticalStrike","TheCursedMod:SurpriseAttack+1","TheCursedMod:CircleOfWindfury","TheCursedMod:AshesToAshes+1","TheCursedMod:VitalStrike+1","infinitespire:Starlight+1","infinitespire:Gouge","TheCursedMod:CircleOfBlood+1","TheCursedMod:SpreadPlague+1","TheCursedMod:CursedBlade","Violence+1","TheCursedMod:TacticalStrike","TheCursedMod:TacticalStrike","TheCursedMod:Hemoplague","TheCursedMod:SpitefulStrike","TheCursedMod:CursedAmulet","TheCursedMod:TacticalStrike","TheCursedMod:VitalStrike+1","TheCursedMod:Stigma+1","TheCursedMod:CursedShiv","Sadistic Nature+1","TheCursedMod:CursedBlade+1","TheCursedMod:Wield","infinitespire:Menacing","TheCursedMod:CircleOfFlame+1","TheCursedMod:CursedBoomerang+1","TheCursedMod:VoidForm+1","TheCursedMod:Torture","infinitespire:FutureSight","TheCursedMod:CursedArmor","TheCursedMod:CircleOfAmplification","TheCursedMod:AshesToAshes","TheCursedMod:Wield+1","Metallicize","Heavy Blade+1","Thunderclap+1","Body Slam+1","TheCursedMod:CircleOfAbyss+1","TheCursedMod:SpitefulPlan+1","Sword Boomerang+1","TheCursedMod:CollectTribute","TheCursedMod:CursedMace+1","TheCursedMod:SmokeScreen+1","infinitespire:UltimateForm","TheCursedMod:CursedAmulet","TheCursedMod:CircleOfFlame","Demonic Infusion","TheCursedMod:Stretching+1","Clothesline+1","hubris:Rewind","TheCursedMod:TroublousMinions+1","infinitespire:Punishment+1","TheCursedMod:StingEye+1","TheCursedMod:CursedBlade+1"],"relics":["TheCursedMod:BlackMagic101","NeowsBlessing","WarpedTongs","Replay:Mystery Machine","vexMod:Dragonfruit","hubris:BlackHole","hubris:BottledRain","TheCursedMod:OminousMark","Replay:PocketPolymizer","Ancient Tea Set","Centennial Puzzle","Elementarium:ElementariumTrophy","Philosopher\u0027s Stone","hubris:ToyBattleship","infinitespire:Lucky Rock","aspiration:Lifesprig","hubris:Backtick","Bottled Tornado","infinitespire:Bottled Soul","MealTicket","hubris:Icosahedron","aspiration:IroncladSkillbook","Molten Egg 2","Gremlin Food","Chameleon Ring","Replay:Bottled Snecko","aspiration:SecretTechniqueScroll","aspiration:FetidBarrel","Busted Crown","Replay:Wax Seal","hubris:Zylophone","Cursed Key","WingedGreaves","aspiration:AnachronicSnailShell"],"acts_visited":["Exordium","Exordium","TheBeyond","Exordium","Exordium","TheBeyond"],"potions_floor_usage":[71,89,89],"damage_taken":[{"damage":0.0,"enemies":"2 Louse","floor":1.0,"turns":1.0},{"damage":1.0,"enemies":"Cultist","floor":3.0,"turns":1.0},{"damage":1.0,"enemies":"Jaw Worm","floor":5.0,"turns":1.0},{"damage":3.0,"enemies":"3 Louse","floor":6.0,"turns":3.0},{"damage":5.0,"enemies":"Large Slime","floor":7.0,"turns":8.0},{"damage":7.0,"enemies":"Blue Slaver","floor":8.0,"turns":3.0},{"damage":8.0,"enemies":"3 Louse","floor":12.0,"turns":2.0},{"damage":9.0,"enemies":"Red Slaver","floor":14.0,"turns":3.0},{"damage":25.0,"enemies":"Slime Boss","floor":16.0,"turns":9.0},{"damage":15.0,"enemies":"Elementarium:Cyclone","floor":18.0,"turns":4.0},{"damage":0.0,"enemies":"Elementarium:2_ELEMENTALS","floor":19.0,"turns":3.0},{"damage":4.0,"enemies":"Book of Stabbing","floor":21.0,"turns":4.0},{"damage":5.0,"enemies":"Elementarium:VoidBeast","floor":22.0,"turns":3.0},{"damage":3.0,"enemies":"Elementarium:RubyGolem","floor":23.0,"turns":2.0},{"damage":5.0,"enemies":"Elementarium:VOID_CORRUPTION_AND_ORB_OF_FIRE","floor":25.0,"turns":2.0},{"damage":3.0,"enemies":"Elementarium:Hydrostalker","floor":29.0,"turns":3.0},{"damage":0.0,"enemies":"Nightmare","floor":31.0,"turns":4.0},{"damage":42.0,"enemies":"Elementarium:PHOENIXES","floor":33.0,"turns":6.0},{"damage":7.0,"enemies":"3 Shapes","floor":35.0,"turns":2.0},{"damage":0.0,"enemies":"3 Darklings","floor":36.0,"turns":1.0},{"damage":0.0,"enemies":"4 Shapes","floor":39.0,"turns":1.0},{"damage":5.0,"enemies":"Jaw Worm Horde","floor":41.0,"turns":2.0},{"damage":9.0,"enemies":"Nightmare","floor":46.0,"turns":1.0},{"damage":9.0,"enemies":"Sphere and 2 Shapes","floor":48.0,"turns":1.0},{"damage":29.0,"enemies":"Replay:Hell Engine","floor":50.0,"turns":4.0},{"damage":23.0,"enemies":"Jaw Worm","floor":52.0,"turns":2.0},{"damage":0.0,"enemies":"Small Slimes","floor":55.0,"turns":1.0},{"damage":0.0,"enemies":"Cultist","floor":56.0,"turns":2.0},{"damage":19.0,"enemies":"3 Sentries","floor":57.0,"turns":3.0},{"damage":22.0,"enemies":"Blue Slaver","floor":58.0,"turns":2.0},{"damage":0.0,"enemies":"2 Fungi Beasts","floor":61.0,"turns":2.0},{"damage":2.0,"enemies":"Lots of Slimes","floor":64.0,"turns":1.0},{"damage":0,"enemies":"Large Slime","floor":65,"turns":2},{"damage":84,"enemies":"Hexaghost","floor":67,"turns":3},{"damage":11,"enemies":"Elementarium:MUD_AND_TAR_GOLEMS","floor":69,"turns":2},{"damage":0,"enemies":"Elementarium:VoidCorruption","floor":71,"turns":1},{"damage":0,"enemies":"Elementarium:RubyGolem","floor":72,"turns":1},{"damage":14,"enemies":"Elementarium:VoidBeast","floor":76,"turns":1},{"damage":0,"enemies":"Elementarium:Hydrostalker","floor":78,"turns":2},{"damage":33,"enemies":"Nightmare","floor":79,"turns":3},{"damage":2,"enemies":"Elementarium:CYCLONE_AND_LIVING_STORMCLOUD","floor":82,"turns":1},{"damage":18,"enemies":"Elementarium:PHOENIXES","floor":84,"turns":2},{"damage":0,"enemies":"Orb Walker","floor":86,"turns":1},{"damage":0,"enemies":"3 Darklings","floor":87,"turns":2},{"damage":0,"enemies":"2 Orb Walkers","floor":88,"turns":2},{"damage":0,"enemies":"infinitespire:Three Voidlings","floor":89,"turns":1},{"damage":121,"enemies":"Nightmare_Alpha","floor":89,"turns":5},{"damage":9,"enemies":"Transient","floor":90,"turns":5},{"damage":50,"enemies":"Nightmare_Alpha","floor":91,"turns":2}],"seed_played":"1189995990698985777","potions_obtained":[{"floor":1.0,"key":"Death Potion"},{"floor":5.0,"key":"Swift Potion"},{"floor":6.0,"key":"Weak Potion"},{"floor":19.0,"key":"Reflective Coating"},{"floor":22.0,"key":"Adrenaline Potion"},{"floor":35.0,"key":"DuplicationPotion"},{"floor":48.0,"key":"TheCursedMod:DregsPotion"},{"floor":72,"key":"FearPotion"},{"floor":89,"key":"Dexterity Potion"},{"floor":90,"key":"TheCursedMod:DregsPotion"}],"is_trial":false,"path_per_floor":["M","?","M","$","M","M","M","M","T","$","R","M","T","M","R","B",null,"M","M","?","?","M","M","AVR","M","T","?","?","M","$","NM","R","B",null,"M","M","?","$","M","R","M","?","T","R","T","NM","AVR","M","R","B",null,"M","?","AVR","M","M","E","M","R","T","M","?","$","M","M","R","B",null,"M","?","M","M","AVR","?","R","M","T","M","NM","?","R","M","R","B",null,"M","M","?","?","M","NM"],"character_chosen":"THE_CURSED","items_purchased":["TheCursedMod:CursedArmor","TheCursedMod:CursedBlade","TheCursedMod:CircleOfFlame","Violence","TheCursedMod:TacticalStrike","TheCursedMod:Hemoplague","TheCursedMod:SpitefulStrike","TheCursedMod:CursedAmulet","Sadistic Nature","Heavy Blade+1"],"campfire_rested":0,"item_purchase_floors":[4,4,10,30,30,30,30,30,38,63],"current_hp_per_floor":[75,75,74,74,73,70,65,58,58,58,58,50,55,46,46,21,80,67,67,67,63,60,57,57,62,62,70,70,67,67,81,81,44,86,86,86,86,86,86,86,84,84,84,84,84,91,91,84,84,93,93,70,70,70,74,95,84,66,66,66,95,88,95,95,98,98,18,98,91,91,98,98,98,87,87,92,92,96,67,70,70,89,89,105,105,107,107,111,30,41,0,0],"gold":470,"neow_bonus":"THREE_ENEMY_KILL","is_daily":false,"chose_seed":false,"campfire_upgraded":9,"win_rate":0.0,"timestamp":1609015664,"path_taken":["M","?","M","$","M","?","M","M","T","?","R","M","?","M","R","BOSS","M","M","?","?","M","M","AVR","M","T","?","?","?","$","NM","R","BOSS","M","M","?","$","M","R","?","?","T","R","?","NM","AVR","M","R","BOSS","M","?","AVR","M","M","E","M","R","T","M","?","$","M","M","R","BOSS","M","?","M","?","AVR","?","R","M","T","?","NM","?","R","M","R","BOSS","M","M","?","?","M","NM"],"items_purchased_type":["Card","Card","Card","Card","Card","Card","Card","Card","Card","Card"],"build_version":"2020-12-22","purchased_purges":0,"victory":false,"max_hp_per_floor":[75,75,75,75,75,75,75,75,75,75,75,75,80,80,80,80,80,82,82,82,82,84,84,84,84,84,84,84,84,84,84,84,86,86,86,86,86,86,86,86,89,89,89,89,89,91,91,93,93,93,93,93,93,93,93,95,95,95,95,95,95,95,95,95,98,98,98,98,98,98,98,98,98,98,98,98,98,98,98,101,101,103,103,105,105,107,107,111,113,113,115,115],"card_choices":[{"not_picked":["TheCursedMod:Stretching","TheCursedMod:FleshFromBone"],"picked":"TheCursedMod:CursedAmulet","floor":1.0},{"not_picked":["TheCursedMod:TacticalStrike","TheCursedMod:SpitefulPlan"],"picked":"TheCursedMod:SoulCrush","floor":3.0},{"not_picked":["TheCursedMod:CursedBlade","TheCursedMod:SmokeScreen"],"picked":"TheCursedMod:Stretching","floor":5.0},{"not_picked":["TheCursedMod:Obscuration","TheCursedMod:Stretching"],"picked":"TheCursedMod:FleshFromBone","floor":6.0},{"not_picked":["TheCursedMod:CircleOfBlood","TheCursedMod:Stretching"],"picked":"TheCursedMod:DemonSword","floor":7.0},{"not_picked":["TheCursedMod:CursedMace","TheCursedMod:Stigma"],"picked":"TheCursedMod:LuckyCharm","floor":8.0},{"not_picked":["TheCursedMod:CursedArmor","TheCursedMod:CursedAmulet"],"picked":"TheCursedMod:Stigma","floor":12.0},{"not_picked":["TheCursedMod:ReleasedKnowledge","TheCursedMod:Wield"],"picked":"TheCursedMod:CircleOfCorruption","floor":14.0},{"not_picked":["TheCursedMod:ShockAndAwe","TheCursedMod:DemonicPact"],"picked":"TheCursedMod:AntiAging","floor":16.0},{"not_picked":["TheCursedMod:FleshFromBone+1","TheCursedMod:BlessingInDisguise"],"picked":"TheCursedMod:Torture","floor":18.0},{"not_picked":["TheCursedMod:BlessingInDisguise","TheCursedMod:TroublousMinions+1"],"picked":"TheCursedMod:RavingStaff+1","floor":19.0},{"not_picked":["TheCursedMod:Torture","TheCursedMod:SurpriseAttack"],"picked":"TheCursedMod:Stigma+1","floor":20.0},{"not_picked":["TheCursedMod:CursedShiv","TheCursedMod:CursedAmulet"],"picked":"TheCursedMod:TacticalStrike","floor":20.0},{"not_picked":["TheCursedMod:CursedStaff","TheCursedMod:OutForBlood"],"picked":"TheCursedMod:SurpriseAttack+1","floor":20.0},{"not_picked":["TheCursedMod:CircleOfAmplification","TheCursedMod:CursedMace"],"picked":"TheCursedMod:CircleOfWindfury","floor":21.0},{"not_picked":["TheCursedMod:SpreadPlague","TheCursedMod:SmokeScreen"],"picked":"TheCursedMod:AshesToAshes+1","floor":22.0},{"not_picked":["TheCursedMod:SpitefulStrike","TheCursedMod:Wield"],"picked":"TheCursedMod:VitalStrike+1","floor":23.0},{"not_picked":["TheCursedMod:RavingStaff","TheCursedMod:ParallelWorld"],"picked":"TheCursedMod:CircleOfBlood+1","floor":25.0},{"not_picked":["TheCursedMod:CursedSpellbook+1","TheCursedMod:DoubleShield"],"picked":"TheCursedMod:CursedBlade","floor":29.0},{"not_picked":["TheCursedMod:LuckyCharm","TheCursedMod:Obscuration"],"picked":"TheCursedMod:TacticalStrike","floor":31.0},{"not_picked":["TheCursedMod:ShockAndAwe","TheCursedMod:ManaCirculation"],"picked":"TheCursedMod:OutForBlood","floor":33.0},{"not_picked":["TheCursedMod:CursedAmulet+1","TheCursedMod:CircleOfBlood"],"picked":"TheCursedMod:VitalStrike+1","floor":35.0},{"not_picked":["TheCursedMod:FleshFromBone","TheCursedMod:WearCloak"],"picked":"TheCursedMod:Stigma+1","floor":36.0},{"not_picked":["TheCursedMod:SpitefulStrike","TheCursedMod:CursedMace+1"],"picked":"TheCursedMod:CursedBlade+1","floor":39.0},{"not_picked":["TheCursedMod:SpitefulStrike","TheCursedMod:CircleOfBlood+1"],"picked":"TheCursedMod:Wield","floor":41.0},{"not_picked":["infinitespire:Starlight","infinitespire:NeuralNetwork"],"picked":"infinitespire:Menacing","floor":46.0},{"not_picked":["TheCursedMod:SurpriseAttack","TheCursedMod:TacticalStrike"],"picked":"TheCursedMod:CircleOfFlame+1","floor":46.0},{"not_picked":["TheCursedMod:StingEye","TheCursedMod:DemonSword"],"picked":"TheCursedMod:CursedBoomerang+1","floor":48.0},{"not_picked":["TheCursedMod:DemonicPact","TheCursedMod:CircleOfAbyss"],"picked":"TheCursedMod:VoidForm","floor":50.0},{"not_picked":["TheCursedMod:Wield","TheCursedMod:TacticalStrike"],"picked":"TheCursedMod:Torture","floor":52.0},{"not_picked":["ReplayTheSpireMod:Strike From Hell+1","Sever Soul+1","TheCursedMod:Wield+1"],"picked":"TheCursedMod:CursedArmor","floor":55.0},{"not_picked":["Replay:Undeath\u0027s Touch+1","Shockwave","TheCursedMod:WearCloak"],"picked":"TheCursedMod:CircleOfAmplification","floor":56.0},{"not_picked":["Cleave+1","ReplayTheSpireMod:Strike From Hell+1","TheCursedMod:ManaCirculation"],"picked":"TheCursedMod:AshesToAshes","floor":57.0},{"not_picked":["Flex","TheCursedMod:SurpriseAttack+1","Rampage+1"],"picked":"TheCursedMod:Wield+1","floor":58.0},{"not_picked":["Wild Strike+1","TheCursedMod:FuryStrike+1","Perfected Strike+1"],"picked":"Metallicize","floor":61.0},{"not_picked":["TheCursedMod:CursedAmulet","Sentinel","Iron Wave+1"],"picked":"Thunderclap+1","floor":64},{"not_picked":["Thunderclap+1","TheCursedMod:CursedBlade+1","Armaments"],"picked":"Body Slam+1","floor":65},{"not_picked":["Berserk","TheCursedMod:AntiAging","TheCursedMod:CursedRelics+1"],"picked":"TheCursedMod:CircleOfAbyss","floor":67},{"not_picked":["Shrug It Off","TheCursedMod:FleshFromBone","TheCursedMod:Stigma+1"],"picked":"TheCursedMod:SpitefulPlan+1","floor":69},{"not_picked":["Twin Strike+1","ReplayTheSpireMod:Strike From Hell+1","TheCursedMod:SoulCrush+1"],"picked":"Sword Boomerang+1","floor":71},{"not_picked":["Heavy Blade+1","TheCursedMod:ManaBullet+1","TheCursedMod:RapidMovement"],"picked":"TheCursedMod:CollectTribute","floor":72},{"not_picked":["ReplayTheSpireMod:Strike From Hell+1"],"picked":"TheCursedMod:CursedMace+1","floor":76},{"not_picked":["conspire:Charge+1"],"picked":"TheCursedMod:SmokeScreen+1","floor":78},{"not_picked":["infinitespire:DeathsTouch","infinitespire:Menacing"],"picked":"infinitespire:UltimateForm","floor":79},{"not_picked":["Sword Boomerang+1"],"picked":"TheCursedMod:CursedAmulet","floor":79},{"not_picked":["Sentinel+1"],"picked":"TheCursedMod:CircleOfFlame","floor":82},{"not_picked":["TheCursedMod:NeowsMight"],"picked":"Demonic Infusion","floor":84},{"not_picked":["Ghostly Armor+1"],"picked":"TheCursedMod:Stretching+1","floor":86},{"not_picked":["Iron Wave+1"],"picked":"Clothesline+1","floor":87},{"not_picked":["infinitespire:Starlight","infinitespire:Gouge"],"picked":"hubris:Rewind","floor":87},{"not_picked":["TheCursedMod:CursedBoomerang+1"],"picked":"TheCursedMod:TroublousMinions+1","floor":88},{"not_picked":["ReplayTheSpireMod:??????????????????????","ReplayTheSpireMod:Echoes of Time"],"picked":"infinitespire:Punishment","floor":89},{"not_picked":["Pommel Strike+1"],"picked":"TheCursedMod:StingEye+1","floor":89},{"not_picked":["Iron Wave+1"],"picked":"TheCursedMod:CursedBlade+1","floor":90}],"player_experience":73670,"relics_obtained":[{"floor":9.0,"key":"Replay:Mystery Machine"},{"floor":13.0,"key":"vexMod:Dragonfruit"},{"floor":21.0,"key":"hubris:BottledRain"},{"floor":26.0,"key":"Ancient Tea Set"},{"floor":31.0,"key":"Centennial Puzzle"},{"floor":43.0,"key":"hubris:ToyBattleship"},{"floor":45.0,"key":"infinitespire:Lucky Rock"},{"floor":46.0,"key":"aspiration:Lifesprig"},{"floor":49.0,"key":"MealTicket"},{"floor":57.0,"key":"Gremlin Food"},{"floor":60.0,"key":"Chameleon Ring"},{"floor":77,"key":"Replay:Wax Seal"},{"floor":79,"key":"hubris:Zylophone"},{"floor":88,"key":"WingedGreaves"},{"floor":89,"key":"aspiration:AnachronicSnailShell"}],"event_choices":[{"damage_healed":0.0,"max_hp_gain":0.0,"max_hp_loss":0.0,"gold_gain":0.0,"event_name":"Accursed Blacksmith","player_choice":"Rummage","floor":2.0,"gold_loss":0.0,"damage_taken":0.0,"relics_obtained":["WarpedTongs"],"cards_obtained":["Pain"]},{"damage_healed":0.0,"max_hp_gain":0.0,"max_hp_loss":0.0,"gold_gain":0.0,"event_name":"Elementarium:OtherworldlyPassage","player_choice":"Enter","floor":21.0,"gold_loss":0.0,"damage_taken":0.0},{"damage_healed":0.0,"max_hp_gain":0.0,"max_hp_loss":0.0,"gold_gain":0.0,"event_name":"Elementarium:LostScrolls","player_choice":"Read","floor":28.0,"gold_loss":0.0,"damage_taken":0.0,"cards_obtained":["TheCursedMod:SpreadPlague"]},{"damage_healed":0.0,"max_hp_gain":0.0,"max_hp_loss":0.0,"gold_gain":0.0,"cards_transformed":["TheCursedMod:OutForBlood"],"event_name":"Transmorgrifier","player_choice":"Transformed","floor":37.0,"gold_loss":0.0,"damage_taken":0.0,"cards_obtained":["TheCursedMod:CursedShiv"]},{"damage_healed":0.0,"max_hp_gain":0.0,"max_hp_loss":0.0,"gold_gain":0.0,"event_name":"Scrap Ooze","player_choice":"Success","floor":62.0,"gold_loss":0.0,"damage_taken":7.0,"relics_obtained":["Replay:Bottled Snecko"]},{"damage_healed":0,"gold_gain":0,"player_choice":"Leave","damage_taken":0,"max_hp_gain":0,"max_hp_loss":0,"event_name":"conspire:Investor","floor":70,"gold_loss":0},{"damage_healed":0,"gold_gain":0,"player_choice":"Offer","damage_taken":0,"relics_obtained":["Busted Crown"],"max_hp_gain":0,"max_hp_loss":0,"event_name":"Elementarium:GreatTreasure","floor":74,"relics_lost":["hubris:HollowSoul"],"gold_loss":0},{"damage_healed":0,"gold_gain":0,"player_choice":"Fight","damage_taken":0,"max_hp_gain":0,"max_hp_loss":0,"event_name":"Mysterious Sphere","floor":88,"gold_loss":0}],"is_beta":false,"boss_relics":[{"not_picked":["Black Star","infinitespire:Cupcake"],"picked":"hubris:BlackHole"},{"not_picked":["Snecko Eye","TheCursedMod:BlackMagicAdvanced"],"picked":"Philosopher\u0027s Stone"},{"not_picked":["aspiration:SilentSkillbook","aspiration:PoetsPen_weak"],"picked":"hubris:HollowSoul"},{"not_picked":["Empty Cage","Replay:Grab Bag"],"picked":"aspiration:SecretTechniqueScroll"},{"not_picked":["ChewingGum","Runic Dome"],"picked":"Cursed Key"}],"items_purged_floors":[],"is_endless":true,"potions_floor_spawned":[1,5,6,14,16,19,21,22,29,35,48,50,52,57,64,67,69,72,78,84,89,90],"killed_by":"Nightmare_Alpha","ascension_level":0}}