{"host":"8by3m8mve9y2rhh4","time":1609000488,"event":{"mods":["BaseMod","Minty Spire (QoL Compilation)","Quick Restart"],"gold_per_floor":[114,134,151,168,186,212,212,212,212,212,228,239,264,289,289,392,392,409,144,144,162,176,206,206,239,239,249,261,261,261],"floor_reached":29,"playtime":1463,"items_purged":["Strike_R"],"score":318,"play_id":"72242e21-460e-4f35-b4c0-d3b9eb3766bc","local_time":"20201226163448","is_ascension_mode":true,"campfire_choices":[{"floor":8,"key":"RECALL"},{"floor":10,"key":"REST"},{"floor":15,"key":"REST"},{"floor":24,"key":"REST"}],"circlet_count":0,"master_deck":["Strike_R","Strike_R","Strike_R","Strike_R","Defend_R","Defend_R","Defend_R","Defend_R","Bash","Spot Weakness","Inflame","Inflame","Battle Trance","Feel No Pain","Whirlwind","Cleave","Flame Barrier","Cleave","Limit Break","True Grit+1","Iron Wave","Armaments+1","Headbutt","Metallicize","Sword Boomerang"],"relics":["Burning Blood","Orichalcum","Gambling Chip","Odd Mushroom","TheAbacus","Question Card","Pear","Bottled Tornado"],"acts_visited":["Exordium","TheCity"],"potions_floor_usage":[6,11,14,22,23,25,29],"damage_taken":[{"damage":6,"enemies":"Cultist","floor":1,"turns":3},{"damage":2,"enemies":"2 Louse","floor":2,"turns":3},{"damage":6,"enemies":"Jaw Worm","floor":3,"turns":4},{"damage":15,"enemies":"Looter","floor":4,"turns":3},{"damage":0,"enemies":"Large Slime","floor":5,"turns":5},{"damage":24,"enemies":"3 Sentries","floor":6,"turns":8},{"damage":0,"enemies":"Lots of Slimes","floor":11,"turns":1},{"damage":12,"enemies":"Blue Slaver","floor":12,"turns":5},{"damage":24,"enemies":"Lagavulin","floor":13,"turns":6},{"damage":9,"enemies":"The Mushroom Lair","floor":14,"turns":4},{"damage":57,"enemies":"The Guardian","floor":16,"turns":8},{"damage":21,"enemies":"Shell Parasite","floor":18,"turns":6},{"damage":26,"enemies":"Spheric Guardian","floor":21,"turns":7},{"damage":7,"enemies":"Centurion and Healer","floor":22,"turns":8},{"damage":32,"enemies":"Gremlin Leader","floor":23,"turns":7},{"damage":34,"enemies":"Slavers","floor":25,"turns":5},{"damage":5,"enemies":"Chosen and Byrds","floor":27,"turns":8},{"damage":14,"enemies":"Shelled Parasite and Fungi","floor":28,"turns":8},{"damage":13,"enemies":"Snake Plant","floor":29,"turns":4}],"seed_played":"-7719340474541488514","potions_obtained":[{"floor":3,"key":"Explosive Potion"},{"floor":4,"key":"Strength Potion"},{"floor":13,"key":"SkillPotion"},{"floor":16,"key":"Ancient Potion"},{"floor":18,"key":"Swift Potion"},{"floor":23,"key":"PowerPotion"},{"floor":27,"key":"Explosive Potion"},{"floor":28,"key":"Block Potion"}],"is_trial":false,"path_per_floor":["M","M","M","M","M","E","?","R","T","R","M","M","E","?","R","B",null,"M","$","?","M","M","E","R","E","T","M","M","M"],"character_chosen":"IRONCLAD","items_purchased":["TheAbacus","Iron Wave"],"campfire_rested":3,"item_purchase_floors":[19,19],"current_hp_per_floor":[88,88,88,79,85,67,59,59,59,85,88,82,64,61,87,36,88,73,73,56,36,35,9,36,18,18,19,11,0,0],"gold":261,"neow_bonus":"TEN_PERCENT_HP_BONUS","is_daily":false,"chose_seed":false,"campfire_upgraded":0,"win_rate":0.0,"timestamp":1609000488,"path_taken":["M","M","M","M","M","E","?","R","T","R","M","?","E","?","R","BOSS","M","$","?","M","M","E","R","E","T","M","M","M"],"items_purchased_type":["Relic","Card"],"build_version":"2020-12-22","purchased_purges":1,"victory":false,"max_hp_per_floor":[88,88,88,88,88,88,88,88,88,88,88,88,88,88,88,88,88,88,88,93,93,93,93,93,103,103,103,103,103,103],"card_choices":[{"not_picked":["Perfected Strike","Combust"],"picked":"Spot Weakness","floor":1},{"not_picked":["Wild Strike","Perfected Strike"],"picked":"Inflame","floor":2},{"not_picked":["Pommel Strike","Armaments"],"picked":"Inflame","floor":3},{"not_picked":["Anger","True Grit"],"picked":"Battle Trance","floor":4},{"not_picked":["Burning Pact","Reckless Charge"],"picked":"Feel No Pain","floor":5},{"not_picked":["Clothesline","Wild Strike"],"picked":"Whirlwind","floor":6},{"not_picked":["Pommel Strike","Shrug It Off"],"picked":"Cleave","floor":11},{"not_picked":["Flex","Anger","Whirlwind"],"picked":"SKIP","floor":12},{"not_picked":["Carnage","Power Through"],"picked":"Flame Barrier","floor":13},{"not_picked":["Dark Embrace","Offering"],"picked":"Cleave","floor":14},{"not_picked":["Corruption","Fiend Fire"],"picked":"Limit Break","floor":16},{"not_picked":["Rupture","Flex"],"picked":"True Grit+1","floor":18},{"not_picked":["Perfected Strike","Pommel Strike"],"picked":"Armaments+1","floor":21},{"not_picked":["Blood for Blood+1","Clothesline+1","Clash"],"picked":"SKIP","floor":22},{"not_picked":["Burning Pact+1","Hemokinesis","True Grit"],"picked":"SKIP","floor":23},{"not_picked":["Clash","Whirlwind","Anger"],"picked":"Headbutt","floor":25},{"not_picked":["Entrench","Flame Barrier+1","Feel No Pain+1"],"picked":"Metallicize","floor":27},{"not_picked":["Flex+1","Dual Wield+1","Thunderclap"],"picked":"Sword Boomerang","floor":28}],"player_experience":609202,"relics_obtained":[{"floor":6,"key":"Orichalcum"},{"floor":13,"key":"Gambling Chip"},{"floor":14,"key":"Odd Mushroom"},{"floor":23,"key":"Question Card"},{"floor":25,"key":"Pear"},{"floor":26,"key":"Bottled Tornado"}],"event_choices":[{"damage_healed":0,"gold_gain":0,"player_choice":"Damaged","damage_taken":8,"max_hp_gain":0,"max_hp_loss":0,"event_name":"Wheel of Change","floor":7,"gold_loss":0},{"damage_healed":0,"gold_gain":0,"player_choice":"Fought Mushrooms","damage_taken":0,"max_hp_gain":0,"max_hp_loss":0,"event_name":"Mushrooms","floor":14,"gold_loss":0},{"damage_healed":0,"gold_gain":0,"player_choice":"Shed Blood","damage_taken":22,"max_hp_gain":5,"max_hp_loss":0,"event_name":"Forgotten Altar","floor":20,"gold_loss":0}],"is_beta":false,"boss_relics":[{"not_picked":["Snecko Eye","Runic Pyramid","Runic Dome"]}],"items_purged_floors":[19],"is_endless":false,"potions_floor_spawned":[3,4,13,16,18,23,27,28],"killed_by":"Snake Plant","ascension_level":1}}