{"host":"fne7yx97fnz7kq05","time":1609026767,"event":{"mods":["BaseMod","Colored Map","Colored Powertips","Highlight Path","Minty Spire (QoL Compilation)","Relic Stats"],"gold_per_floor":[119,119,139,39,49,49,77,89,115,115,145,145,164,192,192,297,297,310,310,235,3,3,29,128,128,183,214,214,240,258,22,22,127,127,147,147,147,17,28,28,62,62,88,88,118,133,159,209,209,209,209,209,64,96,96],"floor_reached":56,"playtime":4287,"items_purged":["Pain","Vigilance"],"score":1414,"play_id":"1e289487-d53f-4221-ad34-645fa0ce2055","local_time":"20201226175247","is_ascension_mode":true,"campfire_choices":[{"data":"Eruption","floor":6,"key":"SMITH"},{"data":"WheelKick","floor":10,"key":"SMITH"},{"data":"SashWhip","floor":12,"key":"SMITH"},{"data":"EmptyBody","floor":15,"key":"SMITH"},{"data":"Establishment","floor":25,"key":"SMITH"},{"data":"Omniscience","floor":28,"key":"SMITH"},{"data":"DeceiveReality","floor":32,"key":"SMITH"},{"floor":40,"key":"RECALL"},{"data":"TalkToTheHand","floor":42,"key":"SMITH"},{"data":"Adaptation","floor":49,"key":"SMITH"},{"data":"Vault","floor":52,"key":"SMITH"}],"circlet_count":0,"master_deck":["Eruption+1","DevaForm","SashWhip+1","CarveReality","EmptyBody","EmptyBody+1","WheelKick+1","Protect","Conclude","FearNoEvil","Ragnarok","EmptyMind","Fasting2","Establishment+1","Crescendo","CrushJoints","Worship","FearNoEvil","Wallop+1","ClearTheMind","TalkToTheHand+1","Omniscience+1","Evaluate","DeceiveReality+1","Omniscience+1","Ragnarok+1","Vault+1","EmptyBody+1","Secret Technique","Thinking Ahead","Thinking Ahead","BattleHymn","Protect","ThirdEye+1","Prostrate+1","Prostrate+1","Adaptation+1","ThirdEye+1"],"relics":["PureWater","WarpedTongs","Oddly Smooth Stone","Nunchaku","Damaru","Ginger","Pandora\u0027s Box","Question Card","Blood Vial","Calipers","Red Mask","DollysMirror","Sozu","Toxic Egg 2","Whetstone","Happy Flower","Du-Vu Doll","OrangePellets","Pear"],"acts_visited":["Exordium","TheCity","TheBeyond","TheEnding"],"potions_floor_usage":[23,29,55,55],"damage_taken":[{"damage":8,"enemies":"Jaw Worm","floor":1,"turns":8},{"damage":0,"enemies":"Cultist","floor":3,"turns":2},{"damage":0,"enemies":"2 Louse","floor":5,"turns":2},{"damage":0,"enemies":"Gremlin Nob","floor":7,"turns":3},{"damage":1,"enemies":"Blue Slaver","floor":8,"turns":3},{"damage":0,"enemies":"3 Sentries","floor":11,"turns":6},{"damage":0,"enemies":"2 Fungi Beasts","floor":13,"turns":3},{"damage":0,"enemies":"Lagavulin","floor":14,"turns":6},{"damage":15,"enemies":"Hexaghost","floor":16,"turns":7},{"damage":7,"enemies":"Shell Parasite","floor":18,"turns":4},{"damage":5,"enemies":"Slavers","floor":23,"turns":4},{"damage":3,"enemies":"Gremlin Leader","floor":27,"turns":5},{"damage":0,"enemies":"Masked Bandits","floor":29,"turns":1},{"damage":6,"enemies":"Chosen","floor":30,"turns":2},{"damage":9,"enemies":"Champ","floor":33,"turns":7},{"damage":7,"enemies":"3 Shapes","floor":35,"turns":2},{"damage":0,"enemies":"Orb Walker","floor":39,"turns":3},{"damage":30,"enemies":"Nemesis","floor":41,"turns":4},{"damage":0,"enemies":"Giant Head","floor":45,"turns":6},{"damage":0,"enemies":"Transient","floor":46,"turns":5},{"damage":25,"enemies":"Reptomancer","floor":47,"turns":5},{"damage":0,"enemies":"Mind Bloom Boss Battle","floor":48,"turns":5},{"damage":4,"enemies":"Donu and Deca","floor":50,"turns":4},{"damage":0,"enemies":"Shield and Spear","floor":54,"turns":5},{"damage":5,"enemies":"The Heart","floor":55,"turns":7}],"seed_played":"-5350012640880468863","potions_obtained":[{"floor":1,"key":"Ambrosia"},{"floor":5,"key":"SmokeBomb"},{"floor":8,"key":"Energy Potion"},{"floor":11,"key":"Fire Potion"},{"floor":18,"key":"PowerPotion"},{"floor":29,"key":"AttackPotion"},{"floor":30,"key":"Energy Potion"}],"is_trial":false,"path_per_floor":["M","?","M","$","M","R","E","M","T","R","E","R","M","E","R","B",null,"M","?","?","$","?","E","?","R","T","E","R","?","M","$","R","B",null,"M","?","?","$","M","R","E","R","T","?","E","M","E","?","R","B",null,"R","$","E","B",null],"character_chosen":"WATCHER","items_purchased":["EmptyBody","Wallop","ClearTheMind","DollysMirror","Ragnarok","BattleHymn","Protect","OrangePellets"],"campfire_rested":0,"item_purchase_floors":[4,21,21,31,31,38,38,53],"current_hp_per_floor":[64,64,64,64,64,64,64,63,63,63,63,63,63,63,63,48,72,65,52,52,52,52,47,47,47,47,46,46,48,44,44,44,37,77,70,70,60,60,62,62,34,34,34,67,67,67,42,44,44,42,67,67,67,77,72],"gold":96,"neow_bonus":"ONE_RANDOM_RARE_CARD","is_daily":false,"chose_seed":false,"campfire_upgraded":10,"win_rate":0.0,"timestamp":1609026767,"path_taken":["M","?","?","$","M","R","E","M","T","R","E","R","M","E","R","BOSS","M","?","?","$","?","E","?","R","T","E","R","?","M","?","R","BOSS","M","?","?","$","M","R","E","R","T","?","E","M","E","?","R","BOSS","R","$","E","BOSS"],"items_purchased_type":["Card","Card","Card","Relic","Card","Card","Card","Relic"],"build_version":"2020-12-22","purchased_purges":2,"victory":true,"max_hp_per_floor":[72,72,72,72,72,72,72,72,72,72,72,72,72,72,72,72,72,72,77,77,77,77,77,77,77,77,77,77,77,77,77,77,77,77,77,77,77,77,77,77,77,77,77,67,67,67,67,67,67,67,67,67,67,77,77],"relic_stats":{"Blood Vial":16,"Sozu":3,"OrangePellets":[4],"Nunchaku":[18],"Happy Flower":[7],"counters":[25,109],"Pandora\u0027s Box":["InnerPeace","EmptyMind","Fasting2","Establishment","Study","Crescendo","CrushJoints","Worship"],"Ginger":[8],"Whetstone":["Wallop","Ragnarok"],"Question Card":15,"obtain_stats":[{"Calipers":27,"Pear":54,"Happy Flower":47,"Oddly Smooth Stone":7,"Damaru":11,"Ginger":14,"Whetstone":45,"Question Card":23,"WarpedTongs":2,"Blood Vial":26,"Sozu":34,"Du-Vu Doll":48,"OrangePellets":53,"Nunchaku":9,"DollysMirror":31,"Pandora\u0027s Box":17,"Red Mask":29,"PureWater":0,"Toxic Egg 2":41},{"Calipers":12,"Pear":24,"Happy Flower":21,"Oddly Smooth Stone":4,"Damaru":6,"Ginger":8,"Whetstone":19,"Question Card":11,"WarpedTongs":1,"Blood Vial":11,"Sozu":15,"Du-Vu Doll":22,"OrangePellets":23,"Nunchaku":5,"DollysMirror":14,"Pandora\u0027s Box":9,"Red Mask":13,"PureWater":0,"Toxic Egg 2":18},{"Calipers":53,"Pear":102,"Happy Flower":88,"Oddly Smooth Stone":15,"Damaru":24,"Ginger":33,"Whetstone":78,"Question Card":48,"WarpedTongs":8,"Blood Vial":48,"Sozu":63,"Du-Vu Doll":93,"OrangePellets":97,"Nunchaku":18,"DollysMirror":56,"Pandora\u0027s Box":40,"Red Mask":54,"PureWater":0,"Toxic Egg 2":72}],"WarpedTongs":[101]},"card_choices":[{"not_picked":["WaveOfTheHand","Pray"],"picked":"SashWhip","floor":1},{"not_picked":["Protect","PathToVictory"],"picked":"CarveReality","floor":3},{"not_picked":["Pray","Study"],"picked":"EmptyBody","floor":5},{"not_picked":["BattleHymn","PathToVictory","Pray"],"picked":"SKIP","floor":7},{"not_picked":["LikeWater","Halt"],"picked":"WheelKick","floor":8},{"not_picked":["WindmillStrike","SignatureMove"],"picked":"Protect","floor":11},{"not_picked":["Vengeance","CarveReality"],"picked":"Conclude","floor":13},{"not_picked":["BowlingBash","Establishment"],"picked":"FearNoEvil","floor":14},{"not_picked":["DeusExMachina","Establishment"],"picked":"Ragnarok","floor":16},{"not_picked":["Protect+1","CrushJoints"],"picked":"FearNoEvil","floor":18},{"not_picked":["JustLucky","WaveOfTheHand"],"picked":"TalkToTheHand","floor":23},{"not_picked":["EmptyFist","CutThroughFate","Scrawl"],"picked":"Omniscience","floor":27},{"not_picked":["JustLucky","FollowUp","Consecrate"],"picked":"Evaluate","floor":29},{"not_picked":["DeusExMachina","LikeWater","EmptyFist+1"],"picked":"DeceiveReality","floor":30},{"not_picked":["MasterReality","Blasphemy","Establishment"],"picked":"Vault","floor":33},{"not_picked":["Meditate","Crescendo","DeceiveReality"],"picked":"EmptyBody+1","floor":35},{"not_picked":["Swift Strike","The Bomb","Panache"],"picked":"Secret Technique","floor":37},{"not_picked":["Chrysalis","PanicButton","The Bomb"],"picked":"Thinking Ahead","floor":37},{"not_picked":["Deep Breath","Sadistic Nature","Transmutation"],"picked":"Thinking Ahead","floor":37},{"not_picked":["InnerPeace","WindmillStrike+1","PathToVictory+1","Fasting2"],"picked":"SKIP","floor":39},{"not_picked":["FollowUp+1","WindmillStrike+1","Judgement+1"],"picked":"ThirdEye+1","floor":41},{"not_picked":["Halt+1","SandsOfTime","ClearTheMind+1"],"picked":"Prostrate+1","floor":45},{"not_picked":["WindmillStrike+1","BowlingBash+1","CrushJoints+1"],"picked":"Prostrate+1","floor":46},{"not_picked":["Collect+1","BattleHymn","EmptyBody+1"],"picked":"Adaptation","floor":47},{"not_picked":["WindmillStrike+1","Adaptation","Weave"],"picked":"ThirdEye+1","floor":48},{"not_picked":["BattleHymn+1","Establishment","FlyingSleeves","Crescendo+1"],"picked":"SKIP","floor":54}],"player_experience":221998,"relics_obtained":[{"floor":7,"key":"Oddly Smooth Stone"},{"floor":9,"key":"Nunchaku"},{"floor":11,"key":"Damaru"},{"floor":14,"key":"Ginger"},{"floor":23,"key":"Question Card"},{"floor":26,"key":"Blood Vial"},{"floor":27,"key":"Calipers"},{"floor":29,"key":"Red Mask"},{"floor":41,"key":"Toxic Egg 2"},{"floor":45,"key":"Whetstone"},{"floor":47,"key":"Happy Flower"},{"floor":48,"key":"Du-Vu Doll"},{"floor":54,"key":"Pear"}],"event_choices":[{"damage_healed":0,"gold_gain":0,"player_choice":"Rummage","damage_taken":0,"relics_obtained":["WarpedTongs"],"max_hp_gain":0,"max_hp_loss":0,"event_name":"Accursed Blacksmith","floor":2,"gold_loss":0,"cards_obtained":["Pain"]},{"damage_healed":0,"gold_gain":0,"player_choice":"Shed Blood","damage_taken":18,"max_hp_gain":5,"max_hp_loss":0,"event_name":"Forgotten Altar","floor":19,"gold_loss":0},{"cards_removed":["Study"],"damage_healed":0,"gold_gain":0,"player_choice":"Gave Gold","damage_taken":0,"max_hp_gain":0,"max_hp_loss":0,"event_name":"Beggar","floor":20,"gold_loss":75},{"damage_healed":0,"gold_gain":99,"player_choice":"Stole From Cult","damage_taken":0,"max_hp_gain":0,"max_hp_loss":0,"event_name":"Nest","floor":24,"gold_loss":0},{"damage_healed":0,"gold_gain":0,"player_choice":"Fought Bandits","damage_taken":0,"max_hp_gain":0,"max_hp_loss":0,"event_name":"Masked Bandits","floor":29,"gold_loss":0},{"cards_removed":["InnerPeace"],"damage_healed":0,"gold_gain":0,"player_choice":"Removed Skill","damage_taken":0,"max_hp_gain":0,"max_hp_loss":0,"event_name":"Falling","floor":36,"gold_loss":0},{"damage_healed":0,"gold_gain":0,"player_choice":"Memory 3","damage_taken":10,"max_hp_gain":0,"max_hp_loss":0,"event_name":"SensoryStone","floor":37,"gold_loss":0},{"damage_healed":67,"gold_gain":0,"player_choice":"Heal","damage_taken":0,"max_hp_gain":0,"max_hp_loss":10,"event_name":"The Moai Head","floor":44,"gold_loss":0},{"damage_healed":0,"gold_gain":0,"player_choice":"Fight","damage_taken":0,"max_hp_gain":0,"max_hp_loss":0,"event_name":"MindBloom","floor":48,"gold_loss":0}],"is_beta":false,"boss_relics":[{"not_picked":["SacredBark","Runic Dome"],"picked":"Pandora\u0027s Box"},{"not_picked":["Calling Bell","Runic Pyramid"],"picked":"Sozu"}],"items_purged_floors":[4,21],"is_endless":false,"potions_floor_spawned":[1,5,8,11,18,29,30,45,46,48],"ascension_level":1}}