{"host":"02w9hl92h62kgkzk","time":1609022871,"event":{"mods":["2.2 Compatiblity","AchievementEnabler","Act Like it!","AlwaysNeverKeys","Aspiration","BaseMod","Better Altar","Better Match","Better Note","Better Sensory Stone","Better Skull","Better Third Choice","Better Vampires","BetterRewards","Block Reminder","CCEM","ChefMod","Colored Map","Colored Powertips","Conspire","Downfall","Ekko","Elementarium","Emptier Cage","Energized Spire","Friendly Minions","FruityMod","Gensokyo","GifTheSpireLib","Halation","Hallownest","Hermit","Hubris","Jorbs\u0027s Wanderer Trilogy","Magitek Elite","Marisa????????","Marked Mod","Minty Spire (QoL Compilation)","Permanent Neow","QueenMod","Quick Restart","Random Character Mod","Rare Cards Sparkle","Replay The Spire","Retaliation","Reworked Bosses","Robot Space Explorer","Shade Mod","Shop Mod","Spicy Shops","Spikes Relics","StSLib","Stuff the Spire","Synergy Search","The Administrix","The Animator","The Blackbeard","The Blue Laboratory","The Bug Knight","The Construct","The Death Knight","The Factory","The Florist","The Forsaken","The Gatherer","The Hayseed","The Hierophant","The Jungle","The Marked","The Runesmith","The Valiant","The Wild Card","TheHero","TheVacant","Trackpad","Transform Curses","Unceasing Turn Reminder","Wandering Minibosses","vexMod"],"gold_per_floor":[119,219,232,248,66,96,96,96,96,28,40,40,68,88,88,186,186,198,198,212,31,50,76,93,93,118,118,136,136,136,165,165,268,268,280,299,312,24,24,49,6,6,6,22,22,57,72,102,102,102,102,102,34,59,59],"floor_reached":56,"playtime":1607,"items_purged":["QueenMod:Advisor","QueenMod:Knighting"],"score":1383,"play_id":"37ef0c98-8ac3-40a9-af9d-34a70115c053","local_time":"20201226164751","daily_mods":["Draft","Heirloom"],"is_ascension_mode":false,"campfire_choices":[{"data":"QueenMod:DignifiedSlap","floor":15,"key":"SMITH"},{"data":"QueenMod:DignifiedSlap","floor":27,"key":"SMITH"},{"floor":29,"key":"RECALL"},{"data":"QueenMod:Charge","floor":32,"key":"SMITH"},{"data":"QueenMod:Charge","floor":45,"key":"SMITH"},{"data":"QueenMod:MilitaryHandbook","floor":49,"key":"SMITH"},{"data":"QueenMod:Fleche","floor":52,"key":"SMITH"}],"circlet_count":0,"master_deck":["QueenMod:Charge+1","QueenMod:Fleche+1","QueenMod:Fleche","QueenMod:Charge+1","QueenMod:Honeyblaster","QueenMod:MilitaryHandbook+1","QueenMod:Charge+1","hubris:DuctTapeCard","QueenMod:Charge+1","QueenMod:DignifiedSlap+1"],"relics":["Counterbalance","MerchantsRug","trackpad:BiPhaseBiplane","Ornamental Fan","StuffTheSpire:Tea","HollowMod:JonisBlessing","Hallownest:DreamNailRelic","hubris:Spice","Replay:Bronze Core","Juzu Bracelet","hubris:Zylophone","hubris:DuctTape","trackpad:WritersBlock","Strange Spoon","ReplayTheSpireMod:Ninjato","Guardian:PocketSentry"],"acts_visited":["Hallownest:Greenpath","TheCity","TheBeyond","TheEnding"],"potions_floor_usage":[16],"damage_taken":[{"damage":0,"enemies":"Hallownest:2_MossCreeps","floor":1,"turns":2},{"damage":5,"enemies":"Hallownest:monsterHuskGuard","floor":3,"turns":2},{"damage":5,"enemies":"Hallownest:2_Tiktiks_and_1_Crawlid","floor":4,"turns":1},{"damage":4,"enemies":"Hallownest:eliteVengeflyKing","floor":6,"turns":2},{"damage":0,"enemies":"Hallownest:monsterFoolEater","floor":11,"turns":1},{"damage":0,"enemies":"Hallownest:eliteCrystalGuardian","floor":13,"turns":2},{"damage":0,"enemies":"Hallownest:MossCreep_and_Mosskin","floor":14,"turns":2},{"damage":0,"enemies":"Hallownest:BossHornet","floor":16,"turns":2},{"damage":0,"enemies":"3 Byrds","floor":18,"turns":1},{"damage":0,"enemies":"2 Thieves","floor":20,"turns":1},{"damage":0,"enemies":"Snake Plant","floor":22,"turns":1},{"damage":0,"enemies":"conspire:Head Lice","floor":23,"turns":1},{"damage":0,"enemies":"Shelled Parasite and Fungi","floor":24,"turns":1},{"damage":0,"enemies":"Snecko","floor":28,"turns":1},{"damage":0,"enemies":"Replay:Snechameleon","floor":31,"turns":1},{"damage":0,"enemies":"bossMod:newCollector","floor":33,"turns":1},{"damage":0,"enemies":"3 Darklings","floor":35,"turns":1},{"damage":0,"enemies":"3 Shapes","floor":36,"turns":1},{"damage":0,"enemies":"Transient","floor":37,"turns":5},{"damage":0,"enemies":"R_Hoarder","floor":40,"turns":1},{"damage":0,"enemies":"Giant Head","floor":46,"turns":1},{"damage":0,"enemies":"Sphere and 2 Shapes","floor":47,"turns":1},{"damage":0,"enemies":"Reptomancer","floor":48,"turns":1},{"damage":0,"enemies":"bossMod:newShapes","floor":50,"turns":1},{"damage":0,"enemies":"Shield and Spear","floor":54,"turns":1},{"damage":16,"enemies":"The Heart","floor":55,"turns":3}],"seed_played":"-7757775028202740487","potions_obtained":[{"floor":1,"key":"Guardian:BlockOnCardUsePotion"},{"floor":4,"key":"LifebloodPotion"},{"floor":14,"key":"LiquidMemories"},{"floor":16,"key":"SpeedPotion"},{"floor":18,"key":"Fire Potion"},{"floor":20,"key":"champ:CounterPotion"},{"floor":24,"key":"DuplicationPotion"},{"floor":37,"key":"blueLaboratory:Moonshine"},{"floor":40,"key":"Weak Potion"},{"floor":46,"key":"blueLaboratory:PolymorphPotion"},{"floor":48,"key":"champ:CounterPotion"}],"is_trial":true,"path_per_floor":["M","?","M","M","$","E","?","?","T","$","M","?","E","M","R","B",null,"M","?","M","$","M","E","M","?","T","R","M","R","T","E","R","B",null,"M","M","M","$","?","E","$","?","T","$","R","E","M","E","R","B",null,"R","$","E","B",null],"character_chosen":"THE_QUEEN","items_purchased":["MerchantsRug","trackpad:BiPhaseBiplane","Ornamental Fan","HollowMod:JonisBlessing","ExplosiveVial","Juzu Bracelet","Replay:Bottled Steam","Strange Spoon","Guardian:PocketSentry"],"campfire_rested":0,"item_purchase_floors":[5,5,5,10,21,21,38,41,53],"current_hp_per_floor":[75,75,70,65,65,61,7,7,7,7,7,7,15,15,15,15,83,83,83,83,83,83,83,83,83,83,83,83,83,83,83,83,83,91,91,91,91,91,86,78,78,78,78,78,78,70,70,62,62,62,62,62,62,46,30],"gold":59,"neow_bonus":"","is_daily":false,"chose_seed":false,"campfire_upgraded":6,"win_rate":0.0,"timestamp":1609022871,"path_taken":["M","?","?","M","$","E","?","?","T","$","M","?","E","?","R","BOSS","M","?","M","$","M","E","M","?","T","R","M","R","?","E","R","BOSS","M","M","M","$","?","E","$","?","T","?","R","E","M","E","R","BOSS","R","$","E","BOSS"],"items_purchased_type":["Relic","Relic","Relic","Relic","Relic","Relic","Relic","Relic","Relic"],"build_version":"2020-12-22","purchased_purges":2,"victory":true,"max_hp_per_floor":[75,75,75,75,75,75,75,75,75,75,75,75,83,83,83,83,83,83,83,83,83,83,83,83,83,83,83,83,83,83,83,83,83,91,91,91,91,91,86,78,78,78,78,78,78,70,70,62,62,62,62,62,62,46,46],"card_choices":[{"not_picked":["QueenMod:Fleche","QueenMod:Conscripts"],"picked":"QueenMod:DignifiedSlap","floor":0},{"not_picked":["QueenMod:WarriorDrones","QueenMod:DefendOrder"],"picked":"QueenMod:Regroup","floor":0},{"not_picked":["QueenMod:Lunge","QueenMod:HoldPosition"],"picked":"QueenMod:Charge","floor":0},{"not_picked":["QueenMod:CrossGuard","QueenMod:SplitStrike"],"picked":"QueenMod:DignifiedSlap","floor":0},{"not_picked":["QueenMod:Lunge","QueenMod:Mark"],"picked":"QueenMod:Flyby","floor":0},{"not_picked":["QueenMod:Ambush","QueenMod:Parry"],"picked":"QueenMod:PollenBlast","floor":0},{"not_picked":["QueenMod:Ravage","QueenMod:Incubate"],"picked":"QueenMod:HoneycombSmash","floor":0},{"not_picked":["QueenMod:Mark","QueenMod:BirthingCells"],"picked":"QueenMod:SwarmingStrike","floor":0},{"not_picked":["QueenMod:Parry","QueenMod:WarBuzz"],"picked":"QueenMod:Charge","floor":0},{"not_picked":["QueenMod:Feint","QueenMod:Conscripts"],"picked":"QueenMod:CrossGuard","floor":0},{"not_picked":["QueenMod:Gather","QueenMod:CrossGuard"],"picked":"QueenMod:HoneycombSmash","floor":0},{"not_picked":["QueenMod:DefendOrder","QueenMod:Infest"],"picked":"QueenMod:ScoutingParty","floor":0},{"not_picked":["QueenMod:Infest","QueenMod:Ravage"],"picked":"QueenMod:Mark","floor":0},{"not_picked":["QueenMod:Rally","QueenMod:AttackOrder"],"picked":"QueenMod:Fleche","floor":0},{"not_picked":["QueenMod:Beekeeping","QueenMod:Flyby"],"picked":"QueenMod:Lunge","floor":0},{"not_picked":["QueenMod:Parry","QueenMod:Conscripts","QueenMod:WorkerDrones"],"picked":"QueenMod:Charge","floor":1},{"not_picked":["QueenMod:Gather","QueenMod:Advisor","QueenMod:Conscripts"],"picked":"QueenMod:Fleche","floor":2},{"not_picked":["QueenMod:Rally","QueenMod:WarBuzz","QueenMod:Ambush"],"picked":"QueenMod:Fleche","floor":3},{"not_picked":["QueenMod:HexGuard","QueenMod:CrossGuard","QueenMod:SplitStrike"],"picked":"QueenMod:Charge","floor":4},{"not_picked":["QueenMod:TortureDance","QueenMod:Mark","QueenMod:Incubate"],"picked":"SKIP","floor":6},{"not_picked":["QueenMod:Charge","QueenMod:StrategicGenius","QueenMod:Ravage"],"picked":"SKIP","floor":11},{"not_picked":["QueenMod:Assimilate","QueenMod:HoldPosition","QueenMod:Conscripts"],"picked":"SKIP","floor":13},{"not_picked":["QueenMod:TortureDance","QueenMod:Ambush"],"picked":"QueenMod:Honeyblaster","floor":14},{"not_picked":["QueenMod:TortureDance","QueenMod:RoyalOrder"],"picked":"QueenMod:MilitaryHandbook","floor":16},{"not_picked":["QueenMod:Flyby","QueenMod:Ravage","QueenMod:Ambush"],"picked":"SKIP","floor":18},{"not_picked":["QueenMod:Parry","QueenMod:Rally","QueenMod:Flyby"],"picked":"SKIP","floor":20},{"not_picked":["QueenMod:ChainStrike","QueenMod:Conscripts+1","QueenMod:Assimilate"],"picked":"SKIP","floor":22},{"not_picked":["QueenMod:CrossGuard","QueenMod:Lunge+1"],"picked":"QueenMod:Charge+1","floor":23},{"not_picked":["QueenMod:Gather","QueenMod:HoneyShield","QueenMod:Ravage+1"],"picked":"SKIP","floor":24},{"not_picked":["QueenMod:Assimilate","QueenMod:Parry","QueenMod:Mark+1"],"picked":"SKIP","floor":28},{"not_picked":["QueenMod:AttackOrder+1","QueenMod:HexGuard+1","QueenMod:Flyby"],"picked":"SKIP","floor":31},{"not_picked":["QueenMod:EliteSoldiers","QueenMod:SwarmTactics"],"picked":"QueenMod:Knighting","floor":33},{"not_picked":["QueenMod:HoneycombSmash+1","QueenMod:Parry"],"picked":"QueenMod:Charge+1","floor":35},{"not_picked":["QueenMod:HiveNetwork","QueenMod:SharpStingers","QueenMod:HoldPosition+1"],"picked":"SKIP","floor":36},{"not_picked":["QueenMod:HexGuard","QueenMod:GatheringSwarm+1","QueenMod:HoneycombSmash"],"picked":"SKIP","floor":37},{"not_picked":["QueenMod:CrossGuard+1","hubris:SpiceAddiction"],"picked":"QueenMod:DignifiedSlap+1","floor":40},{"not_picked":["QueenMod:HiveDefenses","QueenMod:Reinforcements+1","QueenMod:WarBuzz"],"picked":"SKIP","floor":46},{"not_picked":["QueenMod:Rally+1","QueenMod:Gather","QueenMod:InspiringStrike+1"],"picked":"SKIP","floor":47},{"not_picked":["QueenMod:Feast","QueenMod:HoneyTrap","QueenMod:HexGuard+1"],"picked":"SKIP","floor":48},{"not_picked":["QueenMod:ForcedMarch","QueenMod:Feast"],"picked":"hubris:SpiceAddiction","floor":54}],"player_experience":938625,"relics_obtained":[{"floor":6,"key":"halation:KoshaPiece"},{"floor":9,"key":"SpikesRelics:ToyHorsey"},{"floor":13,"key":"hubris:Spice"},{"floor":23,"key":"hubris:Zylophone"},{"floor":30,"key":"hubris:DuctTape"},{"floor":31,"key":"trackpad:WritersBlock"},{"floor":40,"key":"hubris:Spice"},{"floor":43,"key":"ReplayTheSpireMod:Ninjato"},{"floor":46,"key":"hubris:Spice"},{"floor":48,"key":"hubris:Spice"},{"floor":54,"key":"hubris:Spice"}],"event_choices":[{"damage_healed":0,"gold_gain":0,"player_choice":"3","damage_taken":0,"max_hp_gain":0,"max_hp_loss":0,"event_name":"betterMatch:BetterMatch","floor":8,"gold_loss":0,"cards_obtained":[]},{"cards_removed":["QueenMod:Fleche"],"damage_healed":0,"gold_gain":0,"player_choice":"Purged","damage_taken":0,"max_hp_gain":0,"max_hp_loss":0,"event_name":"Purifier","floor":19,"gold_loss":0},{"damage_healed":0,"gold_gain":0,"cards_transformed":["QueenMod:ScoutingParty"],"player_choice":"Transformed","damage_taken":0,"max_hp_gain":0,"max_hp_loss":0,"event_name":"Transmorgrifier","floor":25,"gold_loss":0,"cards_obtained":["QueenMod:Advisor"]},{"damage_healed":0,"gold_gain":0,"player_choice":"Max HP","damage_taken":0,"max_hp_gain":0,"max_hp_loss":5,"event_name":"Winding Halls","floor":39,"gold_loss":0}],"is_beta":false,"boss_relics":[{"not_picked":["hubris:Spice","hubris:RunicObelisk"],"picked":"Replay:Bronze Core"},{"not_picked":["Replay:Fungal Core","hubris:Spice"],"picked":"hubris:Spice"}],"items_purged_floors":[38,53],"is_endless":false,"potions_floor_spawned":[1,4,14,16,18,20,24,37,40,46,48],"ascension_level":0}}