{"host":"egecq8lksgzqg7v3","time":1609020508,"event":{"mods":["AchievementEnabler","Alarm Clock","BaseMod","Bestiary","Better Third Choice","Colored Map","Downfall","Hermit","Minty Spire (QoL Compilation)","StSLib","Synergy Search","The Hierophant"],"gold_per_floor":[110,110,123,138,39,39,72,72,96,115,115,135,135,147,147,246,246,257,267,267,28,49,49,49,54,54],"floor_reached":25,"playtime":2825,"items_purged":[],"score":203,"play_id":"6cc19fd2-821c-4f7c-9444-8ebca57fc1b3","local_time":"20201226170828","is_ascension_mode":false,"campfire_choices":[{"floor":6,"key":"REST"},{"floor":8,"key":"REST"},{"data":"hermit:BlackWind","floor":13,"key":"SMITH"},{"floor":15,"key":"REST"},{"data":"hermit:CursedWeapon","floor":23,"key":"SMITH"}],"circlet_count":0,"master_deck":["hermit:Strike_Hermit","hermit:Strike_Hermit","hermit:Strike_Hermit","hermit:Strike_Hermit","hermit:Defend_Hermit","hermit:Defend_Hermit","hermit:Defend_Hermit","hermit:Defend_Hermit","hermit:Snapshot","hermit:Covet+1","hermit:GhostlyPresence+1","hermit:Headshot","hermit:LowProfile","hermit:TrackingShot","hermit:HighCaliber","hermit:BlackWind+1","hermit:WideOpen","Regret","hermit:BodyArmor","hermit:SprayPray","hermit:Dissolve","hermit:Shortfuse","hermit:GhostlyPresence+1","expansioncontent:SuperHexaguard","hermit:Scavenge","hermit:CursedWeapon+1","hermit:WideOpen","Necronomicurse"],"relics":["hermit:Momento","Lantern","Incense Burner","Smiling Mask","War Paint","Cursed Key","Necronomicon"],"acts_visited":["Exordium","TheCity"],"potions_floor_usage":[12,16,16,22],"damage_taken":[{"damage":0,"enemies":"Cultist","floor":1,"turns":3},{"damage":0,"enemies":"Small Slimes","floor":3,"turns":4},{"damage":0,"enemies":"2 Louse","floor":4,"turns":2},{"damage":35,"enemies":"3 Sentries","floor":7,"turns":9},{"damage":6,"enemies":"Exordium Wildlife","floor":10,"turns":3},{"damage":0,"enemies":"3 Louse","floor":12,"turns":2},{"damage":0,"enemies":"Looter","floor":14,"turns":2},{"damage":23,"enemies":"Hexaghost","floor":16,"turns":12},{"damage":20,"enemies":"2 Thieves","floor":18,"turns":4},{"damage":10,"enemies":"Spheric Guardian","floor":19,"turns":4},{"damage":2,"enemies":"Cultist and Chosen","floor":22,"turns":8},{"damage":37,"enemies":"Slavers","floor":25,"turns":6}],"seed_played":"-8462133594581156381","potions_obtained":[{"floor":1,"key":"Energy Potion"},{"floor":4,"key":"SteroidPotion"},{"floor":14,"key":"Block Potion"},{"floor":19,"key":"Fruit Juice"}],"is_trial":false,"path_per_floor":["M","?","M","M","$","R","E","R","T","M","?","M","R","M","R","B",null,"M","M","?","$","M","R","?","E"],"character_chosen":"HERMIT","items_purchased":["hermit:TrackingShot","hermit:HighCaliber","expansioncontent:SuperHexaguard","hermit:Scavenge","hermit:CursedWeapon"],"campfire_rested":3,"item_purchase_floors":[5,5,21,21,21],"current_hp_per_floor":[82,40,40,40,40,64,29,53,53,47,47,47,47,47,71,48,82,62,52,52,52,55,55,39,2,2],"gold":54,"neow_bonus":"TEN_PERCENT_HP_BONUS","is_daily":false,"chose_seed":false,"campfire_upgraded":2,"win_rate":0.0,"timestamp":1609020508,"path_taken":["M","?","M","M","$","R","E","R","T","M","?","M","R","M","R","BOSS","M","M","?","$","M","R","?","E"],"items_purchased_type":["Card","Card","Card","Card","Card"],"build_version":"2020-12-22","purchased_purges":0,"victory":false,"max_hp_per_floor":[82,82,82,82,82,82,82,82,82,82,82,82,82,82,82,82,82,82,82,82,82,87,87,87,87,87],"card_choices":[{"not_picked":["hermit:Brawl","hermit:HoleUp"],"picked":"hermit:GhostlyPresence","floor":1},{"not_picked":["hermit:Misfire","hermit:Coalescence"],"picked":"hermit:Headshot","floor":3},{"not_picked":["hermit:HighCaliber","hermit:BodyArmor"],"picked":"hermit:LowProfile","floor":4},{"not_picked":["hermit:Shortfuse","hermit:PistolWhip"],"picked":"hermit:BlackWind","floor":7},{"not_picked":["hermit:TrackingShot","hermit:Cheat"],"picked":"hermit:WideOpen","floor":10},{"not_picked":["hermit:HoleUp","hermit:Feint"],"picked":"hermit:BodyArmor","floor":12},{"not_picked":["hermit:FullyLoaded","hermit:Misfire"],"picked":"hermit:SprayPray","floor":14},{"not_picked":["hermit:FatalDesire","hermit:Purgatory"],"picked":"hermit:Dissolve","floor":16},{"not_picked":["hermit:ItchyTrigger+1","hermit:Maintenance"],"picked":"hermit:Shortfuse","floor":18},{"not_picked":["hermit:TakeCover","hermit:Misfire"],"picked":"hermit:GhostlyPresence+1","floor":19},{"not_picked":["hermit:LuckOfTheDraw","hermit:HoleUp"],"picked":"hermit:WideOpen","floor":22}],"player_experience":236718,"relics_obtained":[{"floor":7,"key":"Incense Burner"},{"floor":9,"key":"Smiling Mask"},{"floor":24,"key":"Necronomicon"}],"event_choices":[{"damage_healed":0,"gold_gain":0,"player_choice":"Relic ","damage_taken":42,"max_hp_gain":0,"max_hp_loss":0,"event_name":"betterThird:BetterScrap","floor":2,"gold_loss":0,"cards_obtained":["Steam Power"]},{"damage_healed":0,"gold_gain":0,"player_choice":"Box","damage_taken":0,"relics_obtained":["War Paint"],"max_hp_gain":0,"max_hp_loss":0,"event_name":"Big Fish","floor":11,"gold_loss":0,"cards_obtained":["Regret"]},{"damage_healed":0,"gold_gain":0,"player_choice":"Ignored","damage_taken":0,"max_hp_gain":0,"max_hp_loss":0,"event_name":"Beggar","floor":20,"gold_loss":0},{"damage_healed":0,"gold_gain":0,"player_choice":"Obtained Book","damage_taken":16,"max_hp_gain":0,"max_hp_loss":0,"event_name":"Cursed Tome","floor":24,"gold_loss":0}],"is_beta":false,"boss_relics":[{"not_picked":["Runic Dome","Sozu"],"picked":"Cursed Key"}],"items_purged_floors":[],"is_endless":false,"potions_floor_spawned":[1,4,14,19],"killed_by":"Slavers","ascension_level":0}}