{"host":"9tzam4717zt8ei1o","time":1609000640,"event":{"mods":["BaseMod","Colored Map","Keyboard Shortcuts","Minty Spire (QoL Compilation)","Quick Restart","StSLib","SuperFastMode"],"gold_per_floor":[109,34,44,59,59,59,0,0,28,55,55,71,84,84,104,104,104,104],"floor_reached":17,"playtime":233,"items_purged":["Strike_G"],"score":214,"play_id":"af598656-5c46-4468-82d5-2bb2fbfe7b13","local_time":"20201227013720","is_ascension_mode":true,"campfire_choices":[{"data":"Eviscerate","floor":8.0,"key":"SMITH"},{"floor":11.0,"key":"REST"},{"data":"Neutralize","floor":14,"key":"SMITH"},{"data":"Prepared","floor":16,"key":"SMITH"}],"circlet_count":0,"master_deck":["AscendersBane","Strike_G","Strike_G","Strike_G","Strike_G","Defend_G+1","Defend_G","Defend_G","Defend_G","Defend_G","Survivor+1","Neutralize+1","Eviscerate+1","PiercingWail","Blur","Underhanded Strike","Prepared+1"],"relics":["Ring of the Snake","NeowsBlessing","Art of War","Juzu Bracelet"],"acts_visited":["Exordium"],"potions_floor_usage":[13,17],"damage_taken":[{"damage":0.0,"enemies":"Cultist","floor":1.0,"turns":1.0},{"damage":0.0,"enemies":"Jaw Worm","floor":3.0,"turns":1.0},{"damage":0.0,"enemies":"Small Slimes","floor":4.0,"turns":1.0},{"damage":31.0,"enemies":"Gremlin Nob","floor":9.0,"turns":4.0},{"damage":0,"enemies":"3 Louse","floor":12,"turns":5},{"damage":2,"enemies":"Lots of Slimes","floor":13,"turns":6},{"damage":0,"enemies":"Looter","floor":15,"turns":2},{"damage":32,"enemies":"Hexaghost","floor":17,"turns":12}],"seed_played":"-3637076071591274435","potions_obtained":[{"floor":3.0,"key":"SteroidPotion"},{"floor":9.0,"key":"EssenceOfSteel"},{"floor":12,"key":"SneckoOil"},{"floor":13,"key":"Ancient Potion"}],"is_trial":false,"path_per_floor":["M","$","M","M","?","?","$","R","E","T","R","M","M","R","M","R","B"],"character_chosen":"THE_SILENT","items_purchased":["Underhanded Strike"],"campfire_rested":1,"item_purchase_floors":[7],"current_hp_per_floor":[59,59,59,59,39,44,44,44,13,13,34,34,32,32,32,32,0,0],"gold":104,"neow_bonus":"THREE_ENEMY_KILL","is_daily":false,"chose_seed":false,"campfire_upgraded":3,"win_rate":0.0,"timestamp":1609000640,"path_taken":["M","$","M","M","?","?","?","R","E","T","R","M","M","R","M","R","BOSS"],"items_purchased_type":["Card"],"build_version":"2020-12-22","purchased_purges":1,"victory":false,"max_hp_per_floor":[66,66,66,66,66,71,71,71,71,71,71,71,71,71,71,71,71,71],"card_choices":[{"not_picked":["Dodge and Roll","Dagger Spray"],"picked":"Eviscerate","floor":1.0},{"not_picked":["Finisher","Predator"],"picked":"PiercingWail","floor":3.0},{"not_picked":["Dagger Spray","All Out Attack"],"picked":"Blur","floor":4.0},{"not_picked":["Masterful Stab","Quick Slash","Poisoned Stab"],"picked":"SKIP","floor":9.0},{"not_picked":["Slice","Endless Agony","Glass Knife"],"picked":"SKIP","floor":12},{"not_picked":["Outmaneuver","Distraction","Bane"],"picked":"SKIP","floor":13},{"not_picked":["Backstab","Quick Slash"],"picked":"Prepared","floor":15}],"player_experience":119461,"relics_obtained":[{"floor":9.0,"key":"Art of War"},{"floor":10.0,"key":"Juzu Bracelet"}],"event_choices":[{"damage_healed":0.0,"max_hp_gain":0.0,"max_hp_loss":0.0,"gold_gain":0.0,"event_name":"Shining Light","player_choice":"Entered Light","floor":5.0,"gold_loss":0.0,"damage_taken":20.0,"cards_upgraded":["Defend_G","Survivor"]},{"damage_healed":0.0,"max_hp_gain":5.0,"max_hp_loss":0.0,"gold_gain":0.0,"event_name":"Big Fish","player_choice":"Donut","floor":6.0,"gold_loss":0.0,"damage_taken":0.0}],"is_beta":false,"boss_relics":[],"items_purged_floors":[2],"is_endless":false,"potions_floor_spawned":[3,9,12,13],"killed_by":"Hexaghost","ascension_level":20}}