{"host":"pg2biz4zy3df4ctj","time":1609016165,"event":{"mods":["BaseMod","Minty Spire (QoL Compilation)","Quick Restart","Random Character Button"],"gold_per_floor":[111,111,127,202,202,232,232,252,279,305,158,158,173,190,190,190,190],"floor_reached":16,"playtime":483,"items_purged":["Regret"],"score":230,"play_id":"7ce1a979-1abc-411d-b99a-62c8c2bac94b","local_time":"20201226125605","is_ascension_mode":true,"campfire_choices":[{"data":"Crippling Poison","floor":7.0,"key":"SMITH"},{"data":"Adrenaline","floor":15.0,"key":"SMITH"}],"circlet_count":0,"master_deck":["AscendersBane","Strike_G","Strike_G","Strike_G","Strike_G","Strike_G","Defend_G","Defend_G","Defend_G","Defend_G","Defend_G","Survivor","Neutralize+1","Cloak And Dagger","Crippling Poison+1","Calculated Gamble","Well Laid Plans","Blur","All Out Attack","Parasite","Backflip","Adrenaline+1"],"relics":["Ring of the Snake","NeowsBlessing","Anchor","Pen Nib","Tiny Chest","Art of War"],"acts_visited":["Exordium"],"potions_floor_usage":[],"damage_taken":[{"damage":0.0,"enemies":"Jaw Worm","floor":1.0,"turns":1.0},{"damage":0.0,"enemies":"Small Slimes","floor":3.0,"turns":1.0},{"damage":0.0,"enemies":"Lagavulin","floor":6.0,"turns":1.0},{"damage":2.0,"enemies":"2 Louse","floor":8.0,"turns":3.0},{"damage":40.0,"enemies":"3 Sentries","floor":10.0,"turns":14.0},{"damage":3.0,"enemies":"Looter","floor":13.0,"turns":4.0},{"damage":0.0,"enemies":"Exordium Wildlife","floor":14.0,"turns":1.0},{"damage":32,"enemies":"Slime Boss","floor":16,"turns":3}],"seed_played":"6007792870588684319","potions_obtained":[{"floor":1.0,"key":"LiquidBronze"},{"floor":6.0,"key":"AttackPotion"},{"floor":8.0,"key":"Poison Potion"},{"floor":14.0,"key":"Fire Potion"}],"is_trial":false,"path_per_floor":["M","?","M","?","?","E","R","M","T","E","$","?","M","M","R","B"],"character_chosen":"THE_SILENT","items_purchased":["All Out Attack"],"campfire_rested":0,"item_purchase_floors":[11],"current_hp_per_floor":[59,59,59,48,48,48,48,46,46,6,6,22,19,19,19,0,0],"gold":190,"neow_bonus":"THREE_ENEMY_KILL","is_daily":false,"chose_seed":false,"campfire_upgraded":2,"win_rate":0.0,"timestamp":1609016165,"path_taken":["M","?","M","?","?","E","R","M","T","E","$","?","?","M","R","BOSS"],"items_purchased_type":["Card"],"build_version":"2020-12-22","purchased_purges":1,"victory":false,"max_hp_per_floor":[66,66,66,66,66,66,66,66,66,66,66,66,66,66,66,66,66],"card_choices":[{"not_picked":["Heel Hook","Eviscerate"],"picked":"Cloak And Dagger","floor":1.0},{"not_picked":["Outmaneuver","Prepared"],"picked":"Crippling Poison","floor":3.0},{"not_picked":["Tactician","Crippling Poison"],"picked":"Calculated Gamble","floor":6.0},{"not_picked":["Tactician","Dodge and Roll"],"picked":"Well Laid Plans","floor":8.0},{"not_picked":["Sucker Punch","Deflect"],"picked":"Blur","floor":10.0},{"not_picked":["Dagger Throw","Flying Knee"],"picked":"Backflip","floor":13.0},{"not_picked":["Underhanded Strike","Acrobatics"],"picked":"Adrenaline","floor":14.0}],"player_experience":587283,"relics_obtained":[{"floor":6.0,"key":"Pen Nib"},{"floor":9.0,"key":"Tiny Chest"},{"floor":10.0,"key":"Art of War"}],"event_choices":[{"damage_healed":0.0,"max_hp_gain":0.0,"max_hp_loss":0.0,"gold_gain":0.0,"event_name":"Living Wall","player_choice":"Grow","floor":2.0,"gold_loss":0.0,"damage_taken":0.0,"cards_upgraded":["Neutralize"]},{"damage_healed":0.0,"max_hp_gain":0.0,"max_hp_loss":0.0,"gold_gain":75.0,"event_name":"World of Goop","player_choice":"Gather Gold","floor":4.0,"gold_loss":0.0,"damage_taken":11.0},{"damage_healed":0.0,"max_hp_gain":0.0,"max_hp_loss":0.0,"gold_gain":0.0,"event_name":"Big Fish","player_choice":"Box","floor":5.0,"gold_loss":0.0,"damage_taken":0.0,"relics_obtained":["Anchor"],"cards_obtained":["Regret"]},{"damage_healed":16.0,"max_hp_gain":0.0,"max_hp_loss":0.0,"gold_gain":0.0,"event_name":"Mushrooms","player_choice":"Healed and dodged fight","floor":12.0,"gold_loss":0.0,"damage_taken":0.0,"cards_obtained":["Parasite"]}],"is_beta":false,"boss_relics":[],"items_purged_floors":[11],"is_endless":false,"potions_floor_spawned":[1,6,8,14],"killed_by":"Slime Boss","ascension_level":14}}