{"host":"5fasz840ryq7obdf","time":1609023503,"event":{"mods":["AchievementEnabler","BaseMod","Bestiary","Better Altar","Better Skull","Better Third Choice","BetterRewards","Block Reminder","Colored Powertips","Curses Come First","Minty Spire (QoL Compilation)","Quick Restart","Relic Stats","Shop Mod","Spicy Shops","StSLib"],"gold_per_floor":[118,127,9,9,9,9,45,74,74,110,110,133,174,201,201,284,284,309,97,97,97,97,139,139,155,155,179,10,30,57,114,114,202,202,245,245,43,77,77,114,134,60,60,102,102,160,160,187,187,207,207,207,207,14,49,49],"floor_reached":57,"playtime":4029,"items_purged":["Strike_P","Parasite","Strike_P","Defend_P","Defend_P"],"score":3828,"play_id":"be5949b9-92ef-4fdb-9e0a-9d7bb93837a7","local_time":"20201226225823","is_ascension_mode":true,"campfire_choices":[{"data":"Eruption","floor":6.0,"key":"SMITH"},{"data":"WaveOfTheHand","floor":11.0,"key":"SMITH"},{"data":"Omniscience","floor":15.0,"key":"SMITH"},{"data":"Blasphemy","floor":24.0,"key":"SMITH"},{"data":"Metamorphosis","floor":32.0,"key":"SMITH"},{"floor":47.0,"key":"RECALL"},{"floor":49.0,"key":"DIG"},{"floor":53.0,"key":"DIG"}],"circlet_count":0,"master_deck":["AscendersBane","Strike_P+1","Defend_P+1","Defend_P","Eruption+1","Vigilance","Adaptation+1","JustLucky","WaveOfTheHand+1","Sadistic Nature+1","Metamorphosis+1","Blasphemy+1","Consecrate+1","CarveReality+1","Sanctity","JustLucky+1","CrushJoints+1","EmptyBody+1","CrushJoints+1","JustLucky+1","Omniscience+1","DevaForm+1","MentalFortress+1","Study+1","Tantrum+1","FollowUp+1","WheelKick+1","Weave+1","Wallop+1","Collect+1","EmptyMind+1","Devotion+1","Protect+1","LessonLearned+1","LikeWater+1","Fasting2+1","Ragnarok+1","Devotion+1","Omniscience+1","Wireheading+1","FlurryOfBlows+1","ReachHeaven+1","Meditate+1","Collect","Establishment+1","Wallop+1","EmptyBody+1","ConjureBlade+1","ThirdEye+1","ThirdEye+1"],"relics":["PureWater","Membership Card","Pocketwatch","Lantern","Oddly Smooth Stone","HandDrill","Frozen Egg 2","CeramicFish","Pen Nib","OrangePellets","Sling","Akabeko","Shuriken","Meat on the Bone","TeardropLocket","Toolbox","Molten Egg 2","Bronze Scales","Tiny Chest","Bottled Lightning","Toy Ornithopter","Coffee Dripper","Orrery","Bloody Idol","Thread and Needle","Kunai","Mango","Fusion Hammer","Eternal Feather","PreservedInsect","Shovel","Dream Catcher","Calipers","Pear","Bird Faced Urn","Toxic Egg 2","FossilizedHelix","Mercury Hourglass","Mummified Hand","TungstenRod","Bottled Tornado","War Paint","Art of War"],"acts_visited":["Exordium","TheCity","TheBeyond","TheEnding"],"potions_floor_usage":[],"damage_taken":[{"damage":0.0,"enemies":"2 Louse","floor":1.0,"turns":1.0},{"damage":0.0,"enemies":"Lagavulin","floor":7.0,"turns":3.0},{"damage":0.0,"enemies":"Cultist","floor":8.0,"turns":1.0},{"damage":3.0,"enemies":"3 Sentries","floor":10.0,"turns":3.0},{"damage":0.0,"enemies":"Jaw Worm","floor":12.0,"turns":2.0},{"damage":0.0,"enemies":"Gremlin Nob","floor":13.0,"turns":2.0},{"damage":0.0,"enemies":"2 Fungi Beasts","floor":14.0,"turns":2.0},{"damage":0.0,"enemies":"Slime Boss","floor":16.0,"turns":3.0},{"damage":0.0,"enemies":"Shell Parasite","floor":18.0,"turns":3.0},{"damage":0.0,"enemies":"Gremlin Leader","floor":23.0,"turns":1.0},{"damage":0.0,"enemies":"3 Byrds","floor":25.0,"turns":3.0},{"damage":0.0,"enemies":"Sentry and Sphere","floor":27.0,"turns":1.0},{"damage":3.0,"enemies":"Snecko","floor":29.0,"turns":5.0},{"damage":0.0,"enemies":"Centurion and Healer","floor":30.0,"turns":5.0},{"damage":8.0,"enemies":"Slavers","floor":31.0,"turns":7.0},{"damage":0.0,"enemies":"Automaton","floor":33.0,"turns":5.0},{"damage":0.0,"enemies":"3 Shapes","floor":35.0,"turns":1.0},{"damage":0.0,"enemies":"Mind Bloom Boss Battle","floor":38.0,"turns":2.0},{"damage":0.0,"enemies":"Giant Head","floor":40.0,"turns":2.0},{"damage":0.0,"enemies":"Orb Walker","floor":41.0,"turns":1.0},{"damage":5.0,"enemies":"Nemesis","floor":44.0,"turns":3.0},{"damage":18.0,"enemies":"2 Orb Walkers","floor":46.0,"turns":4.0},{"damage":16.0,"enemies":"4 Shapes","floor":48.0,"turns":2.0},{"damage":15.0,"enemies":"Awakened One","floor":50.0,"turns":7.0},{"damage":35.0,"enemies":"Donu and Deca","floor":51.0,"turns":5.0},{"damage":45.0,"enemies":"Shield and Spear","floor":55.0,"turns":3.0},{"damage":70,"enemies":"The Heart","floor":56,"turns":8}],"seed_played":"4340030274304653874","potions_obtained":[{"floor":1.0,"key":"SteroidPotion"},{"floor":8.0,"key":"Block Potion"},{"floor":13.0,"key":"Strength Potion"},{"floor":16.0,"key":"Fruit Juice"},{"floor":18.0,"key":"LiquidMemories"},{"floor":27.0,"key":"SteroidPotion"},{"floor":31.0,"key":"Energy Potion"},{"floor":40.0,"key":"Swift Potion"},{"floor":44.0,"key":"Weak Potion"}],"is_trial":false,"path_per_floor":["M","?","$","T","$","R","E","M","T","E","R","M","E","M","R","B",null,"M","$","?","?","?","E","R","M","T","M","$","M","M","E","R","B",null,"M","T","$","?","?","E","M","$","T","E","T","?","R","M","R","B","B",null,"R","$","E","B",null],"character_chosen":"WATCHER","items_purchased":["Membership Card","Pocketwatch","Lantern","Oddly Smooth Stone","HandDrill","Frozen Egg 2","CeramicFish","Pen Nib","OrangePellets","Sling","Akabeko","Adaptation+1","Shuriken","Meat on the Bone","TeardropLocket","JustLucky","Toolbox","Molten Egg 2","WaveOfTheHand","Sadistic Nature+1","Consecrate+1","CarveReality+1","Sanctity","Orrery","Wallop+1","Collect","EmptyMind","LessonLearned+1","LikeWater+1","PreservedInsect","FlurryOfBlows+1","Calipers","Establishment+1","TungstenRod","Bottled Tornado","War Paint","ThirdEye+1"],"campfire_rested":0,"item_purchase_floors":[0,0,0,0,0,0,0,0,0,0,0,0,0,0,0,0,0,0,0,0,3,3,3,19,19,19,19,28,28,37,37,42,42,54,54,54,54],"current_hp_per_floor":[31,31,31,31,31,31,43,43,43,40,40,40,40,40,40,40,59,69,69,69,69,30,57,57,67,67,70,70,70,70,84,84,84,84,84,84,84,84,84,84,84,84,94,94,94,92,94,88,94,84,61,86,94,94,65,31],"gold":49,"neow_bonus":"","is_daily":false,"chose_seed":false,"campfire_upgraded":5,"win_rate":0.0,"timestamp":1609023503,"path_taken":["M","?","$","?","$","R","E","M","T","E","R","M","E","M","R","BOSS","M","$","?","?","?","E","R","M","T","M","$","M","M","E","R","BOSS","M","?","$","?","?","E","?","$","T","E","?","?","R","M","R","BOSS","BOSS","R","$","E","BOSS"],"items_purchased_type":["Relic","Relic","Relic","Relic","Relic","Relic","Relic","Relic","Relic","Relic","Relic","Card","Relic","Relic","Relic","Card","Relic","Relic","Card","Card","Card","Card","Card","Relic","Card","Card","Card","Card","Card","Relic","Card","Relic","Card","Relic","Relic","Relic","Card"],"build_version":"2020-12-22","purchased_purges":5,"victory":true,"max_hp_per_floor":[65,65,65,65,65,65,65,65,65,65,65,65,65,65,65,65,65,70,70,70,70,70,70,70,70,70,70,70,70,70,84,84,84,84,84,84,84,84,84,84,84,84,94,94,94,94,94,94,94,94,94,94,94,94,94,94],"relic_stats":{"counters":[77,256],"CeramicFish":396,"Eternal Feather":59,"Pen Nib":[48],"PreservedInsect":687,"War Paint":["Omniscience","Collect"],"Mercury Hourglass":[85],"OrangePellets":[10],"Dream Catcher":0,"Shovel":2,"Shuriken":[43],"Mummified Hand":[21],"Bronze Scales":[309],"Bloody Idol":64,"Bird Faced Urn":[69],"Tiny Chest":2,"HandDrill":[28],"Art of War":[0],"Kunai":[38],"obtain_stats":[{"Calipers":25,"CeramicFish":0,"Vajra":26,"Whetstone":0,"Bottled Tornado":28,"Sling":27,"Sundial":8,"DollysMirror":27,"MealTicket":26,"Fusion Hammer":17,"HandDrill":0,"Kunai":26,"Toxic Egg 2":45,"Pear":43,"Happy Flower":55,"Blue Candle":40,"Dead Branch":40,"Oddly Smooth Stone":0,"Eternal Feather":31,"Pen Nib":21,"War Paint":54,"Akabeko":0,"OrangePellets":0,"Shuriken":0,"MutagenicStrength":19,"Bird Faced Urn":55,"Bronze Scales":4,"Molten Egg 2":0,"Black Star":17,"StrikeDummy":12,"Unceasing Top":25,"Pocketwatch":0,"Meat on the Bone":0,"Darkstone Periapt":25,"Lantern":27,"Yang":23,"Mango":31,"Bag of Preparation":48,"TeardropLocket":0,"SsserpentHead":20,"Dream Catcher":6,"Nunchaku":12,"Shovel":38,"Mummified Hand":53,"Gambling Chip":48,"Toolbox":0,"Tiny Chest":7,"Potion Belt":21,"Thread and Needle":23,"PreservedInsect":9,"Omamori":9,"Frozen Egg 2":11,"Orichalcum":23,"White Beast Statue":27,"Mercury Hourglass":49,"Bloody Idol":22,"Orrery":0,"HolyWater":34,"Bag of Marbles":0,"Coffee Dripper":17,"Art of War":55,"Membership Card":0,"Bottled Lightning":10,"PureWater":0,"Toy Ornithopter":13,"FossilizedHelix":46,"TungstenRod":54},{"Calipers":31,"CeramicFish":50,"Vajra":14,"Whetstone":0,"Bottled Tornado":15,"Sling":14,"Sundial":4,"DollysMirror":14,"MealTicket":31,"Fusion Hammer":9,"HandDrill":50,"Kunai":61,"Toxic Egg 2":71,"Pear":70,"Happy Flower":49,"Blue Candle":42,"Dead Branch":42,"Oddly Smooth Stone":16,"Eternal Feather":35,"Pen Nib":27,"War Paint":75,"Akabeko":50,"OrangePellets":50,"Shuriken":0,"MutagenicStrength":27,"Bird Faced Urn":49,"Bronze Scales":51,"Molten Egg 2":50,"Black Star":26,"StrikeDummy":24,"Unceasing Top":14,"Pocketwatch":50,"Meat on the Bone":50,"Darkstone Periapt":31,"Lantern":14,"Yang":29,"Mango":65,"Bag of Preparation":46,"TeardropLocket":50,"SsserpentHead":10,"Dream Catcher":4,"Nunchaku":6,"Shovel":68,"Mummified Hand":75,"Gambling Chip":46,"Toolbox":16,"Tiny Chest":52,"Potion Belt":27,"Thread and Needle":60,"PreservedInsect":21,"Omamori":4,"Frozen Egg 2":5,"Orichalcum":13,"White Beast Statue":32,"Mercury Hourglass":73,"Bloody Idol":59,"Orrery":16,"HolyWater":36,"Bag of Marbles":0,"Coffee Dripper":58,"Art of War":76,"Membership Card":50,"Bottled Lightning":54,"PureWater":0,"Toy Ornithopter":56,"FossilizedHelix":72,"TungstenRod":75},{"Calipers":88,"CeramicFish":171,"Vajra":41,"Whetstone":0,"Bottled Tornado":44,"Sling":41,"Sundial":7,"DollysMirror":41,"MealTicket":88,"Fusion Hammer":21,"HandDrill":171,"Kunai":195,"Toxic Egg 2":227,"Pear":224,"Happy Flower":160,"Blue Candle":121,"Dead Branch":121,"Oddly Smooth Stone":47,"Eternal Feather":97,"Pen Nib":78,"War Paint":245,"Akabeko":171,"OrangePellets":171,"Shuriken":0,"MutagenicStrength":78,"Bird Faced Urn":160,"Bronze Scales":172,"Molten Egg 2":171,"Black Star":75,"StrikeDummy":67,"Unceasing Top":41,"Pocketwatch":171,"Meat on the Bone":171,"Darkstone Periapt":88,"Lantern":41,"Yang":83,"Mango":213,"Bag of Preparation":136,"TeardropLocket":171,"SsserpentHead":24,"Dream Catcher":7,"Nunchaku":13,"Shovel":221,"Mummified Hand":245,"Gambling Chip":136,"Toolbox":47,"Tiny Chest":175,"Potion Belt":78,"Thread and Needle":192,"PreservedInsect":60,"Omamori":7,"Frozen Egg 2":9,"Orichalcum":37,"White Beast Statue":90,"Mercury Hourglass":233,"Bloody Idol":191,"Orrery":47,"HolyWater":105,"Bag of Marbles":0,"Coffee Dripper":188,"Art of War":248,"Membership Card":171,"Bottled Lightning":179,"PureWater":0,"Toy Ornithopter":183,"FossilizedHelix":231,"TungstenRod":245}],"Toy Ornithopter":15,"TungstenRod":44,"Pocketwatch":[18],"Meat on the Bone":48},"card_choices":[{"not_picked":["Fasting2+1","PathToVictory","EmptyFist+1"],"picked":"SKIP","floor":1.0},{"not_picked":["EmptyBody","ThirdEye"],"picked":"JustLucky+1","floor":7.0},{"not_picked":["Meditate","FlurryOfBlows+1"],"picked":"CrushJoints+1","floor":8.0},{"not_picked":["ClearTheMind","DeceiveReality"],"picked":"EmptyBody","floor":10.0},{"not_picked":["PathToVictory","Nirvana+1"],"picked":"CrushJoints+1","floor":12.0},{"not_picked":["Worship","ThirdEye"],"picked":"JustLucky+1","floor":13.0},{"not_picked":["Consecrate+1","Crescendo"],"picked":"Omniscience","floor":14.0},{"not_picked":["Scrawl","MasterReality+1"],"picked":"DevaForm+1","floor":16.0},{"not_picked":["BowlingBash+1","CutThroughFate+1"],"picked":"MentalFortress+1","floor":18.0},{"not_picked":["SignatureMove+1","EmptyFist+1"],"picked":"Study+1","floor":19.0},{"not_picked":["Crescendo","JustLucky+1"],"picked":"Tantrum+1","floor":19.0},{"not_picked":["DeceiveReality","ThirdEye"],"picked":"FollowUp+1","floor":19.0},{"not_picked":["Adaptation+1","Tantrum+1"],"picked":"WheelKick+1","floor":19.0},{"not_picked":["JustLucky+1","FearNoEvil+1"],"picked":"Weave+1","floor":19.0},{"not_picked":["Fasting2+1","WreathOfFlame"],"picked":"Devotion+1","floor":23.0},{"not_picked":["PathToVictory","Swivel","BattleHymn+1"],"picked":"SKIP","floor":25.0},{"not_picked":["EmptyBody","Consecrate+1"],"picked":"Protect","floor":27.0},{"not_picked":["Study+1","SashWhip+1"],"picked":"Fasting2+1","floor":29.0},{"not_picked":["EmptyMind","BowlingBash+1"],"picked":"Ragnarok+1","floor":30.0},{"not_picked":["Crescendo","EmptyBody+1"],"picked":"Devotion+1","floor":31.0},{"not_picked":["Scrawl","MasterReality+1"],"picked":"Omniscience","floor":33.0},{"not_picked":["EmptyBody","Crescendo"],"picked":"Wireheading+1","floor":35.0},{"not_picked":["FollowUp+1","FlyingSleeves+1"],"picked":"ReachHeaven+1","floor":38.0},{"not_picked":["Evaluate","Prostrate"],"picked":"Meditate","floor":40.0},{"not_picked":["FollowUp+1","EmptyFist+1"],"picked":"Collect","floor":41.0},{"not_picked":["FlyingSleeves+1","ReachHeaven+1"],"picked":"Wallop+1","floor":44.0},{"not_picked":["ReachHeaven+1","FollowUp+1"],"picked":"EmptyBody+1","floor":46.0},{"not_picked":["Evaluate+1","Worship+1"],"picked":"ConjureBlade+1","floor":48.0},{"not_picked":["PathToVictory+1","FollowUp+1"],"picked":"ThirdEye+1","floor":55.0}],"player_experience":1142866,"relics_obtained":[{"floor":4.0,"key":"Bronze Scales"},{"floor":7.0,"key":"Tiny Chest"},{"floor":10.0,"key":"Bottled Lightning"},{"floor":13.0,"key":"Toy Ornithopter"},{"floor":23.0,"key":"Thread and Needle"},{"floor":26.0,"key":"Kunai"},{"floor":31.0,"key":"Mango"},{"floor":36.0,"key":"Eternal Feather"},{"floor":38.0,"key":"Shovel"},{"floor":40.0,"key":"Dream Catcher"},{"floor":43.0,"key":"Pear"},{"floor":44.0,"key":"Bird Faced Urn"},{"floor":45.0,"key":"Toxic Egg 2"},{"floor":46.0,"key":"FossilizedHelix"},{"floor":49.0,"key":"Mercury Hourglass"},{"floor":53.0,"key":"Mummified Hand"},{"floor":55.0,"key":"Art of War"}],"event_choices":[{"damage_healed":0.0,"max_hp_gain":0.0,"max_hp_loss":0.0,"gold_gain":0.0,"cards_transformed":["Strike_P"],"event_name":"Transmorgrifier","player_choice":"Transformed","floor":2.0,"gold_loss":0.0,"damage_taken":0.0,"cards_obtained":["Blasphemy"]},{"damage_healed":0.0,"max_hp_gain":0.0,"max_hp_loss":0.0,"gold_gain":0.0,"event_name":"Ghosts","player_choice":"Ignored","floor":20.0,"gold_loss":0.0,"damage_taken":0.0},{"damage_healed":0.0,"max_hp_gain":0.0,"max_hp_loss":0.0,"gold_gain":0.0,"event_name":"Vampires","player_choice":"Ignored","floor":21.0,"gold_loss":0.0,"damage_taken":0.0},{"damage_healed":0.0,"max_hp_gain":69.0,"max_hp_loss":30.0,"gold_gain":0.0,"event_name":"betterAltar:BetterAltar","player_choice":" Idol ","floor":22.0,"potions_obtained":[],"relics_lost":[],"gold_loss":0.0,"damage_taken":39.0,"relics_obtained":["Bloody Idol"]},{"damage_healed":0.0,"max_hp_gain":0.0,"max_hp_loss":0.0,"gold_gain":0.0,"event_name":"MindBloom","player_choice":"Fight","floor":38.0,"gold_loss":0.0,"damage_taken":0.0},{"damage_healed":0.0,"max_hp_gain":0.0,"max_hp_loss":0.0,"gold_gain":0.0,"event_name":"Wheel of Change","player_choice":"Full Heal","floor":39.0,"gold_loss":0.0,"damage_taken":0.0},{"damage_healed":0.0,"max_hp_gain":0.0,"max_hp_loss":0.0,"gold_gain":0.0,"event_name":"Mysterious Sphere","player_choice":"Fight","floor":46.0,"gold_loss":0.0,"damage_taken":0.0}],"is_beta":false,"boss_relics":[{"not_picked":["Empty Cage","Astrolabe"],"picked":"Coffee Dripper"},{"not_picked":["Philosopher\u0027s Stone","Cursed Key"],"picked":"Fusion Hammer"}],"items_purged_floors":[0,0,19,28,37],"is_endless":false,"potions_floor_spawned":[1,8,13,16,18,27,31,40,44],"ascension_level":20}}