{"host":"sa7ebub27cgn5wai","time":1609003911,"event":{"mods":["BaseMod","Colored Map","Minty Spire (QoL Compilation)","SuperFastMode"],"gold_per_floor":[116,135,112,132,149,149,168,168,191,191,38,38,65,65,65,168,168,186,206,220,237,237,237,250,250,250,250,278,278,297,309,309,409,409,426,446,120,132,132,132],"floor_reached":39,"playtime":1321,"items_purged":[],"score":395,"play_id":"97a6c2cc-cca8-4fb3-9dd8-6a7cdb0e55ab","local_time":"20201227023151","is_ascension_mode":false,"campfire_choices":[{"data":"Armaments","floor":6,"key":"SMITH"},{"data":"Headbutt","floor":8,"key":"SMITH"},{"data":"Battle Trance","floor":10,"key":"SMITH"},{"data":"Bash","floor":15,"key":"SMITH"},{"data":"Evolve","floor":23,"key":"SMITH"},{"data":"Reaper","floor":25,"key":"SMITH"},{"floor":29,"key":"REST"},{"floor":32,"key":"REST"}],"circlet_count":0,"master_deck":["Strike_R","Strike_R","Strike_R","Strike_R","Strike_R","Defend_R","Defend_R","Defend_R","Defend_R","Bash+1","Armaments+1","Flame Barrier","Cleave","Battle Trance+1","Cleave","Headbutt+1","Seeing Red","Bloodletting","Reaper+1","Bloodletting","Whirlwind","Fiend Fire","Thunderclap","Seeing Red","Evolve+1","Infernal Blade","True Grit+1","Juggernaut","Barricade","True Grit+1","Wild Strike+1","Fire Breathing","Power Through+1"],"relics":["Burning Blood","NeowsBlessing","Strawberry","Orrery","Orichalcum","Potion Belt","Runic Cube","InkBottle","Nilry\u0027s Codex","Art of War","Mark of Pain","Gremlin Horn"],"acts_visited":["Exordium","TheCity","TheBeyond"],"potions_floor_usage":[28,28,28,33,39,39],"damage_taken":[{"damage":0,"enemies":"Cultist","floor":1,"turns":1},{"damage":0,"enemies":"Small Slimes","floor":2,"turns":1},{"damage":0,"enemies":"Jaw Worm","floor":4,"turns":1},{"damage":6,"enemies":"Exordium Wildlife","floor":5,"turns":5},{"damage":4,"enemies":"Gremlin Gang","floor":7,"turns":2},{"damage":52,"enemies":"The Guardian","floor":16,"turns":13},{"damage":8,"enemies":"Chosen","floor":18,"turns":3},{"damage":22,"enemies":"2 Thieves","floor":19,"turns":4},{"damage":27,"enemies":"Centurion and Healer","floor":20,"turns":3},{"damage":15,"enemies":"Snake Plant","floor":21,"turns":5},{"damage":40,"enemies":"Shelled Parasite and Fungi","floor":24,"turns":7},{"damage":15,"enemies":"Book of Stabbing","floor":28,"turns":5},{"damage":18,"enemies":"3 Cultists","floor":30,"turns":3},{"damage":34,"enemies":"Centurion and Healer","floor":31,"turns":6},{"damage":65,"enemies":"Automaton","floor":33,"turns":15},{"damage":46,"enemies":"3 Darklings","floor":35,"turns":5},{"damage":13,"enemies":"Orb Walker","floor":36,"turns":4},{"damage":22,"enemies":"Sphere and 2 Shapes","floor":38,"turns":6},{"damage":42,"enemies":"2 Orb Walkers","floor":39,"turns":3}],"seed_played":"2063927237566110802","potions_obtained":[{"floor":2,"key":"ElixirPotion"},{"floor":7,"key":"BlessingOfTheForge"},{"floor":21,"key":"SteroidPotion"},{"floor":24,"key":"Ancient Potion"},{"floor":28,"key":"Weak Potion"},{"floor":33,"key":"ColorlessPotion"},{"floor":35,"key":"DistilledChaos"}],"is_trial":false,"path_per_floor":["M","M","$","M","M","R","M","R","T","R","$","?","T","$","R","B",null,"M","M","M","M","?","R","M","R","T","?","E","R","M","M","R","B",null,"M","M","$","M","?"],"character_chosen":"IRONCLAD","items_purchased":["Cleave","Orrery","Fire Breathing","Gremlin Horn"],"campfire_rested":2,"item_purchase_floors":[3,11,37,37],"current_hp_per_floor":[80,80,80,80,80,80,80,80,87,87,87,84,84,84,84,38,87,87,74,67,62,62,62,34,34,34,18,19,45,48,32,58,9,87,47,40,40,29,0,0],"gold":132,"neow_bonus":"THREE_ENEMY_KILL","is_daily":false,"chose_seed":false,"campfire_upgraded":6,"win_rate":0.0,"timestamp":1609003911,"path_taken":["M","M","?","?","M","R","M","R","T","R","$","?","?","?","R","BOSS","M","?","?","?","?","R","M","R","T","?","E","R","M","M","R","BOSS","M","M","$","M","?"],"items_purchased_type":["Card","Relic","Card","Relic"],"build_version":"2020-12-22","purchased_purges":0,"victory":false,"max_hp_per_floor":[80,80,80,80,80,80,80,80,87,87,87,87,87,87,87,87,87,87,87,87,87,87,87,87,87,87,87,87,87,87,87,87,87,87,87,87,87,87,87,87],"card_choices":[{"not_picked":["Clothesline","Iron Wave"],"picked":"Armaments","floor":1},{"not_picked":["Shrug It Off","Body Slam"],"picked":"Flame Barrier","floor":2},{"not_picked":["True Grit","Carnage"],"picked":"Battle Trance","floor":4},{"not_picked":["Anger","Blood for Blood"],"picked":"Cleave","floor":5},{"not_picked":["Havoc","Clash"],"picked":"Headbutt","floor":7},{"not_picked":["Clash","Heavy Blade"],"picked":"Seeing Red","floor":11},{"not_picked":["Thunderclap","Flex"],"picked":"Bloodletting","floor":11},{"not_picked":["Flame Barrier","Clash"],"picked":"Reaper","floor":11},{"not_picked":["Clothesline","Sentinel"],"picked":"Bloodletting","floor":11},{"not_picked":["Iron Wave","Headbutt"],"picked":"Whirlwind","floor":11},{"not_picked":["Exhume","Bludgeon"],"picked":"Fiend Fire","floor":16},{"not_picked":["Pommel Strike","Sword Boomerang"],"picked":"Thunderclap","floor":18},{"not_picked":["Searing Blow","Shockwave","Headbutt"],"picked":"SKIP","floor":19},{"not_picked":["Headbutt","Heavy Blade","Sword Boomerang+1"],"picked":"SKIP","floor":20},{"not_picked":["Rage+1","Clothesline"],"picked":"Seeing Red","floor":21},{"not_picked":["Sword Boomerang+1","Iron Wave+1","Hemokinesis"],"picked":"SKIP","floor":24},{"not_picked":["Cleave","Armaments"],"picked":"Infernal Blade","floor":28},{"not_picked":["Feel No Pain","Iron Wave"],"picked":"True Grit+1","floor":30},{"not_picked":["Uppercut","Pommel Strike"],"picked":"Juggernaut","floor":31},{"not_picked":["Impervious","Juggernaut"],"picked":"Barricade","floor":33},{"not_picked":["Clothesline+1","Bloodletting"],"picked":"True Grit+1","floor":35},{"not_picked":["Second Wind+1","Headbutt"],"picked":"Wild Strike+1","floor":36},{"not_picked":["Headbutt+1","Iron Wave"],"picked":"Power Through+1","floor":38}],"player_experience":292558,"relics_obtained":[{"floor":9,"key":"Strawberry"},{"floor":13,"key":"Potion Belt"},{"floor":26,"key":"InkBottle"},{"floor":27,"key":"Nilry\u0027s Codex"},{"floor":28,"key":"Art of War"}],"event_choices":[{"damage_healed":0,"gold_gain":0,"player_choice":"Success","damage_taken":3,"relics_obtained":["Orichalcum"],"max_hp_gain":0,"max_hp_loss":0,"event_name":"Scrap Ooze","floor":12,"gold_loss":0},{"damage_healed":0,"gold_gain":0,"player_choice":"Read","damage_taken":0,"max_hp_gain":0,"max_hp_loss":0,"event_name":"The Library","floor":22,"gold_loss":0,"cards_obtained":["Evolve"]},{"damage_healed":0,"gold_gain":0,"player_choice":"Obtained Book","damage_taken":16,"max_hp_gain":0,"max_hp_loss":0,"event_name":"Cursed Tome","floor":27,"gold_loss":0},{"damage_healed":0,"gold_gain":0,"player_choice":"Fight","damage_taken":0,"max_hp_gain":0,"max_hp_loss":0,"event_name":"Mysterious Sphere","floor":39,"gold_loss":0}],"is_beta":false,"boss_relics":[{"not_picked":["Black Star","Tiny House"],"picked":"Runic Cube"},{"not_picked":["SlaversCollar","Philosopher\u0027s Stone"],"picked":"Mark of Pain"}],"items_purged_floors":[],"is_endless":false,"potions_floor_spawned":[2,7,21,24,28,33,35],"killed_by":"2 Orb Walkers","ascension_level":0}}