{"host":"nkolxg4se00n20yf","time":1609017435,"event":{"mods":["BaseMod","CatGirl Mod","Chen","Colored Map","Colored Powertips","Downfall","Friendly Minions","Infinite Spire","Kiyohime????","Marisa????????","Minty Spire (QoL Compilation)","StSLib","Td1madao Mod","The Administrix","The Cursed","The Exalted","The Hierophant","The Servant 0.9.4"],"gold_per_floor":[215,215,365,375,375,375,401,401,401,436,452,452,470,505,505,579,579,590,608,608,608,619,654,654,654,678,336,336,346,93,119,119,195,195,207,207,207,219,219,247,94,94,94,94,140,140,169,186,186,186],"floor_reached":51,"playtime":2683,"items_purged":["Doubt","Pain"],"score":1575,"play_id":"2cacd43e-8fa2-4b3e-9b04-e58e26a78c3f","local_time":"20201226221715","is_ascension_mode":true,"campfire_choices":[{"floor":6.0,"key":"REST"},{"floor":8.0,"key":"REST"},{"data":"Terror","floor":12.0,"key":"SMITH"},{"data":"Neutralize","floor":15,"key":"SMITH"},{"data":"Footwork","floor":24,"key":"SMITH"},{"floor":32,"key":"REST"},{"floor":42,"key":"REST"},{"data":"After Image","floor":46,"key":"SMITH"},{"data":"Wraith Form v2","floor":49,"key":"SMITH"}],"circlet_count":0,"master_deck":["AscendersBane","Strike_G","Strike_G","Strike_G","Strike_G","Strike_G+1","Defend_G","Defend_G","Defend_G","Defend_G","Defend_G","Survivor+1","Neutralize+1","Sucker Punch","Terror+1","Corpse Explosion","Crippling Poison+1","Cloak And Dagger+1","Backflip+1","Flying Knee","After Image+1","Deadly Poison+1","Deflect+1","infinitespire:Collect+1","Footwork+1","PiercingWail+1","Storm of Steel+1","RitualDagger","Infinite Blades","Endless Agony","PiercingWail+1","Wraith Form v2+1","Caltrops+1","Acrobatics+1","Thinking Ahead+1","Doppelganger+1","infinitespire:Collect+1","Footwork+1","Crippling Poison+1","Blade Dance+1","Heel Hook"],"relics":["Ring of the Snake","Mercury Hourglass","infinitespire:ShieldingShard","Toxic Egg 2","Incense Burner","Question Card","WristBlade","TungstenRod","Pen Nib","Nunchaku","Strange Spoon","Bromod:ArcaneMomentum","WarpedTongs","Bromod:ArcaneTrickery","Lantern","Bromod:ArcaneEnergize","infinitespire:Cupcake","Juzu Bracelet","Darkstone Periapt","DollysMirror","Unceasing Top","CatCart","infinitespire:Magic Flask"],"acts_visited":["Exordium","TheCity","TheBeyond"],"potions_floor_usage":[16,18,19,31,38,50,50],"damage_taken":[{"damage":4.0,"enemies":"Jaw Worm","floor":1.0,"turns":7.0},{"damage":5.0,"enemies":"2 Louse","floor":4.0,"turns":5.0},{"damage":14.0,"enemies":"Gremlin Nob","floor":7.0,"turns":4.0},{"damage":0.0,"enemies":"3 Sentries","floor":10.0,"turns":2.0},{"damage":0.0,"enemies":"Small Slimes","floor":11.0,"turns":2.0},{"damage":0.0,"enemies":"Looter","floor":13.0,"turns":3.0},{"damage":8.0,"enemies":"Lagavulin","floor":14.0,"turns":7.0},{"damage":0,"enemies":"Slime Boss","floor":16,"turns":7},{"damage":0,"enemies":"Shell Parasite","floor":18,"turns":4},{"damage":5,"enemies":"Spheric Guardian","floor":19,"turns":6},{"damage":0,"enemies":"Centurion and Healer","floor":22,"turns":5},{"damage":9,"enemies":"Gremlin Leader","floor":23,"turns":8},{"damage":17,"enemies":"Snake Plant","floor":29,"turns":4},{"damage":0,"enemies":"Book of Stabbing","floor":31,"turns":5},{"damage":18,"enemies":"Champ","floor":33,"turns":9},{"damage":0,"enemies":"3 Darklings","floor":35,"turns":4},{"damage":0,"enemies":"Orb Walker","floor":38,"turns":3},{"damage":9,"enemies":"Nemesis","floor":40,"turns":7},{"damage":0,"enemies":"Orin","floor":45,"turns":7},{"damage":0,"enemies":"Reptomancer","floor":47,"turns":4},{"damage":0,"enemies":"Transient","floor":48,"turns":5},{"damage":22,"enemies":"Awakened One","floor":50,"turns":11}],"seed_played":"8298436777435957901","potions_obtained":[{"floor":7.0,"key":"champ:CounterPotion"},{"floor":13.0,"key":"SteroidPotion"},{"floor":14.0,"key":"DistilledChaos"},{"floor":16,"key":"Swift Potion"},{"floor":22,"key":"PowerPotion"},{"floor":31,"key":"LiquidBronze"},{"floor":38,"key":"Fruit Juice"},{"floor":48,"key":"SkillPotion"}],"is_trial":false,"path_per_floor":["M","?","?","M","?","R","E","R","T","E","M","R","M","E","R","B",null,"M","M","AVR","?","M","E","R","?","T","$","?","M","$","E","R","B",null,"M","AVR","?","M","?","E","$","R","T","?","?","R","E","M","R","B",null],"character_chosen":"THE_SILENT","items_purchased":["Strange Spoon","Infinite Blades","Bromod:ArcaneMomentum","Bromod:ArcaneTrickery","DollysMirror"],"campfire_rested":4,"item_purchase_floors":[27,27,27,30,41],"current_hp_per_floor":[55,35,35,30,30,49,35,54,54,54,54,54,54,46,46,46,61,61,56,56,56,56,47,47,42,42,42,42,25,25,25,44,26,56,56,56,56,61,61,52,52,71,71,71,71,71,71,71,71,49],"gold":186,"neow_bonus":"HUNDRED_GOLD","is_daily":false,"chose_seed":false,"campfire_upgraded":5,"win_rate":0.0,"timestamp":1609017435,"path_taken":["M","?","?","M","?","R","E","R","T","E","M","R","M","E","R","BOSS","M","M","AVR","?","M","E","R","?","T","?","?","?","$","E","R","BOSS","M","AVR","?","M","?","E","$","R","T","?","?","R","E","M","R","BOSS"],"items_purchased_type":["Relic","Card","Relic","Relic","Relic"],"build_version":"2020-12-22","purchased_purges":2,"victory":true,"max_hp_per_floor":[66,66,66,66,66,66,66,66,66,66,66,66,66,66,66,66,66,66,66,66,66,66,66,66,66,66,66,66,66,66,66,66,66,66,66,66,66,71,71,71,71,71,71,71,71,71,71,71,71,71],"card_choices":[{"not_picked":["Backflip","Prepared"],"picked":"Sucker Punch","floor":1.0},{"not_picked":["Deflect","Riddle With Holes"],"picked":"Terror","floor":4.0},{"not_picked":["Cloak And Dagger","Heel Hook"],"picked":"Corpse Explosion","floor":7.0},{"not_picked":["Riddle With Holes","Flying Knee"],"picked":"Crippling Poison+1","floor":10.0},{"not_picked":["Dagger Throw","Sucker Punch"],"picked":"Cloak And Dagger+1","floor":11.0},{"not_picked":["Outmaneuver+1","Dagger Throw"],"picked":"Backflip+1","floor":13.0},{"not_picked":["Blur+1","Eviscerate"],"picked":"Flying Knee","floor":14.0},{"not_picked":["Doppelganger+1","Die Die Die","Night Terror+1"],"picked":"After Image","floor":16},{"not_picked":["Bane","Prepared+1","Backflip+1"],"picked":"Deadly Poison+1","floor":18},{"not_picked":["Quick Slash","Outmaneuver+1","Backflip+1"],"picked":"Deflect+1","floor":19},{"not_picked":["Outmaneuver+1","Underhanded Strike","Deflect+1"],"picked":"PiercingWail+1","floor":22},{"not_picked":["Wraith Form v2","Deadly Poison+1","Bane"],"picked":"Storm of Steel+1","floor":23},{"not_picked":["Bane","Distraction+1","Sucker Punch"],"picked":"Endless Agony","floor":29},{"not_picked":["Terror+1","Escape Plan+1","Skewer"],"picked":"PiercingWail+1","floor":31},{"not_picked":["Corpse Explosion+1","Bullet Time+1","Grand Finale"],"picked":"Wraith Form v2","floor":33},{"not_picked":["Flying Knee+1","Concentrate+1","Quick Slash+1"],"picked":"Caltrops+1","floor":35},{"not_picked":["Prepared+1","Dagger Throw","Quick Slash+1"],"picked":"Acrobatics+1","floor":38},{"not_picked":["expansioncontent:Sear","expansioncontent:Collect","expansioncontent:TimeRipple"],"picked":"Thinking Ahead+1","floor":39},{"not_picked":["Slice+1","Bane+1","Underhanded Strike"],"picked":"Doppelganger+1","floor":40},{"not_picked":["Tactician+1","Dagger Throw","PiercingWail+1"],"picked":"Crippling Poison+1","floor":45},{"not_picked":["PiercingWail+1","Wraith Form v2","Dodge and Roll+1"],"picked":"Blade Dance+1","floor":47},{"not_picked":["Crippling Poison+1","Slice","Acrobatics+1"],"picked":"Heel Hook","floor":48}],"player_experience":1054185,"relics_obtained":[{"floor":5.0,"key":"Mercury Hourglass"},{"floor":7.0,"key":"infinitespire:ShieldingShard"},{"floor":9.0,"key":"Toxic Egg 2"},{"floor":10.0,"key":"Incense Burner"},{"floor":14.0,"key":"Question Card"},{"floor":23,"key":"Pen Nib"},{"floor":26,"key":"Nunchaku"},{"floor":31,"key":"Lantern"},{"floor":40,"key":"Darkstone Periapt"},{"floor":43,"key":"Unceasing Top"},{"floor":45,"key":"CatCart"},{"floor":47,"key":"infinitespire:Magic Flask"}],"event_choices":[{"damage_healed":0.0,"max_hp_gain":0.0,"max_hp_loss":0.0,"gold_gain":0.0,"event_name":"Shining Light","player_choice":"Entered Light","floor":2.0,"gold_loss":0.0,"damage_taken":20.0,"cards_upgraded":["Survivor","Strike_G"]},{"damage_healed":0.0,"max_hp_gain":0.0,"max_hp_loss":0.0,"gold_gain":150.0,"event_name":"Liars Game","player_choice":"AGREE","floor":3.0,"gold_loss":0.0,"damage_taken":0.0,"cards_obtained":["Doubt"]},{"damage_healed":0,"gold_gain":0,"player_choice":"Read","damage_taken":0,"max_hp_gain":0,"max_hp_loss":0,"event_name":"The Library","floor":21,"gold_loss":0,"cards_obtained":["Footwork"]},{"damage_healed":0,"gold_gain":0,"player_choice":"Joined the Cult","damage_taken":6,"max_hp_gain":0,"max_hp_loss":0,"event_name":"Nest","floor":25,"gold_loss":0,"cards_obtained":["RitualDagger"]},{"damage_healed":0,"gold_gain":0,"player_choice":"Rummage","damage_taken":0,"relics_obtained":["WarpedTongs"],"max_hp_gain":0,"max_hp_loss":0,"event_name":"Accursed Blacksmith","floor":28,"gold_loss":0,"cards_obtained":["Pain"]},{"damage_healed":0,"gold_gain":0,"player_choice":"Memory 1","damage_taken":0,"max_hp_gain":0,"max_hp_loss":0,"event_name":"SensoryStone","floor":39,"gold_loss":0},{"damage_healed":0,"gold_gain":0,"player_choice":"Copied","damage_taken":0,"max_hp_gain":0,"max_hp_loss":0,"event_name":"Duplicator","floor":44,"gold_loss":0,"cards_obtained":["Footwork"]},{"damage_healed":0,"gold_gain":0,"player_choice":"Fight","damage_taken":0,"max_hp_gain":0,"max_hp_loss":0,"event_name":"OrinTheCat","floor":45,"gold_loss":0}],"is_beta":false,"boss_relics":[{"not_picked":["Runic Pyramid","Bromod:ArcaneBarrier"],"picked":"WristBlade"},{"not_picked":["Empty Cage","HoveringKite"],"picked":"Bromod:ArcaneEnergize"}],"items_purged_floors":[20,36],"is_endless":false,"potions_floor_spawned":[7,13,14,16,22,31,38,48],"ascension_level":15}}