{"host":"mm0v83pkg2fvsdgl","time":1609023818,"event":{"mods":["2.2 Compatiblity","Alarm Clock","AlwaysNeverKeys","BaseMod","Beaked The Cultist","Bestiary","Better Altar","Better Match","Better Note","Better Sensory Stone","Better Silent Start","Better Third Choice","Clawfect","Displayed Cursed Tome","Energized Spire","Friendly Minions","Highlight Path","Ironclad Rager","Keyboard Shortcuts","Lotus Mark","Marisa????????","Marked Mod","Mimic Mod","Minty Spire (QoL Compilation)","Permanent Neow","Railgun Mod","Remove Card Discount Mod","Shade Mod","Somnambulant","Spicy Shops","StSLib","Swap Starting Deck Mod","The Construct","The Disciple","The Dragon Tamer","The Hierophant","TheHeartMod","TheVacant","Transform Curses","Unceasing Turn Reminder","Wandering Minibosses"],"gold_per_floor":[126,207,222,307,334,364,364,364,415,415,442,493,556,60,60,60,60],"floor_reached":16,"playtime":1262,"items_purged":["Parity","Cuckoo","Parity","BiteCommand"],"score":104,"play_id":"84f513a4-e65e-43a7-ad51-457edd6335ca","local_time":"20201226180338","daily_mods":["SealedDeck","Uncertain Future","Binary"],"is_ascension_mode":false,"campfire_choices":[{"data":"PrimeTime","floor":7,"key":"SMITH"},{"data":"PrimeTime","floor":10,"key":"SMITH"},{"data":"LockedMawBank","floor":15,"key":"SMITH"}],"circlet_count":0,"master_deck":["HandsUpB","AlternateTimeline","PrimeTime+1","Keepsakes","PrimeTime+1","PrimeTime","LockedMawBank+1","ExoVibe","ExoVibe","Keepsakes","LockedBlood","Backlash","LockedBlood","ExoVibe","WatchCommand","LockedMawBank","LockedBlood"],"relics":["Chronometer","PreservedInsect","Strawberry","Tiny Chest","HeavySwitch","DollysMirror","MealTicket","Omamori"],"acts_visited":["Exordium"],"potions_floor_usage":[12],"damage_taken":[{"damage":0,"enemies":"Cultist","floor":1,"turns":3},{"damage":0,"enemies":"Small Slimes","floor":2,"turns":5},{"damage":0,"enemies":"2 Louse","floor":3,"turns":2},{"damage":14,"enemies":"Large Slime","floor":4,"turns":7},{"damage":40,"enemies":"Gremlin Gang","floor":5,"turns":7},{"damage":5,"enemies":"Lagavulin","floor":6,"turns":9},{"damage":0,"enemies":"2 Fungi Beasts","floor":9,"turns":5},{"damage":0,"enemies":"2 Fungi Beasts","floor":11,"turns":2},{"damage":5,"enemies":"Gremlin Nob","floor":12,"turns":3},{"damage":17,"enemies":"Exordium Thugs","floor":13,"turns":6},{"damage":26,"enemies":"Slime Boss","floor":16,"turns":3}],"seed_played":"5451747836825439005","potions_obtained":[{"floor":3,"key":"Energy Potion"},{"floor":4,"key":"WardPotion"},{"floor":5,"key":"Energy Potion"},{"floor":11,"key":"PowerPotion"},{"floor":13,"key":"FearPotion"}],"is_trial":false,"path_per_floor":["M","M","M","M","M","E","R","?","MIM","R","M","?","M","$","R","B"],"character_chosen":"CHRONO_CLASS","items_purchased":["LockedMawBank","DollysMirror","MealTicket","Omamori"],"campfire_rested":0,"item_purchase_floors":[14,14,14,14],"current_hp_per_floor":[65,65,65,51,11,12,12,19,23,23,23,20,15,15,15,0,0],"gold":60,"neow_bonus":"","is_daily":true,"chose_seed":false,"campfire_upgraded":3,"win_rate":0.0,"timestamp":1609023818,"path_taken":["M","M","M","M","?","E","R","?","MIM","R","M","?","M","$","R","BOSS"],"items_purchased_type":["Card","Relic","Relic","Relic"],"build_version":"2020-12-22","purchased_purges":4,"victory":false,"max_hp_per_floor":[65,65,65,65,65,65,65,72,72,72,72,72,72,72,72,72,72],"card_choices":[{"not_picked":["LockedTurtyl"],"picked":"Parity","floor":1},{"not_picked":["LockedMercury"],"picked":"ExoVibe","floor":2},{"not_picked":["Tempo"],"picked":"Keepsakes","floor":3},{"not_picked":["LockedMedicine"],"picked":"BiteCommand","floor":4},{"not_picked":["BiteCommand"],"picked":"LockedBlood","floor":5},{"not_picked":["LockedMedicine"],"picked":"Backlash","floor":6},{"not_picked":["Cuckoo"],"picked":"LockedBlood","floor":9},{"not_picked":["Recurrance","ResonantCall"],"picked":"SKIP","floor":11},{"not_picked":["HandsUpC"],"picked":"ExoVibe","floor":12},{"not_picked":["Tempo"],"picked":"WatchCommand","floor":13}],"player_experience":644548,"relics_obtained":[{"floor":6,"key":"PreservedInsect"},{"floor":9,"key":"Tiny Chest"}],"event_choices":[{"damage_healed":0,"gold_gain":0,"player_choice":"Gave Potion","damage_taken":0,"relics_obtained":["Strawberry"],"max_hp_gain":0,"max_hp_loss":0,"event_name":"WeMeetAgain","floor":8,"gold_loss":0},{"damage_healed":0,"gold_gain":30,"player_choice":"Searched \u00273\u0027 times","damage_taken":0,"relics_obtained":["HeavySwitch"],"max_hp_gain":0,"max_hp_loss":0,"event_name":"Dead Adventurer","floor":12,"gold_loss":0}],"is_beta":false,"boss_relics":[],"items_purged_floors":[14,14,14,14],"is_endless":false,"potions_floor_spawned":[3,4,5,11,13],"killed_by":"Slime Boss","ascension_level":0}}