{"host":"ovxa65d68iy9l57e","time":1609012874,"event":{"mods":["AchievementEnabler","BaseMod","Better Altar","Better Skull","Better Vampires","Colored Map","Curses Come First","Minty Spire (QoL Compilation)","Relic Stats","StSLib","The Alterego"],"gold_per_floor":[115,127,142,159,172,203,213,213,259,259,277,306,306,306,306,409,409,422,442,461,222,222,551,551,576,576,196,196,196],"floor_reached":28,"playtime":2522,"items_purged":["Strike_G","Strike_G"],"score":322,"play_id":"2bb4793c-fafa-40c1-94a0-ee8b3cae7cf6","local_time":"20201226210114","is_ascension_mode":true,"campfire_choices":[{"floor":8,"key":"REST"},{"data":"Dagger Spray","floor":10,"key":"SMITH"},{"floor":15,"key":"REST"},{"floor":24,"key":"REST"}],"circlet_count":0,"master_deck":["Strike_G","Strike_G","Defend_G+1","Defend_G","Defend_G+1","Defend_G","Defend_G","Survivor","Neutralize","Dagger Throw","Outmaneuver","Dagger Spray+1","Sucker Punch","Blur","Venomology","All Out Attack","Well Laid Plans","Backflip","Bouncing Flask","Slice","Bouncing Flask","Sucker Punch","Deadly Poison","Underhanded Strike","Doppelganger","Blade Dance","Acrobatics+1","PiercingWail","Terror","Footwork","Wraith Form v2","Blade Dance","Adrenaline","Dash","Infinite Blades"],"relics":["Black Star","War Paint","Calipers","Bronze Scales","Darkstone Periapt","Bag of Marbles","WristBlade","alterego_mod:SomeoneToFightFor","Blood Vial","Old Coin","Pear","Du-Vu Doll","Meat on the Bone"],"acts_visited":["Exordium","TheCity"],"potions_floor_usage":[5,6,11,11,12,12,16,18,20,20,28],"damage_taken":[{"damage":6,"enemies":"Jaw Worm","floor":1,"turns":7},{"damage":0,"enemies":"2 Louse","floor":2,"turns":2},{"damage":3,"enemies":"Cultist","floor":3,"turns":4},{"damage":19,"enemies":"Large Slime","floor":4,"turns":7},{"damage":8,"enemies":"Red Slaver","floor":5,"turns":6},{"damage":31,"enemies":"Lagavulin","floor":6,"turns":11},{"damage":0,"enemies":"2 Fungi Beasts","floor":7,"turns":4},{"damage":0,"enemies":"Exordium Wildlife","floor":11,"turns":3},{"damage":9,"enemies":"3 Sentries","floor":12,"turns":5},{"damage":17,"enemies":"Slime Boss","floor":16,"turns":11},{"damage":5,"enemies":"3 Byrds","floor":18,"turns":3},{"damage":0,"enemies":"Chosen","floor":19,"turns":5},{"damage":22,"enemies":"3 Cultists","floor":20,"turns":5},{"damage":34,"enemies":"Book of Stabbing","floor":23,"turns":6},{"damage":22,"enemies":"Slavers","floor":25,"turns":6},{"damage":29,"enemies":"Shelled Parasite and Fungi","floor":28,"turns":3}],"seed_played":"-761973508999054421","potions_obtained":[{"floor":2,"key":"LiquidMemories"},{"floor":5,"key":"ColorlessPotion"},{"floor":7,"key":"CunningPotion"},{"floor":16,"key":"CunningPotion"},{"floor":19,"key":"ColorlessPotion"},{"floor":25,"key":"Strength Potion"}],"is_trial":false,"path_per_floor":["M","M","M","M","M","E","M","R","T","R","M","E","?","?","R","B",null,"M","M","M","$","?","E","R","E","T","$","M"],"character_chosen":"THE_SILENT","items_purchased":["PiercingWail","Terror","Footwork","Adrenaline","Dash","Infinite Blades"],"campfire_rested":3,"item_purchase_floors":[21,21,21,27,27,27],"current_hp_per_floor":[64,64,61,42,34,3,3,24,24,24,24,15,15,15,36,19,70,65,65,43,43,43,16,37,27,27,27,0,0],"gold":196,"neow_bonus":"BOSS_RELIC","is_daily":false,"chose_seed":false,"campfire_upgraded":1,"win_rate":0.0,"timestamp":1609012874,"path_taken":["M","M","M","M","M","E","M","R","T","R","M","E","?","?","R","BOSS","M","M","M","$","?","E","R","E","T","$","M"],"items_purchased_type":["Card","Card","Card","Card","Card","Card"],"build_version":"2020-12-22","purchased_purges":2,"victory":false,"max_hp_per_floor":[70,70,70,70,70,70,70,70,70,70,70,70,70,70,70,70,70,70,70,70,70,70,70,70,80,80,80,80,80],"relic_stats":{"Darkstone Periapt":0,"Blood Vial":4,"counters":[16,88],"Bronze Scales":[152],"Black Star":4,"War Paint":["Defend_G","Defend_G"],"obtain_stats":[{"Darkstone Periapt":12,"Calipers":6,"Pear":25,"War Paint":6,"alterego_mod:SomeoneToFightFor":22,"Old Coin":23,"Blood Vial":23,"Du-Vu Doll":25,"WristBlade":17,"Bronze Scales":9,"Black Star":0,"Bag of Marbles":12,"Ring of the Snake":0,"Meat on the Bone":26},{"Darkstone Periapt":9,"Calipers":6,"Pear":15,"War Paint":6,"alterego_mod:SomeoneToFightFor":13,"Old Coin":14,"Blood Vial":14,"Du-Vu Doll":15,"WristBlade":10,"Bronze Scales":7,"Black Star":0,"Bag of Marbles":9,"Ring of the Snake":0,"Meat on the Bone":15},{"Darkstone Periapt":49,"Calipers":37,"Pear":85,"War Paint":37,"alterego_mod:SomeoneToFightFor":73,"Old Coin":79,"Blood Vial":79,"Du-Vu Doll":85,"WristBlade":60,"Bronze Scales":41,"Black Star":0,"Bag of Marbles":49,"Ring of the Snake":0,"Meat on the Bone":85}],"Meat on the Bone":0},"card_choices":[{"not_picked":["Sucker Punch","Flying Knee"],"picked":"Dagger Throw","floor":1},{"not_picked":["Poisoned Stab","Dodge and Roll"],"picked":"Outmaneuver","floor":2},{"not_picked":["Cloak And Dagger","Predator"],"picked":"Dagger Spray","floor":3},{"not_picked":["Distraction","Poisoned Stab"],"picked":"Sucker Punch","floor":4},{"not_picked":["Bane","Dagger Spray"],"picked":"Blur","floor":5},{"not_picked":["Blade Dance","Crippling Poison"],"picked":"Venomology","floor":6},{"not_picked":["Blade Dance","Dagger Throw"],"picked":"All Out Attack","floor":7},{"not_picked":["All Out Attack","Bouncing Flask"],"picked":"Well Laid Plans","floor":11},{"not_picked":["Cloak And Dagger","Deflect"],"picked":"Backflip","floor":12},{"not_picked":["After Image","Unload"],"picked":"Doppelganger","floor":16},{"not_picked":["Distraction","Blur+1"],"picked":"Blade Dance","floor":18},{"not_picked":["Underhanded Strike","Dagger Spray","Flying Knee"],"picked":"SKIP","floor":19},{"not_picked":["Poisoned Stab","PiercingWail"],"picked":"Acrobatics+1","floor":20},{"not_picked":["Sucker Punch","Slice"],"picked":"Wraith Form v2","floor":23},{"not_picked":["Underhanded Strike","Dagger Throw"],"picked":"Blade Dance","floor":25}],"player_experience":228906,"relics_obtained":[{"floor":6,"key":"War Paint"},{"floor":6,"key":"Calipers"},{"floor":9,"key":"Bronze Scales"},{"floor":12,"key":"Darkstone Periapt"},{"floor":12,"key":"Bag of Marbles"},{"floor":23,"key":"Blood Vial"},{"floor":23,"key":"Old Coin"},{"floor":25,"key":"Pear"},{"floor":25,"key":"Du-Vu Doll"},{"floor":26,"key":"Meat on the Bone"}],"event_choices":[{"damage_healed":0,"gold_gain":0,"cards_transformed":["Strike_G"],"player_choice":"Transformed","damage_taken":0,"max_hp_gain":0,"max_hp_loss":0,"event_name":"Transmorgrifier","floor":14,"gold_loss":0,"cards_obtained":["Underhanded Strike"]},{"damage_healed":0,"gold_gain":0,"player_choice":"Choice 2","damage_taken":0,"relics_obtained":["alterego_mod:SomeoneToFightFor"],"max_hp_gain":0,"max_hp_loss":0,"event_name":"Secret Garden","floor":22,"gold_loss":0}],"is_beta":false,"boss_relics":[{"not_picked":["Empty Cage","Pandora\u0027s Box"],"picked":"WristBlade"}],"items_purged_floors":[21,27],"is_endless":false,"potions_floor_spawned":[2,5,7,16,19,25],"killed_by":"Shelled Parasite and Fungi","ascension_level":2}}