{"host":"nnxvcju6x1qybncj","time":1609008230,"event":{"mods":["BaseMod","Displayed Cursed Tome","Downfall","Jorbs\u0027s Wanderer Trilogy","Minty Spire (QoL Compilation)","Quick Restart","StSLib","The Construct","The Cursed","The Disciple","The Hierophant","The Judge","The Necromancer","The Spell Scribe","TheFirefly"],"gold_per_floor":[99,116,116,216,234,234,234,252,269,269,299,318,307,307,319,319,319],"floor_reached":16,"playtime":822,"items_purged":[],"score":129,"play_id":"0f69b408-2464-4b48-a2a2-b164c9d0fb60","local_time":"20201226194350","is_ascension_mode":false,"campfire_choices":[{"data":"sneckomod:Unknown","floor":1,"key":"SMITH"},{"floor":6,"key":"REST"},{"data":"1","floor":10,"key":"LIFT"}],"circlet_count":0,"master_deck":["sneckomod:Strike","sneckomod:Strike","sneckomod:Strike","sneckomod:Defend","sneckomod:Defend","sneckomod:Defend","sneckomod:TailWhip","sneckomod:SnekBite","sneckomod:Unknown+1","sneckomod:Unknown","sneckomod:UnknownClassSCRIBE_BLUE","sneckomod:DiceCrush","sneckomod:UnknownCommonAttack","sneckomod:UnlimitedRolls","sneckomod:Mudshield","sneckomod:UnknownVulnerable","sneckomod:Nope","sneckomod:SerpentMind"],"relics":["sneckomod:SneckoSoul","Pear","Girya","Strawberry"],"acts_visited":["Exordium"],"potions_floor_usage":[15,15,16],"damage_taken":[{"damage":8,"enemies":"Jaw Worm","floor":2,"turns":3},{"damage":0,"enemies":"Small Slimes","floor":5,"turns":2},{"damage":0,"enemies":"Cultist","floor":8,"turns":4},{"damage":0,"enemies":"Large Slime","floor":9,"turns":4},{"damage":21,"enemies":"Lagavulin","floor":11,"turns":5},{"damage":14,"enemies":"Blue Slaver","floor":12,"turns":4},{"damage":36,"enemies":"Gremlin Gang","floor":13,"turns":4},{"damage":19,"enemies":"3 Louse","floor":15,"turns":3},{"damage":36,"enemies":"downfall:Silent","floor":16,"turns":6}],"seed_played":"-2179902823765667512","potions_obtained":[{"floor":11,"key":"construct:ShiftPotion"},{"floor":12,"key":"Strength Potion"},{"floor":13,"key":"champ:CounterPotion"}],"is_trial":false,"path_per_floor":["R","M","?","?","M","R","T","M","M","R","E","M","M","?","M","B"],"character_chosen":"THE_SNECKO","items_purchased":[],"campfire_rested":1,"item_purchase_floors":[],"current_hp_per_floor":[99,92,77,77,77,110,110,111,111,111,97,84,48,48,32,0,0],"gold":319,"neow_bonus":"TEN_PERCENT_HP_BONUS","is_daily":false,"chose_seed":false,"campfire_upgraded":1,"win_rate":0.0,"timestamp":1609008230,"path_taken":["R","M","?","?","M","R","T","M","M","R","E","M","M","?","M","BOSS"],"items_purchased_type":[],"build_version":"2020-12-22","purchased_purges":0,"victory":false,"max_hp_per_floor":[99,100,110,110,110,110,110,111,111,111,118,119,119,119,119,119,119],"card_choices":[{"not_picked":["sneckomod:QuickMove","sneckomod:UnknownCommonAttack"],"picked":"sneckomod:UnknownClassSCRIBE_BLUE","floor":2},{"not_picked":["sneckomod:IronFang","sneckomod:UnknownVulnerable"],"picked":"sneckomod:DiceCrush","floor":5},{"not_picked":["sneckomod:SoulCleanse","sneckomod:UnknownVulnerable"],"picked":"sneckomod:UnknownCommonAttack","floor":8},{"not_picked":["sneckomod:DiceBlock","sneckomod:SoulRoll"],"picked":"sneckomod:UnlimitedRolls","floor":9},{"not_picked":["sneckomod:UnknownBlock","sneckomod:Unknown1Cost"],"picked":"sneckomod:Mudshield","floor":11},{"not_picked":["sneckomod:RainOfDice","sneckomod:UnknownCommonAttack"],"picked":"sneckomod:UnknownVulnerable","floor":12},{"not_picked":["sneckomod:IronFang","sneckomod:QuickBite"],"picked":"sneckomod:Nope","floor":13},{"not_picked":["sneckomod:SoulCleanse","sneckomod:Unknown1Cost"],"picked":"sneckomod:SerpentMind","floor":15}],"player_experience":736157,"relics_obtained":[{"floor":7,"key":"Girya"},{"floor":11,"key":"Strawberry"}],"event_choices":[{"damage_healed":0,"gold_gain":0,"player_choice":"Success","damage_taken":25,"relics_obtained":["Pear"],"max_hp_gain":0,"max_hp_loss":0,"event_name":"Scrap Ooze","floor":3,"gold_loss":0}],"is_beta":false,"boss_relics":[],"items_purged_floors":[],"is_endless":false,"potions_floor_spawned":[11,12,13],"killed_by":"downfall:Silent","ascension_level":0}}