{"host":"851hhqouejqwzba1","time":1609008140,"event":{"mods":["BaseMod","Minty Spire (QoL Compilation)","Permanent Neow","Shop Mod","StSLib","óô»ðÖ¸ÄÏ"],"gold_per_floor":[109,34,34,34,53,88,88,120,120,120,153,165,183,196,196,299,299,318,318,302,320,220,10,45,45,45,62,79,112,112,122,122,219,219,238,288,641,21,41,75,88,121,121,154,164,164,29,43,43,43],"floor_reached":51,"playtime":5314,"items_purged":["Strike_G","Defend_G","Defend_G"],"score":1185,"play_id":"27967526-50db-4c8a-81d8-1ad3af2d0065","local_time":"20201227024220","is_ascension_mode":true,"campfire_choices":[{"data":"Backflip","floor":7.0,"key":"SMITH"},{"floor":10.0,"key":"REST"},{"data":"Blade Dance","floor":15.0,"key":"SMITH"},{"data":"Venomology","floor":25.0,"key":"SMITH"},{"floor":32.0,"key":"REST"},{"data":"Burst","floor":46.0,"key":"SMITH"},{"data":"Tactician","floor":49.0,"key":"SMITH"}],"circlet_count":0,"master_deck":["Strike_G+1","Defend_G","Defend_G+1","Defend_G","Survivor","Neutralize+1","Infinite Blades+1","Bouncing Flask+1","Cloak And Dagger+1","Blade Dance+1","Backflip+1","Infinite Blades","Sucker Punch+1","Footwork+1","Tools of the Trade+1","Reflex","Tactician+1","Well Laid Plans+1","Venomology+1","Backstab+1","Accuracy+1","Blur","After Image+1","CurseOfTheBell","Outmaneuver","Prepared+1","Burst+1","Chrysalis"],"relics":["Astrolabe","Gambling Chip","Happy Flower","Frozen Egg 2","Orichalcum","SacredBark","Potion Belt","Whetstone","Ginger","Anchor","Enchiridion","Calling Bell","Strawberry","The Courier","FossilizedHelix","Thread and Needle","Old Coin","Membership Card","Ancient Tea Set","White Beast Statue","Omamori","Toy Ornithopter","Oddly Smooth Stone","Pantograph","Matryoshka","Akabeko","Centennial Puzzle","Molten Egg 2","Vajra","Nunchaku"],"acts_visited":["Exordium","TheCity","TheBeyond"],"potions_floor_usage":[50,50,50,50,50],"damage_taken":[{"damage":1.0,"enemies":"Jaw Worm","floor":1.0,"turns":4.0},{"damage":0.0,"enemies":"2 Louse","floor":5.0,"turns":4.0},{"damage":17.0,"enemies":"Gremlin Nob","floor":6.0,"turns":5.0},{"damage":12.0,"enemies":"Lagavulin","floor":8.0,"turns":6.0},{"damage":26.0,"enemies":"Gremlin Nob","floor":11.0,"turns":4.0},{"damage":0.0,"enemies":"Cultist","floor":12.0,"turns":3.0},{"damage":2.0,"enemies":"Looter","floor":13.0,"turns":3.0},{"damage":0.0,"enemies":"Large Slime","floor":14.0,"turns":4.0},{"damage":3.0,"enemies":"The Guardian","floor":16.0,"turns":8.0},{"damage":0.0,"enemies":"Spheric Guardian","floor":18.0,"turns":4.0},{"damage":3.0,"enemies":"2 Thieves","floor":20.0,"turns":4.0},{"damage":2.0,"enemies":"Cultist and Chosen","floor":21.0,"turns":6.0},{"damage":0.0,"enemies":"Book of Stabbing","floor":24.0,"turns":6.0},{"damage":7.0,"enemies":"Shelled Parasite and Fungi","floor":27.0,"turns":7.0},{"damage":15.0,"enemies":"Sentry and Sphere","floor":28.0,"turns":6.0},{"damage":0.0,"enemies":"Gremlin Leader","floor":29.0,"turns":5.0},{"damage":0.0,"enemies":"Snake Plant","floor":31.0,"turns":2.0},{"damage":7.0,"enemies":"Collector","floor":33.0,"turns":6.0},{"damage":0.0,"enemies":"Orb Walker","floor":35.0,"turns":4.0},{"damage":0.0,"enemies":"Mind Bloom Boss Battle","floor":36.0,"turns":6.0},{"damage":0.0,"enemies":"2 Orb Walkers","floor":37.0,"turns":6.0},{"damage":0.0,"enemies":"3 Darklings","floor":39.0,"turns":4.0},{"damage":0.0,"enemies":"Nemesis","floor":40.0,"turns":7.0},{"damage":13.0,"enemies":"Writhing Mass","floor":41.0,"turns":5.0},{"damage":9.0,"enemies":"Reptomancer","floor":42.0,"turns":7.0},{"damage":5.0,"enemies":"Nemesis","floor":44.0,"turns":9.0},{"damage":0.0,"enemies":"4 Shapes","floor":45.0,"turns":4.0},{"damage":0.0,"enemies":"Jaw Worm Horde","floor":48.0,"turns":4.0},{"damage":20,"enemies":"Time Eater","floor":50,"turns":11}],"seed_played":"-305288551749607176","potions_obtained":[{"floor":8.0,"key":"Energy Potion"},{"floor":11.0,"key":"Block Potion"},{"floor":12.0,"key":"GhostInAJar"},{"floor":13.0,"key":"Swift Potion"},{"floor":16.0,"key":"Energy Potion"},{"floor":18.0,"key":"Swift Potion"},{"floor":21.0,"key":"Swift Potion"},{"floor":29.0,"key":"Fire Potion"},{"floor":31.0,"key":"Fire Potion"},{"floor":37.0,"key":"Poison Potion"},{"floor":39.0,"key":"Swift Potion"},{"floor":40.0,"key":"SteroidPotion"},{"floor":41.0,"key":"BlessingOfTheForge"},{"floor":42.0,"key":"Block Potion"},{"floor":44.0,"key":"SkillPotion"},{"floor":45.0,"key":"LiquidBronze"},{"floor":48.0,"key":"CunningPotion"}],"is_trial":false,"path_per_floor":["M","$","?","$","M","E","R","E","T","R","E","M","M","M","R","B",null,"M","?","M","M","$","R","E","R","T","M","M","E","?","M","R","B",null,"M","?","?","$","M","E","M","E","T","E","M","R","$","M","R","B",null],"character_chosen":"THE_SILENT","items_purchased":["Well Laid Plans+1","Potion Belt","Membership Card","Ancient Tea Set","White Beast Statue","Omamori","Toy Ornithopter","Oddly Smooth Stone","Pantograph","Nunchaku","Chrysalis"],"campfire_rested":2,"item_purchase_floors":[23,23,38,38,38,38,38,38,38,47,47],"current_hp_per_floor":[62,62,48,48,48,31,31,19,19,40,14,14,12,12,12,9,55,55,55,52,50,50,50,50,50,50,43,28,28,12,12,33,26,66,66,66,66,66,76,77,64,65,65,65,75,75,75,77,77,62],"gold":43,"neow_bonus":"BOSS_RELIC","is_daily":false,"chose_seed":false,"campfire_upgraded":5,"win_rate":0.0,"timestamp":1609008140,"path_taken":["M","$","?","$","M","E","R","E","T","R","E","M","M","M","R","BOSS","M","?","M","M","$","R","E","R","T","?","M","E","?","M","R","BOSS","M","?","?","$","M","E","M","E","T","E","M","R","$","M","R","BOSS"],"items_purchased_type":["Card","Relic","Relic","Relic","Relic","Relic","Relic","Relic","Relic","Relic","Card"],"build_version":"2020-12-22","purchased_purges":3,"victory":true,"max_hp_per_floor":[70,70,70,70,70,70,70,70,70,70,70,70,70,70,70,70,70,70,70,70,70,70,70,70,70,70,70,70,70,70,70,70,70,77,77,77,77,77,77,77,77,77,77,77,77,77,77,77,77,77],"card_choices":[{"not_picked":["Deadly Poison","Dagger Throw","Bouncing Flask"],"picked":"SKIP","floor":1.0},{"not_picked":["Dagger Spray","Bane"],"picked":"Blade Dance","floor":5.0},{"not_picked":["Distraction","Underhanded Strike"],"picked":"Backflip","floor":6.0},{"not_picked":["Choke","Poisoned Stab"],"picked":"Infinite Blades","floor":8.0},{"not_picked":["Endless Agony","Poisoned Stab","Glass Knife"],"picked":"SKIP","floor":11.0},{"not_picked":["Skewer","Catalyst"],"picked":"Sucker Punch","floor":12.0},{"not_picked":["Dagger Throw","Dodge and Roll","Endless Agony"],"picked":"SKIP","floor":13.0},{"not_picked":["Infinite Blades+1","Noxious Fumes+1"],"picked":"Footwork+1","floor":14.0},{"not_picked":["Bullet Time","Glass Knife"],"picked":"Tools of the Trade+1","floor":16.0},{"not_picked":["Dagger Spray","Outmaneuver"],"picked":"Reflex","floor":18.0},{"not_picked":["Concentrate","Dash+1"],"picked":"Tactician","floor":20.0},{"not_picked":["Underhanded Strike","Bane","Poisoned Stab"],"picked":"SKIP","floor":21.0},{"not_picked":["Flying Knee","Dagger Throw+1"],"picked":"Venomology","floor":24.0},{"not_picked":["Cloak And Dagger","Choke"],"picked":"Backstab+1","floor":27.0},{"not_picked":["Quick Slash+1","Deflect"],"picked":"Accuracy+1","floor":28.0},{"not_picked":["Die Die Die","Noxious Fumes+1","Escape Plan"],"picked":"SKIP","floor":29.0},{"not_picked":["Dagger Spray","Eviscerate+1"],"picked":"Blur","floor":31.0},{"not_picked":["Malaise","Glass Knife"],"picked":"After Image+1","floor":33.0},{"not_picked":["Terror+1","Riddle With Holes+1","Cloak And Dagger+1"],"picked":"SKIP","floor":35.0},{"not_picked":["Dagger Spray","Quick Slash"],"picked":"Outmaneuver","floor":36.0},{"not_picked":["Acrobatics","Predator+1"],"picked":"Prepared+1","floor":37.0},{"not_picked":["Heel Hook","Bouncing Flask","Eviscerate+1"],"picked":"SKIP","floor":39.0},{"not_picked":["Poisoned Stab+1","Envenom+1"],"picked":"Burst","floor":40.0},{"not_picked":["All Out Attack","Poisoned Stab+1","Bane+1"],"picked":"SKIP","floor":41.0},{"not_picked":["Predator+1","Well Laid Plans+1","Flying Knee"],"picked":"SKIP","floor":42.0},{"not_picked":["Flying Knee+1","Dagger Throw+1","Bouncing Flask"],"picked":"SKIP","floor":44.0},{"not_picked":["Well Laid Plans+1","Noxious Fumes+1","Backstab+1"],"picked":"SKIP","floor":45.0},{"not_picked":["Dagger Spray+1","Backflip+1","Endless Agony+1"],"picked":"SKIP","floor":48.0}],"player_experience":351694,"relics_obtained":[{"floor":6.0,"key":"Gambling Chip"},{"floor":8.0,"key":"Happy Flower"},{"floor":9.0,"key":"Frozen Egg 2"},{"floor":11.0,"key":"Orichalcum"},{"floor":24.0,"key":"Whetstone"},{"floor":26.0,"key":"Ginger"},{"floor":29.0,"key":"Anchor"},{"floor":30.0,"key":"Enchiridion"},{"floor":34.0,"key":"Strawberry"},{"floor":34.0,"key":"The Courier"},{"floor":34.0,"key":"FossilizedHelix"},{"floor":36.0,"key":"Thread and Needle"},{"floor":37.0,"key":"Old Coin"},{"floor":40.0,"key":"Matryoshka"},{"floor":42.0,"key":"Akabeko"},{"floor":43.0,"key":"Centennial Puzzle"},{"floor":43.0,"key":"Molten Egg 2"},{"floor":44.0,"key":"Vajra"}],"event_choices":[{"damage_healed":0.0,"max_hp_gain":0.0,"max_hp_loss":0.0,"gold_gain":0.0,"event_name":"Shining Light","player_choice":"Entered Light","floor":3.0,"gold_loss":0.0,"damage_taken":14.0,"cards_upgraded":["Defend_G","Strike_G"]},{"damage_healed":0.0,"max_hp_gain":0.0,"max_hp_loss":0.0,"gold_gain":0.0,"event_name":"Lab","player_choice":"Got Potions","floor":19.0,"gold_loss":0.0,"damage_taken":0.0},{"damage_healed":0.0,"max_hp_gain":0.0,"max_hp_loss":0.0,"gold_gain":0.0,"event_name":"Cursed Tome","player_choice":"Obtained Book","floor":30.0,"gold_loss":0.0,"damage_taken":16.0},{"damage_healed":0.0,"max_hp_gain":0.0,"max_hp_loss":0.0,"gold_gain":0.0,"event_name":"MindBloom","player_choice":"Fight","floor":36.0,"gold_loss":0.0,"damage_taken":0.0},{"damage_healed":0.0,"max_hp_gain":0.0,"max_hp_loss":0.0,"gold_gain":0.0,"event_name":"Mysterious Sphere","player_choice":"Fight","floor":37.0,"gold_loss":0.0,"damage_taken":0.0}],"is_beta":false,"boss_relics":[{"not_picked":["Coffee Dripper","Runic Dome"],"picked":"SacredBark"},{"not_picked":["Tiny House","Snecko Eye"],"picked":"Calling Bell"}],"items_purged_floors":[2,22,38],"is_endless":false,"potions_floor_spawned":[8,11,12,13,16,18,21,29,31,37,39,40,41,42,44,45,48],"ascension_level":7}}