{"host":"ya062ahhhuj9au1o","time":1609007186,"event":{"mods":["BaseMod","Better Third Choice","Filter the Spire","Hermit","Minty Spire (QoL Compilation)","Random Character Button","Robot Space Explorer","Somnambulant","StSLib","The Bug Knight","The Cursed","The Servant 0.9.4"],"gold_per_floor":[110,110,60,76,76,76,95,95,95,20,20,31,131,151,151,252,252,268,99,99,99],"floor_reached":20,"playtime":889,"items_purged":["somnambulantmod: Defend_Somnambulant","somnambulantmod: Defend_Somnambulant"],"score":235,"play_id":"fcf2bcf2-7e5e-4a3a-8ba6-f09c4acf3286","local_time":"20201226132626","is_ascension_mode":true,"campfire_choices":[{"data":"somnambulantmod: QuickNap","floor":6.0,"key":"SMITH"},{"data":"somnambulantmod: LoseForm","floor":8.0,"key":"SMITH"},{"data":"somnambulantmod: PrimingPunch","floor":11.0,"key":"SMITH"},{"data":"somnambulantmod: Repression","floor":15.0,"key":"SMITH"}],"circlet_count":0,"master_deck":["somnambulantmod: SomnambulantStrike+1","somnambulantmod: SomnambulantStrike","somnambulantmod: SomnambulantStrike","somnambulantmod: SomnambulantStrike","somnambulantmod: SomnambulantStrike","somnambulantmod: Defend_Somnambulant","somnambulantmod: Defend_Somnambulant+1","somnambulantmod: QuickNap+1","somnambulantmod: PrimingPunch+1","somnambulantmod: HorrificThought","somnambulantmod: Repression+1","somnambulantmod: LoseForm+1","somnambulantmod: LightSleeper","somnambulantmod: Stumble","somnambulantmod: Amnausea","somnambulantmod: ImpenetrableMind"],"relics":["somnambulantmod: DreamJournal","Lizard Tail","Shuriken","Runic Pyramid"],"acts_visited":["Exordium","TheCity"],"potions_floor_usage":[18],"damage_taken":[{"damage":2.0,"enemies":"Small Slimes","floor":1.0,"turns":4.0},{"damage":6.0,"enemies":"2 Louse","floor":4.0,"turns":3.0},{"damage":0.0,"enemies":"Cultist","floor":7.0,"turns":3.0},{"damage":11.0,"enemies":"Looter","floor":12.0,"turns":3.0},{"damage":41.0,"enemies":"Exordium Thugs","floor":14.0,"turns":5.0},{"damage":26.0,"enemies":"Hexaghost","floor":16.0,"turns":6.0},{"damage":31,"enemies":"2 Thieves","floor":18,"turns":4},{"damage":21,"enemies":"3 Cultists","floor":20,"turns":4}],"seed_played":"-309720683602546037","potions_obtained":[{"floor":4.0,"key":"GamblersBrew"},{"floor":16.0,"key":"Regen Potion"}],"is_trial":false,"path_per_floor":["M","?","?","M","?","R","M","R","T","$","R","M","?","M","R","B",null,"M","$","M"],"character_chosen":"THE_SOMNAMBULANT","items_purchased":["somnambulantmod: ImpenetrableMind"],"campfire_rested":0,"item_purchase_floors":[19],"current_hp_per_floor":[61,66,66,60,46,46,46,46,46,46,46,35,35,34,34,8,53,36,36,15,15],"gold":99,"neow_bonus":"ONE_RARE_RELIC","is_daily":false,"chose_seed":false,"campfire_upgraded":4,"win_rate":0.0,"timestamp":1609007186,"path_taken":["M","?","?","M","?","R","M","R","T","$","R","M","?","?","R","BOSS","M","$","M"],"items_purchased_type":["Card"],"build_version":"2020-12-22","purchased_purges":2,"victory":false,"max_hp_per_floor":[63,68,68,68,68,68,68,68,68,68,68,68,68,68,68,68,68,68,68,68,68],"card_choices":[{"not_picked":["somnambulantmod: BadIdea","somnambulantmod: Overshare"],"picked":"somnambulantmod: HorrificThought","floor":1.0},{"not_picked":["somnambulantmod: MindWave","somnambulantmod: Unmake"],"picked":"somnambulantmod: Repression","floor":4.0},{"not_picked":["somnambulantmod: Nosebleed","somnambulantmod: InLimbo"],"picked":"somnambulantmod: LoseForm","floor":7.0},{"not_picked":["somnambulantmod: Pinch","somnambulantmod: ShimmeringVeil"],"picked":"somnambulantmod: LightSleeper","floor":12.0},{"not_picked":["somnambulantmod: InLimbo","somnambulantmod: Bruise"],"picked":"somnambulantmod: Stumble","floor":14.0},{"not_picked":["somnambulantmod: Narcolepsy","somnambulantmod: Unburden"],"picked":"somnambulantmod: Amnausea","floor":16.0},{"not_picked":["somnambulantmod: TimeCompression","somnambulantmod: SnuggleUp","somnambulantmod: LeechFears"],"picked":"SKIP","floor":18}],"player_experience":1672752,"relics_obtained":[{"floor":9.0,"key":"Shuriken"}],"event_choices":[{"damage_healed":0.0,"max_hp_gain":5.0,"max_hp_loss":0.0,"gold_gain":0.0,"event_name":"Big Fish","player_choice":"Donut","floor":2.0,"gold_loss":0.0,"damage_taken":0.0},{"cards_removed":["somnambulantmod: Defend_Somnambulant"],"damage_healed":0.0,"max_hp_gain":0.0,"max_hp_loss":0.0,"gold_gain":0.0,"event_name":"The Cleric","player_choice":"Card Removal","floor":3.0,"gold_loss":50.0,"damage_taken":0.0},{"damage_healed":60.0,"max_hp_gain":0.0,"max_hp_loss":68.0,"gold_gain":0.0,"event_name":"betterThird:BetterShining","player_choice":"Upgrade","floor":5.0,"gold_loss":0.0,"damage_taken":14.0,"cards_upgraded":["somnambulantmod: SomnambulantStrike","somnambulantmod: Defend_Somnambulant"]},{"damage_healed":0.0,"max_hp_gain":0.0,"max_hp_loss":0.0,"gold_gain":100.0,"event_name":"Golden Shrine","player_choice":"Pray","floor":13.0,"gold_loss":0.0,"damage_taken":0.0}],"is_beta":false,"boss_relics":[{"not_picked":["somnambulantmod: BrokenTimepiece","Pandora\u0027s Box"],"picked":"Runic Pyramid"}],"items_purged_floors":[10,19],"is_endless":false,"potions_floor_spawned":[4,16],"killed_by":"3 Cultists","ascension_level":9}}