{"host":"7khtwbkyze7y134w","time":1609017016,"event":{"mods":["AchievementEnabler","BaseMod","Bestiary","Colored Map","Colored Powertips","Highlight Path","Minty Spire (QoL Compilation)","Quick Restart","Relic Stats","Slay-I","StSLib","SuperFastMode"],"gold_per_floor":[113,113,127,127,16,41,41,68,68,81,97,124,124,141,141,237,237,249,2,101,119,132,132,158,158,185,205,205,216,141,141,141],"floor_reached":31,"playtime":11565,"items_purged":["Strike_B","Strike_B"],"score":315,"play_id":"adfdbc4f-c9fe-4b5b-9f25-5f17474c6e80","local_time":"20201226211016","is_ascension_mode":true,"campfire_choices":[{"data":"Consume","floor":7,"key":"SMITH"},{"floor":13,"key":"REST"},{"floor":15,"key":"REST"},{"floor":23,"key":"REST"},{"floor":28,"key":"REST"}],"circlet_count":0,"master_deck":["Strike_B+1","Defend_B","Defend_B","Zap","Dualcast","Consume+1","Lockon+1","Loop","Tempest","White Noise","Electrodynamics","CurseOfTheBell","Ball Lightning+1","Static Discharge","Ball Lightning","Necronomicurse","Thunder Strike"],"relics":["Cracked Core","NeowsBlessing","Darkstone Periapt","Whetstone","Pantograph","Potion Belt","Calling Bell","Oddly Smooth Stone","Ornamental Fan","Girya","Toy Ornithopter","Du-Vu Doll","Necronomicon","MealTicket"],"acts_visited":["Exordium","TheCity"],"potions_floor_usage":[6,12,21,22,24,24,27,31],"damage_taken":[{"damage":0,"enemies":"Small Slimes","floor":1,"turns":1},{"damage":0,"enemies":"Jaw Worm","floor":3,"turns":1},{"damage":0,"enemies":"3 Sentries","floor":6,"turns":1},{"damage":26,"enemies":"Lagavulin","floor":8,"turns":5},{"damage":6,"enemies":"Cultist","floor":10,"turns":3},{"damage":8,"enemies":"Red Slaver","floor":11,"turns":2},{"damage":26,"enemies":"Gremlin Nob","floor":12,"turns":4},{"damage":2,"enemies":"2 Fungi Beasts","floor":14,"turns":3},{"damage":48,"enemies":"The Guardian","floor":16,"turns":8},{"damage":14,"enemies":"Chosen","floor":18,"turns":4},{"damage":15,"enemies":"3 Byrds","floor":21,"turns":2},{"damage":17,"enemies":"Snecko","floor":22,"turns":4},{"damage":51,"enemies":"Book of Stabbing","floor":24,"turns":4},{"damage":13,"enemies":"Snake Plant","floor":27,"turns":3},{"damage":35,"enemies":"Cultist and Chosen","floor":29,"turns":4},{"damage":12,"enemies":"Centurion and Healer","floor":31,"turns":1}],"seed_played":"3116507260842157482","potions_obtained":[{"floor":3,"key":"SkillPotion"},{"floor":6,"key":"AttackPotion"},{"floor":10,"key":"SteroidPotion"},{"floor":12,"key":"LiquidMemories"},{"floor":16,"key":"Energy Potion"},{"floor":22,"key":"AttackPotion"},{"floor":24,"key":"DistilledChaos"},{"floor":29,"key":"FocusPotion"}],"is_trial":false,"path_per_floor":["M","?","M","?","$","E","R","E","T","M","M","E","R","M","R","B",null,"M","$","?","M","M","R","E","?","T","M","R","M","?","M"],"character_chosen":"DEFECT","items_purchased":["Lockon","Toy Ornithopter"],"campfire_rested":4,"item_purchase_floors":[5,19],"current_hp_per_floor":[75,68,68,68,68,68,68,42,42,36,28,2,24,22,44,21,81,67,67,67,57,45,69,28,18,18,10,36,1,1,0,0],"gold":141,"neow_bonus":"THREE_ENEMY_KILL","is_daily":false,"chose_seed":false,"campfire_upgraded":1,"win_rate":0.0,"timestamp":1609017016,"path_taken":["M","?","M","?","$","E","R","E","T","M","M","E","R","?","R","BOSS","M","$","?","M","M","R","E","?","T","M","R","?","?","M"],"items_purchased_type":["Card","Relic"],"build_version":"2020-12-22","purchased_purges":2,"victory":false,"max_hp_per_floor":[75,75,75,75,75,75,75,75,75,75,75,75,75,75,75,75,81,81,81,81,81,81,81,81,87,87,87,87,87,87,87,87],"relic_stats":{"Darkstone Periapt":12,"counters":[16,48],"Ornamental Fan":[0],"Pantograph":25,"MealTicket":0,"Necronomicon":[0],"Whetstone":["Lockon","Strike_B"],"obtain_stats":[{"Darkstone Periapt":6,"Potion Belt":12,"Girya":17,"NeowsBlessing":0,"Oddly Smooth Stone":17,"Whetstone":8,"Calling Bell":17,"Du-Vu Doll":24,"Ornamental Fan":17,"Pantograph":9,"MealTicket":26,"Necronomicon":25,"Cracked Core":0,"Toy Ornithopter":19},{"Darkstone Periapt":3,"Potion Belt":7,"Girya":9,"NeowsBlessing":0,"Oddly Smooth Stone":9,"Whetstone":4,"Calling Bell":9,"Du-Vu Doll":13,"Ornamental Fan":9,"Pantograph":4,"MealTicket":13,"Necronomicon":13,"Cracked Core":0,"Toy Ornithopter":10},{"Darkstone Periapt":3,"Potion Belt":15,"Girya":26,"NeowsBlessing":0,"Oddly Smooth Stone":26,"Whetstone":7,"Calling Bell":26,"Du-Vu Doll":40,"Ornamental Fan":26,"Pantograph":7,"MealTicket":40,"Necronomicon":40,"Cracked Core":0,"Toy Ornithopter":30}],"Toy Ornithopter":30},"card_choices":[{"not_picked":["Cold Snap","Barrage"],"picked":"Consume","floor":1},{"not_picked":["Cold Snap","Hello World","FTL"],"picked":"SKIP","floor":3},{"not_picked":["Rebound","Cold Snap"],"picked":"Loop","floor":6},{"not_picked":["Reprogram","Coolheaded","Streamline"],"picked":"SKIP","floor":8},{"not_picked":["Capacitor","Conserve Battery"],"picked":"Tempest","floor":10},{"not_picked":["Leap","Capacitor"],"picked":"White Noise","floor":11},{"not_picked":["Steam","Stack"],"picked":"Electrodynamics","floor":12},{"not_picked":["Fusion","Barrage","Glacier"],"picked":"SKIP","floor":14},{"not_picked":["Chaos","Scrape"],"picked":"Ball Lightning+1","floor":18},{"not_picked":["Barrage","Doom and Gloom+1","Aggregate"],"picked":"SKIP","floor":21},{"not_picked":["Barrage","Stack"],"picked":"Static Discharge","floor":22},{"not_picked":["Hello World+1","Beam Cell"],"picked":"Ball Lightning","floor":24},{"not_picked":["Stack+1","Compile Driver","Leap"],"picked":"SKIP","floor":27},{"not_picked":["Cold Snap","Sweeping Beam"],"picked":"Thunder Strike","floor":29}],"player_experience":15447,"relics_obtained":[{"floor":6,"key":"Darkstone Periapt"},{"floor":8,"key":"Whetstone"},{"floor":9,"key":"Pantograph"},{"floor":12,"key":"Potion Belt"},{"floor":17,"key":"Oddly Smooth Stone"},{"floor":17,"key":"Ornamental Fan"},{"floor":17,"key":"Girya"},{"floor":24,"key":"Du-Vu Doll"},{"floor":25,"key":"Necronomicon"},{"floor":26,"key":"MealTicket"}],"event_choices":[{"cards_removed":["Strike_B"],"damage_healed":0,"gold_gain":0,"player_choice":"Card Removal","damage_taken":7,"max_hp_gain":0,"max_hp_loss":0,"event_name":"Golden Wing","floor":2,"gold_loss":0},{"cards_removed":["Defend_B"],"damage_healed":0,"gold_gain":0,"player_choice":"Purged","damage_taken":0,"max_hp_gain":0,"max_hp_loss":0,"event_name":"Purifier","floor":4,"gold_loss":0},{"damage_healed":0,"gold_gain":99,"player_choice":"Stole From Cult","damage_taken":0,"max_hp_gain":0,"max_hp_loss":0,"event_name":"Nest","floor":20,"gold_loss":0},{"damage_healed":0,"gold_gain":0,"player_choice":"Obtained Book","damage_taken":16,"max_hp_gain":0,"max_hp_loss":0,"event_name":"Cursed Tome","floor":25,"gold_loss":0},{"cards_removed":["Defend_B"],"damage_healed":0,"gold_gain":0,"player_choice":"Gave Gold","damage_taken":0,"max_hp_gain":0,"max_hp_loss":0,"event_name":"Beggar","floor":30,"gold_loss":75}],"is_beta":false,"boss_relics":[{"not_picked":["Ectoplasm","Velvet Choker"],"picked":"Calling Bell"}],"items_purged_floors":[5,19],"is_endless":false,"potions_floor_spawned":[3,6,10,12,16,22,24,29],"killed_by":"Centurion and Healer","ascension_level":1}}