{"host":"7rpm0wkjc4s9e9bg","time":1609014223,"event":{"mods":["BaseMod","Colored Map","Colored Powertips","Downfall","Minty Spire (QoL Compilation)","StSLib"],"gold_per_floor":[99,109,23,40,25,36,89,107,126,51,36,36,50,50,67,164,164,89,104,121,121,121,121,121,121,31,31,31,31,16,116,133,133,133,133],"floor_reached":33,"playtime":3455,"items_purged":[],"score":260,"play_id":"266c6e87-64dd-48b0-81ce-04cc5002c855","local_time":"20201226172342","is_ascension_mode":false,"campfire_choices":[{"floor":1.0,"key":"RECALL"},{"data":"champ:Backstep","floor":10.0,"key":"SMITH"},{"data":"champ:Taunt","floor":12.0,"key":"SMITH"},{"data":"champ:SteelEdge","floor":18,"key":"SMITH"},{"data":"champ:CrookedStrike","floor":23,"key":"SMITH"},{"data":"champ:StanceDance","floor":25,"key":"SMITH"}],"circlet_count":0,"master_deck":["champ:Defend","champ:Defend","champ:Defend","champ:Defend","champ:Execute","champ:Taunt+1","champ:StanceDance+1","champ:GutPunch","champ:DeathBlow","champ:FlashCut","champ:Backstep+1","champ:Circumvent","champ:ArenaPreparation","champ:IronFortress","champ:SteelEdge+1","champ:CrookedStrike+1","RitualDagger","champ:EnragedBash+1","Bite+1","Bite+1","Bite+1","Bite+1","Bite+1","champ:ViciousMockery","champ:GladiatorStyle"],"relics":["champ:ChampionCrown","downfall:HeartBlessingRed","Philosopher\u0027s Stone","downfall:HeartBlessingBlue","Molten Egg 2","champ:GladiatorsBookOfMartialProwess","champ:BlackKnightHelmet","White Beast Statue"],"acts_visited":["Exordium","TheCity"],"potions_floor_usage":[16,33,33,33],"damage_taken":[{"damage":5.0,"enemies":"Cultist","floor":2.0,"turns":4.0},{"damage":10.0,"enemies":"downfall:FleeingMerchant","floor":3.0,"turns":4.0},{"damage":29.0,"enemies":"Jaw Worm","floor":4.0,"turns":4.0},{"damage":25.0,"enemies":"downfall:FleeingMerchant","floor":5.0,"turns":4.0},{"damage":6.0,"enemies":"2 Louse","floor":6.0,"turns":2.0},{"damage":26.0,"enemies":"3 Louse","floor":8.0,"turns":4.0},{"damage":5.0,"enemies":"2 Fungi Beasts","floor":9.0,"turns":3.0},{"damage":15.0,"enemies":"downfall:FleeingMerchant","floor":11.0,"turns":4.0},{"damage":12.0,"enemies":"Red Slaver","floor":13.0,"turns":3.0},{"damage":35,"enemies":"Large Slime","floor":15,"turns":5},{"damage":30,"enemies":"downfall:Watcher","floor":16,"turns":12},{"damage":26,"enemies":"Chosen","floor":19,"turns":4},{"damage":49,"enemies":"Cultist and Chosen","floor":20,"turns":6},{"damage":42,"enemies":"downfall:FleeingMerchant","floor":26,"turns":4},{"damage":29,"enemies":"downfall:FleeingMerchant","floor":30,"turns":4},{"damage":77,"enemies":"downfall:FleeingMerchant","floor":31,"turns":8},{"damage":58,"enemies":"Centurion and Healer","floor":32,"turns":6},{"damage":62,"enemies":"downfall:Defect","floor":33,"turns":8}],"seed_played":"-1173430591739180267","potions_obtained":[{"floor":2.0,"key":"Dexterity Potion"},{"floor":6.0,"key":"Dexterity Potion"},{"floor":9.0,"key":"SteroidPotion"},{"floor":15,"key":"DistilledChaos"},{"floor":31,"key":"BlessingOfTheForge"}],"is_trial":false,"path_per_floor":["R","M","$","M","$","M","T","M","M","R","$","R","M","?","M","B",null,"R","M","M","?","?","R","T","R","$","?","?","?","$","?","M","B"],"character_chosen":"THE_CHAMP","items_purchased":["champ:DeathBlow","champ:EnragedBash+1"],"campfire_rested":0,"item_purchase_floors":[3,26],"current_hp_per_floor":[99,99,99,91,86,85,85,77,77,77,67,67,60,60,38,33,99,109,108,84,78,78,78,78,78,62,62,62,62,58,52,35,0,0,0],"gold":133,"neow_bonus":"TEN_PERCENT_HP_BONUS","is_daily":false,"chose_seed":false,"campfire_upgraded":5,"win_rate":0.0,"timestamp":1609014222,"path_taken":["R","M","$","?","$","M","T","M","M","R","$","R","M","?","M","BOSS","R","M","M","?","?","R","T","R","$","?","?","?","$","?","M","BOSS"],"items_purchased_type":["Card","Card"],"build_version":"2020-12-22","purchased_purges":0,"victory":false,"max_hp_per_floor":[99,99,99,99,99,99,99,99,99,99,99,99,99,99,99,99,99,109,109,109,109,109,109,109,109,109,109,76,76,76,81,81,81,81,81],"card_choices":[{"not_picked":["champ:RapidStrikes","champ:BladeFlurry"],"picked":"champ:StanceDance","floor":2.0},{"not_picked":["champ:ViciousMockery","champ:Riposte"],"picked":"champ:GutPunch","floor":3.0},{"not_picked":["champ:Backstep","champ:Haymaker"],"picked":"champ:FlashCut","floor":4.0},{"not_picked":["champ:Haymaker","champ:BladeFlurry"],"picked":"champ:Backstep","floor":5.0},{"not_picked":["champ:FlashCut","champ:TornadoPunch","champ:CrookedStrike"],"picked":"SKIP","floor":6.0},{"not_picked":["champ:RisingSlash","champ:FalseCounter"],"picked":"champ:Circumvent","floor":8.0},{"not_picked":["champ:FightOn","champ:EnGarde","champ:Haymaker"],"picked":"SKIP","floor":9.0},{"not_picked":["champ:ShieldSlam","champ:Backstep","champ:FalseCounter"],"picked":"SKIP","floor":11.0},{"not_picked":["champ:Backstep","champ:GladiatorsShout"],"picked":"champ:ArenaPreparation","floor":13.0},{"not_picked":["champ:Encircle","champ:TornadoPunch"],"picked":"champ:IronFortress","floor":15},{"not_picked":["champ:Devastate","champ:CrownThrow"],"picked":"champ:SteelEdge","floor":16},{"not_picked":["champ:EndlessRage+1","champ:DefensiveShout"],"picked":"champ:CrookedStrike","floor":19},{"not_picked":["champ:RapidStrikes","champ:Lariat+1"],"picked":"champ:FightOn","floor":20},{"not_picked":["champ:Shatter+1","champ:FocusedDefense","champ:EnGarde"],"picked":"SKIP","floor":26},{"not_picked":["champ:EndlessRage+1","champ:BladeFlurry+1"],"picked":"champ:ViciousMockery","floor":30},{"not_picked":["champ:FalseCounter","champ:BerserkersShout+1"],"picked":"champ:GladiatorStyle","floor":31},{"not_picked":["champ:FalseCounter","champ:BerserkersShout+1","champ:CrookedStrike+1"],"picked":"SKIP","floor":32}],"player_experience":137274,"relics_obtained":[{"floor":24,"key":"Molten Egg 2"},{"floor":31,"key":"champ:BlackKnightHelmet"},{"floor":31,"key":"White Beast Statue"}],"event_choices":[{"damage_healed":0,"gold_gain":0,"player_choice":"Ignored","damage_taken":0,"max_hp_gain":0,"max_hp_loss":0,"event_name":"Ghosts","floor":22,"gold_loss":0},{"damage_healed":0,"gold_gain":0,"player_choice":"Became a vampire","damage_taken":0,"max_hp_gain":0,"max_hp_loss":33,"event_name":"Vampires","floor":28,"gold_loss":0,"cards_obtained":["Bite","Bite","Bite","Bite","Bite"]}],"is_beta":false,"boss_relics":[{"not_picked":["downfall:Hecktoplasm","Pandora\u0027s Box"],"picked":"Philosopher\u0027s Stone"}],"items_purged_floors":[],"is_endless":false,"potions_floor_spawned":[2,6,9,13,15,31,32],"killed_by":"downfall:Defect","ascension_level":0}}