{"host":"5gs251imfkyqlzrh","time":1609007946,"event":{"mods":["BaseMod","Downfall","Hermit","Jorbs\u0027s Wanderer Trilogy","Marisa????????","Minty Spire (QoL Compilation)","Replay The Spire","StSLib","The Bug Knight","The Construct","The Cursed","The Disciple","The Hierophant","The Necromancer","The Runesmith","The Servant 0.9.4"],"gold_per_floor":[109,109,129,129,129,129,155,208,232,232,259,259,259,315,315,412,412,424,69,69,94,111,111,136,136,136,155,155,168,183,15,15,110,110,123,123,133,148,198,198,227,227,227,227,227,239,239,97,97,97,97,97,22,22,22],"floor_reached":54,"playtime":2620,"items_purged":["Strike_S","Strike_S"],"score":787,"play_id":"10f9e956-39f0-432b-89f6-ce19810e5b08","local_time":"20201226183906","is_ascension_mode":false,"campfire_choices":[{"data":"FanOfKnives","floor":6,"key":"SMITH"},{"floor":10,"key":"REST"},{"data":"InstantArmor","floor":12,"key":"SMITH"},{"data":"Rearm","floor":15,"key":"SMITH"},{"data":"Dilation","floor":23,"key":"SMITH"},{"data":"SilverBlades","floor":28,"key":"SMITH"},{"floor":40,"key":"REST"},{"data":"Dilation","floor":42,"key":"SMITH"},{"floor":44,"key":"RECALL"},{"floor":47,"key":"REST"},{"data":"Dilation","floor":49,"key":"SMITH"},{"data":"Luminosity","floor":52,"key":"SMITH"}],"circlet_count":0,"master_deck":["Strike_S","Strike_S","Defend_S","Defend_S","Defend_S","KidneyShot+1","Exchange","BottledTime+1","SilverBlades+1","FanOfKnives+1","BottledTime","Rearm+1","InstantArmor+1","Dilation+1","SilverBlades+1","Starlight","SurpressingFire","Moonlight+1","Starlight","Snipe","Dilation+1","Dilation+1","expansioncontent:BronzeBeam","Collapse","Luminosity+1","SurpressingFire","Starlight+1","Dilation+1","Luminosity"],"relics":["Uniform","NeowsBlessing","HollowMod:PaleOreRelic","Snack Pack","Juzu Bracelet","Boot","Oddly Smooth Stone","Dream Catcher","Garlic","Black Star","Orichalcum","Ancient Tea Set","Happy Flower","Gremlin Horn","Runic Pyramid","Prayer Wheel","War Paint","Pen Nib","Quantum Egg"],"acts_visited":["Exordium","TheCity","TheBeyond","TheEnding"],"potions_floor_usage":[11,16,16,24,33,33,33,38,41],"damage_taken":[{"damage":0,"enemies":"Small Slimes","floor":1,"turns":2},{"damage":0,"enemies":"2 Louse","floor":3,"turns":1},{"damage":0,"enemies":"Gremlin Nob","floor":7,"turns":1},{"damage":9,"enemies":"3 Sentries","floor":11,"turns":2},{"damage":0,"enemies":"3 Sentries","floor":14,"turns":5},{"damage":37,"enemies":"The Guardian","floor":16,"turns":9},{"damage":0,"enemies":"Chosen","floor":18,"turns":4},{"damage":0,"enemies":"2 Thieves","floor":22,"turns":3},{"damage":8,"enemies":"Book of Stabbing","floor":24,"turns":4},{"damage":0,"enemies":"Cultist and Chosen","floor":27,"turns":4},{"damage":0,"enemies":"Centurion and Healer","floor":29,"turns":3},{"damage":0,"enemies":"3 Cultists","floor":30,"turns":4},{"damage":0,"enemies":"Collector","floor":33,"turns":4},{"damage":8,"enemies":"3 Darklings","floor":35,"turns":4},{"damage":0,"enemies":"Orb Walker","floor":37,"turns":2},{"damage":30,"enemies":"4 Shapes","floor":38,"turns":6},{"damage":0,"enemies":"Mind Bloom Boss Battle","floor":39,"turns":5},{"damage":0,"enemies":"Giant Head","floor":41,"turns":6},{"damage":23,"enemies":"Sphere and 2 Shapes","floor":46,"turns":5},{"damage":6,"enemies":"Donu and Deca","floor":50,"turns":7},{"damage":0,"enemies":"Shield and Spear","floor":54,"turns":2}],"seed_played":"-8309461717099129869","potions_obtained":[{"floor":3,"key":"GamblersBrew"},{"floor":8,"key":"SteroidPotion"},{"floor":11,"key":"Strength Potion"},{"floor":14,"key":"champ:CounterPotion"},{"floor":16,"key":"Death Potion"},{"floor":22,"key":"Toxic Potion"},{"floor":29,"key":"Energy Potion"},{"floor":35,"key":"Energy Potion"},{"floor":39,"key":"Energy Potion"},{"floor":46,"key":"SteroidPotion"}],"is_trial":false,"path_per_floor":["M","?","M","?","T","R","E","?","T","R","E","R","?","?","R","B",null,"M","$","?","T","M","R","E","?","T","M","R","M","M","$","R","B",null,"M","?","M","M","?","R","E","R","T","R","?","M","R","$","R","B",null,"R","$","E"],"character_chosen":"THE_SERVANT","items_purchased":["Starlight","SurpressingFire","Orichalcum","Snipe","Dilation","Luminosity"],"campfire_rested":3,"item_purchase_floors":[19,19,19,31,48,53],"current_hp_per_floor":[65,65,65,62,62,62,62,36,36,55,48,48,48,50,50,15,65,65,65,65,65,65,65,57,57,57,57,57,59,59,59,65,65,65,59,59,59,31,31,50,54,54,54,54,54,31,50,50,50,48,65,65,65,65,65],"gold":22,"neow_bonus":"THREE_ENEMY_KILL","is_daily":false,"chose_seed":false,"campfire_upgraded":8,"win_rate":0.0,"timestamp":1609007946,"path_taken":["M","?","M","?","?","R","E","?","T","R","E","R","?","?","R","BOSS","M","$","?","?","M","R","E","?","T","M","R","M","M","$","R","BOSS","M","?","M","M","?","R","E","R","T","R","?","M","R","$","R","BOSS","R","$","E"],"items_purchased_type":["Card","Card","Relic","Card","Card","Card"],"build_version":"2020-12-22","purchased_purges":2,"victory":false,"max_hp_per_floor":[65,65,65,65,65,65,65,65,65,65,65,65,65,65,65,65,65,65,65,65,65,65,65,65,65,65,65,65,65,65,65,65,65,65,65,65,65,65,65,65,65,65,65,65,65,65,65,65,65,65,65,65,65,65,65],"card_choices":[{"not_picked":["Unruled","Potential"],"picked":"BottledTime","floor":1},{"not_picked":["Gouge","DoubleEdge"],"picked":"FanOfKnives","floor":3},{"not_picked":["Gouge","LightFlow"],"picked":"BottledTime","floor":7},{"not_picked":["Shuttle","WasteNot"],"picked":"Rearm","floor":8},{"not_picked":["Sabotage","Replace"],"picked":"InstantArmor","floor":11},{"not_picked":["LightFlow","FloweringNight"],"picked":"Dilation","floor":16},{"not_picked":["BestPractice","Advance"],"picked":"SilverBlades","floor":18},{"not_picked":["BottledTime","Alleviate+1","DoubleEdge"],"picked":"SKIP","floor":22},{"not_picked":["Unruled","Alleviate","Sabotage"],"picked":"SKIP","floor":24},{"not_picked":["Unruled","Hightail+1"],"picked":"Moonlight","floor":27},{"not_picked":["Reset+1","TimeWarp","DoubleEdge+1"],"picked":"SKIP","floor":29},{"not_picked":["ShatteredReality","TimeWarp"],"picked":"Starlight","floor":30},{"not_picked":["Hightail","DoubleEdge"],"picked":"Dilation","floor":32},{"not_picked":["PendulumOfEternity","Solidify"],"picked":"Dilation","floor":33},{"not_picked":["FastForward","WasteNot+1","Spin+1"],"picked":"SKIP","floor":35},{"not_picked":["ReplayTheSpireMod:Uncanny Aura","Replay:BasicMightCard"],"picked":"expansioncontent:BronzeBeam","floor":36},{"not_picked":["Potential","SpecialFormula+1","Rewind+1"],"picked":"SKIP","floor":37},{"not_picked":["Replace+1","Gouge"],"picked":"Collapse","floor":38},{"not_picked":["Defy","LightFlow"],"picked":"Luminosity","floor":40},{"not_picked":["Spin","SilverBlades"],"picked":"SurpressingFire","floor":41},{"not_picked":["Comet+1","Rearm","Rewind+1"],"picked":"SKIP","floor":46},{"not_picked":["Alleviate","Unruled","Hightail"],"picked":"SKIP","floor":46},{"not_picked":["Rewind","Hightail"],"picked":"Starlight+1","floor":47}],"player_experience":178493,"relics_obtained":[{"floor":5,"key":"Snack Pack"},{"floor":7,"key":"Juzu Bracelet"},{"floor":8,"key":"Boot"},{"floor":9,"key":"Oddly Smooth Stone"},{"floor":11,"key":"Dream Catcher"},{"floor":14,"key":"Garlic"},{"floor":24,"key":"Ancient Tea Set"},{"floor":24,"key":"Happy Flower"},{"floor":26,"key":"Gremlin Horn"},{"floor":39,"key":"Prayer Wheel"},{"floor":41,"key":"War Paint"},{"floor":41,"key":"Pen Nib"},{"floor":43,"key":"Quantum Egg"}],"event_choices":[{"damage_healed":0,"gold_gain":0,"player_choice":"Success","damage_taken":3,"relics_obtained":["HollowMod:PaleOreRelic"],"max_hp_gain":0,"max_hp_loss":0,"event_name":"Scrap Ooze","floor":4,"gold_loss":0},{"damage_healed":0,"gold_gain":0,"player_choice":"Grow","damage_taken":0,"max_hp_gain":0,"max_hp_loss":0,"event_name":"Living Wall","floor":13,"gold_loss":0,"cards_upgraded":["KidneyShot"]},{"damage_healed":0,"gold_gain":0,"player_choice":"Searched \u00271\u0027 times","damage_taken":0,"max_hp_gain":0,"max_hp_loss":0,"event_name":"Dead Adventurer","floor":14,"gold_loss":0},{"damage_healed":0,"gold_gain":0,"player_choice":"Ignored","damage_taken":0,"max_hp_gain":0,"max_hp_loss":0,"event_name":"Vampires","floor":25,"gold_loss":0},{"damage_healed":0,"gold_gain":0,"player_choice":"Memory 1","damage_taken":0,"max_hp_gain":0,"max_hp_loss":0,"event_name":"SensoryStone","floor":36,"gold_loss":0},{"damage_healed":0,"gold_gain":0,"player_choice":"Fight","damage_taken":0,"max_hp_gain":0,"max_hp_loss":0,"event_name":"MindBloom","floor":39,"gold_loss":0},{"damage_healed":0,"gold_gain":0,"player_choice":"Ignored","damage_taken":0,"max_hp_gain":0,"max_hp_loss":0,"event_name":"Tomb of Lord Red Mask","floor":45,"gold_loss":0}],"is_beta":false,"boss_relics":[{"not_picked":["Busted Crown","Honey Jar"],"picked":"Black Star"},{"not_picked":["Coffee Dripper","Runesmith:UraniumAnvil"],"picked":"Runic Pyramid"}],"items_purged_floors":[19,31],"is_endless":false,"potions_floor_spawned":[3,11,14,16,22,29,30,35,39,46],"killed_by":"Shield and Spear","ascension_level":0}}