{"host":"cqxab8ablanphs80","time":1609008288,"event":{"mods":["Act Like it!","Ascension Reborn","Aspiration","BaseMod","Better Note","Better Sensory Stone","Better Synergies","BetterRewards","Block Reminder","Chen","Colored Map","Conspire","Energized Spire","Friendly Minions","Gensokyo","GifTheSpireLib","GungeonMod","Halation","Hallownest","Highlight Path","Hubris","Infinite Spire","Koishi","Marisa????????","Minty Spire (QoL Compilation)","Pale of the Ancients","Potionbrewer","Prisma Mod","Quick Restart","Reimu??????","Replay The Spire","Spikes Relics","StSLib","Steal the Spire","The Bug Knight","The Exalted","The Gatherer","The Servant 0.9.4","The Vixen","The Wild Card","Wandering Minibosses","WarShipGirlsR/????R mod","Yuyuko"],"gold_per_floor":[113,128,13,24,40,40,69,69,69,118,146,146,146,158,158,294,294,309,326,326,354,386,386,411,411,411,411,426,443,464,480,491,491,491,491],"floor_reached":34,"playtime":1765,"items_purged":[],"score":290,"play_id":"3fcbeae5-2186-404f-bd18-58114bf37cb7","local_time":"20201226124448","is_ascension_mode":true,"campfire_choices":[{"data":"DemoMod:SniperShot","floor":6.0,"key":"SMITH"},{"data":"DemoMod:PotionOfGunFriendShip","floor":8.0,"key":"SMITH"},{"floor":13.0,"key":"REST"},{"data":"DemoMod:GunShield","floor":15.0,"key":"SMITH"},{"data":"DemoMod:ShadowBullets","floor":23.0,"key":"SMITH"},{"data":"DemoMod:ShadowBullets","floor":25.0,"key":"SMITH"},{"data":"DemoMod:ManualReload","floor":27.0,"key":"SMITH"},{"floor":33.0,"key":"REST"}],"circlet_count":0,"master_deck":["DemoMod:Strike_Huntress","DemoMod:Strike_Huntress","DemoMod:Strike_Huntress","DemoMod:Defend_Huntress","DemoMod:Defend_Huntress","DemoMod:Defend_Huntress","DemoMod:Defend_Huntress","DemoMod:Roll","DemoMod:ManualReload+1","DemoMod:RustySidearm","DemoMod:CrossBow","DemoMod:StickyCrossBow","DemoMod:SniperShot+1","DemoMod:HuntsMan","DemoMod:PotionOfGunFriendShip+1","DemoMod:GunShield+1","DemoMod:BulletBore","DemoMod:ShadowBullets+1","DemoMod:ShadowBullets+1","DemoMod:BattleInHaste+1","DemoMod:BulletBore","DemoMod:FullFirepower","DemoMod:SniperShot+1","DemoMod:DirectionalPad+1"],"relics":["DemoMod:Dog","NeowsBlessing","DemoMod:Metronome","Bromod:ArcanePulse","BrokenLever","hubris:Icosahedron","energizedSpire:NeverEndingSparkler","halation:KoshaPiece","Thread and Needle"],"acts_visited":["Exordium","TheCity","DemoMod:Maze"],"potions_floor_usage":[34],"damage_taken":[{"damage":0.0,"enemies":"infinitespire:Voidling","floor":1.0,"turns":1.0},{"damage":0.0,"enemies":"Jaw Worm","floor":2.0,"turns":1.0},{"damage":0.0,"enemies":"Cultist","floor":4.0,"turns":1.0},{"damage":7.0,"enemies":"Blue Slaver","floor":5.0,"turns":5.0},{"damage":19.0,"enemies":"Gremlin Nob","floor":7.0,"turns":5.0},{"damage":4.0,"enemies":"3 Louse","floor":10.0,"turns":2.0},{"damage":3.0,"enemies":"Lagavulin","floor":11.0,"turns":7.0},{"damage":3.0,"enemies":"Exordium Thugs","floor":14.0,"turns":5.0},{"damage":5.0,"enemies":"Fading Forest","floor":16.0,"turns":11.0},{"damage":0.0,"enemies":"Spheric Guardian","floor":18.0,"turns":2.0},{"damage":6.0,"enemies":"Snecko","floor":19.0,"turns":8.0},{"damage":0.0,"enemies":"conspire:HollyBat","floor":21.0,"turns":5.0},{"damage":9.0,"enemies":"Snake Plant","floor":22.0,"turns":4.0},{"damage":21.0,"enemies":"Nightmare","floor":24.0,"turns":8.0},{"damage":0.0,"enemies":"DemoMod:Veteran_shot_gun_kin_and_bullet_kin","floor":28.0,"turns":4.0},{"damage":2.0,"enemies":"DemoMod:4_Bullet_Kins","floor":29.0,"turns":2.0},{"damage":8.0,"enemies":"DemoMod:Red_and_blue_shotgun_kin_with_gunsinger","floor":30.0,"turns":3.0},{"damage":6.0,"enemies":"DemoMod:Veteran_shot_gun_kin_and_red_shotgun_kin_with_gunsinger","floor":31.0,"turns":2.0},{"damage":26.0,"enemies":"DemoMod:Veteran_shot_gun_kin_and_blue_shotgun_kin_with_gunsinger","floor":32.0,"turns":2.0},{"damage":58,"enemies":"DemoMod:ResourcefulRat","floor":34,"turns":7}],"seed_played":"-5048953270158237238","potions_obtained":[{"floor":5.0,"key":"Languid Potion"},{"floor":7.0,"key":"AttackPotion"},{"floor":14.0,"key":"SteroidPotion"},{"floor":22.0,"key":"EssenceOfSteel"},{"floor":24.0,"key":"Milkshake"},{"floor":31.0,"key":"ZuzhouPotion:ReiMu"}],"is_trial":false,"path_per_floor":["M","M","$","M","M","R","E","R","T","M","E","?","R","M","R","B",null,"M","M","?","M","M","R","NM","R","T","R","M","M","M","M","M","R","B"],"character_chosen":"HUNTRESS","items_purchased":["DemoMod:GnawedKey"],"campfire_rested":2,"item_purchase_floors":[3],"current_hp_per_floor":[70,70,70,70,63,63,44,44,44,40,37,37,59,56,56,62,70,70,64,64,64,55,55,34,34,70,70,70,68,60,54,28,50,0,0],"gold":491,"neow_bonus":"THREE_ENEMY_KILL","is_daily":false,"chose_seed":false,"campfire_upgraded":6,"win_rate":0.0,"timestamp":1609008288,"path_taken":["M","M","$","M","M","R","E","R","T","?","E","?","R","M","R","BOSS","M","M","?","M","M","R","NM","R","T","R","M","M","M","M","M","R","BOSS"],"items_purchased_type":["Relic"],"build_version":"2020-12-22","purchased_purges":0,"victory":false,"max_hp_per_floor":[70,70,70,70,70,70,70,70,70,70,70,70,70,70,70,70,70,70,70,70,70,70,70,70,70,70,70,70,70,70,70,70,70,70,70],"card_choices":[{"not_picked":["DemoMod:SAA","DemoMod:PracticeMakesPerfect"],"picked":"DemoMod:DirectionalPad","floor":1.0},{"not_picked":["DemoMod:HuntsMan","DemoMod:TableSutra"],"picked":"DemoMod:StickyCrossBow","floor":2.0},{"not_picked":["DemoMod:PracticeMakesPerfect","DemoMod:ConditionalReflex"],"picked":"DemoMod:SniperShot","floor":4.0},{"not_picked":["DemoMod:GunslingerForm","DemoMod:FeignSurrender"],"picked":"DemoMod:HuntsMan","floor":5.0},{"not_picked":["DemoMod:ConditionalReflex","DemoMod:CombinedRifle"],"picked":"DemoMod:PotionOfGunFriendShip","floor":7.0},{"not_picked":["DemoMod:Ejector","DemoMod:Camera"],"picked":"DemoMod:DirectionalPad","floor":10.0},{"not_picked":["DemoMod:HuntsMan","DemoMod:HardPowerCard"],"picked":"DemoMod:DirectionalPad","floor":11.0},{"not_picked":["DemoMod:SAA","DemoMod:Rummage"],"picked":"DemoMod:GunShield","floor":14.0},{"not_picked":["DemoMod:BSG","DemoMod:Slinger"],"picked":"DemoMod:BulletBore","floor":16.0},{"not_picked":["DemoMod:PotionOfGunFriendShip","DemoMod:TeaPot","DemoMod:HardPowerCard"],"picked":"SKIP","floor":18.0},{"not_picked":["DemoMod:GunstockTap","DemoMod:HighKaliber+1"],"picked":"DemoMod:DirectionalPad+1","floor":19.0},{"not_picked":["DemoMod:CombinedRifle","DemoMod:AC15"],"picked":"DemoMod:ShadowBullets","floor":21.0},{"not_picked":["DemoMod:SkilledReload","DemoMod:CursedBullets"],"picked":"DemoMod:ShadowBullets","floor":22.0},{"not_picked":["DemoMod:MachoBrace+1","DemoMod:StickyCrossBow"],"picked":"DemoMod:BattleInHaste+1","floor":24.0},{"not_picked":["DemoMod:GunstockTap","DemoMod:PotionOfGunFriendShip+1"],"picked":"DemoMod:BulletBore","floor":28.0},{"not_picked":["DemoMod:PotionOfGunFriendShip","DemoMod:SAA","DemoMod:FastSwitch+1"],"picked":"SKIP","floor":29.0},{"not_picked":["DemoMod:HardPowerCard+1","DemoMod:ZorGun"],"picked":"DemoMod:FullFirepower","floor":30.0},{"not_picked":["DemoMod:FastSwitch","DemoMod:FeignSurrender"],"picked":"DemoMod:SniperShot+1","floor":31.0},{"not_picked":["DemoMod:LifeOrb","DemoMod:FeignSurrender+1"],"picked":"DemoMod:DirectionalPad+1","floor":32.0}],"player_experience":458658,"relics_obtained":[{"floor":7.0,"key":"DemoMod:Metronome"},{"floor":9.0,"key":"Bromod:ArcanePulse"},{"floor":11.0,"key":"BrokenLever"},{"floor":21.0,"key":"halation:KoshaPiece"},{"floor":24.0,"key":"Thread and Needle"}],"event_choices":[{"damage_healed":0.0,"max_hp_gain":0.0,"max_hp_loss":0.0,"gold_gain":0.0,"event_name":"betterNote:BetterNote","player_choice":"Ignored","floor":20.0,"gold_loss":0.0,"damage_taken":0.0,"cards_obtained":["potionbrewer:Prototype"]}],"is_beta":false,"boss_relics":[{"not_picked":["halation:MonkeysPaw","energizedSpire:SpiderWeb"],"picked":"energizedSpire:NeverEndingSparkler"}],"items_purged_floors":[],"is_endless":false,"potions_floor_spawned":[5,7,14,18,22,24,31],"killed_by":"DemoMod:ResourcefulRat","ascension_level":0}}