{"host":"uflv0e3ja7hvnij7","time":1609013934,"event":{"mods":["BaseMod","Better Altar","Better Match","Better Note","Better Sensory Stone","Better Skull","Better Third Choice","Infinite Spire","Minty Spire (QoL Compilation)","Permanent Neow","Replay The Spire","Shop Mod","StSLib"],"gold_per_floor":[119,137,151,168,181,181,216,239,290,305,339,339,264,278,278,378,378,395,220,239,257,272,297,308,325,325,325,325,44,44,78,78,173,223,235,251,251,270,320,320,349,349,349,349,349,366,366,416,416,434,434,434],"floor_reached":53,"playtime":2829,"items_purged":["Strike_G","Defend_G","Strike_G","Defend_G"],"score":869,"play_id":"ad428d63-6a48-47e4-aeb9-dc5be2161901","local_time":"20201226151854","is_ascension_mode":true,"campfire_choices":[{"data":"Accuracy","floor":6,"key":"SMITH"},{"floor":12,"key":"REST"},{"data":"Cloak And Dagger","floor":15,"key":"SMITH"},{"data":"Cloak And Dagger","floor":32,"key":"SMITH"},{"data":"Accuracy","floor":40,"key":"SMITH"},{"data":"Phantasmal Killer","floor":42,"key":"SMITH"},{"data":"Footwork","floor":47,"key":"SMITH"},{"floor":51,"key":"DIG"}],"circlet_count":0,"master_deck":["Strike_G","Strike_G","Strike_G","Survivor","Blade Dance","Accuracy+1","Dodge and Roll","Adrenaline","Cloak And Dagger+1","Dagger Spray","Dodge and Roll","Footwork","Cloak And Dagger+1","Night Terror","Footwork+1","Accuracy+1","Blade Dance+1","Ghostly","Ghostly","Ghostly","Ghostly+1","Ghostly","Phantasmal Killer+1","Blade Dance+1","Accuracy+1"],"relics":["Ring of the Snake","Singing Bowl","Odd Mushroom","Replay:Rubber Ducky","Replay:Ringing Soul","Replay:Grab Bag","Sozu","Coffee Dripper","WristBlade","Replay:Drink Me","ReplayFunnel","Blue Doll","MutagenicStrength","Replay:Baseball","Matryoshka","Gremlin Horn","Tiny House","Paper Crane","Philosopher\u0027s Stone","Counterbalance","Regal Pillow","infinitespire:BottledMercury","Replay:Bottled Flurry","Byrd Skull","Pet Ghost"],"acts_visited":["Exordium","TheCity","TheBeyond"],"potions_floor_usage":[7,11,52,52],"damage_taken":[{"damage":0,"enemies":"2 Louse","floor":1,"turns":2},{"damage":7,"enemies":"Jaw Worm","floor":2,"turns":3},{"damage":1,"enemies":"Small Slimes","floor":3,"turns":3},{"damage":1,"enemies":"Exordium Wildlife","floor":4,"turns":6},{"damage":9,"enemies":"Looter","floor":5,"turns":3},{"damage":6,"enemies":"3 Sentries","floor":7,"turns":5},{"damage":6,"enemies":"The Mushroom Lair","floor":8,"turns":4},{"damage":0,"enemies":"2 Fungi Beasts","floor":10,"turns":4},{"damage":8,"enemies":"Gremlin Nob","floor":11,"turns":6},{"damage":2,"enemies":"Large Slime","floor":14,"turns":7},{"damage":29,"enemies":"The Guardian","floor":16,"turns":12},{"damage":0,"enemies":"Shell Parasite","floor":18,"turns":4},{"damage":0,"enemies":"Spheric Guardian","floor":20,"turns":2},{"damage":0,"enemies":"3 Cultists","floor":21,"turns":3},{"damage":0,"enemies":"Sentry and Sphere","floor":22,"turns":2},{"damage":6,"enemies":"Gremlin Leader","floor":23,"turns":3},{"damage":4,"enemies":"Snake Plant","floor":24,"turns":2},{"damage":0,"enemies":"Cultist and Chosen","floor":25,"turns":3},{"damage":0,"enemies":"Slavers","floor":31,"turns":3},{"damage":0,"enemies":"Collector","floor":33,"turns":5},{"damage":0,"enemies":"Orb Walker","floor":35,"turns":2},{"damage":0,"enemies":"3 Shapes","floor":36,"turns":1},{"damage":0,"enemies":"Spire Growth","floor":38,"turns":3},{"damage":0,"enemies":"2 Orb Walkers","floor":39,"turns":2},{"damage":0,"enemies":"Reptomancer","floor":41,"turns":3},{"damage":0,"enemies":"4 Shapes","floor":46,"turns":1},{"damage":0,"enemies":"Mind Bloom Boss Battle","floor":48,"turns":2},{"damage":0,"enemies":"3 Darklings","floor":50,"turns":3},{"damage":0,"enemies":"Replay:Hell Engine","floor":52,"turns":3}],"seed_played":"-4358309910376659827","potions_obtained":[{"floor":4,"key":"SneckoOil"},{"floor":5,"key":"LiquidMemories"},{"floor":8,"key":"GhostInAJar"},{"floor":11,"key":"DuplicationPotion"},{"floor":14,"key":"Weak Potion"},{"floor":16,"key":"FearPotion"}],"is_trial":false,"path_per_floor":["M","M","M","M","M","R","E","?","T","M","E","R","$","M","R","B",null,"M","$","M","M","M","E","M","M","T","?","?","$","T","E","R","B",null,"M","M","AVR","M","?","R","E","R","T","PTL","PTL","M","R","?","?","M","R","B",null],"character_chosen":"THE_SILENT","items_purchased":["Accuracy","Replay:Baseball"],"campfire_rested":1,"item_purchase_floors":[19,29],"current_hp_per_floor":[70,63,62,61,52,52,46,40,40,42,37,59,59,59,59,33,60,63,66,69,71,73,69,67,69,69,42,42,42,42,44,44,47,55,57,59,59,61,63,63,65,65,65,65,65,68,68,70,70,72,72,72],"gold":434,"neow_bonus":"THREE_CARDS","is_daily":false,"chose_seed":false,"campfire_upgraded":6,"win_rate":0.0,"timestamp":1609013934,"path_taken":["M","M","M","M","M","R","E","?","T","M","E","R","$","M","R","BOSS","M","$","M","M","M","E","M","M","T","?","?","$","?","E","R","BOSS","M","M","AVR","M","?","R","E","R","T","PTL","PTL","M","R","?","?","?","R","BOSS"],"items_purchased_type":["Card","Relic"],"build_version":"2020-12-22","purchased_purges":4,"victory":true,"max_hp_per_floor":[70,70,70,70,70,70,70,70,70,72,75,75,75,77,77,80,60,63,66,69,71,73,75,77,79,79,42,42,42,42,44,44,47,55,57,59,59,61,63,63,65,65,65,65,65,68,68,70,70,72,72,72],"card_choices":[{"not_picked":["Prepared","Sucker Punch"],"picked":"Blade Dance","floor":0},{"not_picked":["Catalyst","Dagger Throw"],"picked":"Accuracy","floor":1},{"not_picked":["Well Laid Plans","Backstab"],"picked":"Dodge and Roll","floor":2},{"not_picked":["Deadly Poison","Crippling Poison"],"picked":"Adrenaline","floor":3},{"not_picked":["Catalyst","Outmaneuver"],"picked":"Cloak And Dagger","floor":4},{"not_picked":["Sucker Punch","Backflip"],"picked":"Dagger Spray","floor":5},{"not_picked":["Heel Hook","Deadly Poison"],"picked":"Dodge and Roll","floor":7},{"not_picked":["Crippling Poison","All Out Attack"],"picked":"Footwork","floor":8},{"not_picked":["Expertise","Prepared","Outmaneuver"],"picked":"Singing Bowl","floor":10},{"not_picked":["Backflip","Bouncing Flask"],"picked":"Cloak And Dagger","floor":11},{"not_picked":["Well Laid Plans","Slice","Bullet Time"],"picked":"Singing Bowl","floor":14},{"not_picked":["Corpse Explosion","Bullet Time"],"picked":"Night Terror","floor":16},{"not_picked":["Sucker Punch","Masterful Stab"],"picked":"Footwork","floor":18},{"not_picked":["Flechettes+1","Backflip"],"picked":"Blade Dance+1","floor":20},{"not_picked":["Acrobatics","Dodge and Roll","Slice"],"picked":"Singing Bowl","floor":21},{"not_picked":["Poisoned Stab","Catalyst","Prepared"],"picked":"Singing Bowl","floor":22},{"not_picked":["Setup","Underhanded Strike","infinitespire:Neurotoxin"],"picked":"Singing Bowl","floor":23},{"not_picked":["Masterful Stab","Dagger Spray","Escape Plan"],"picked":"Singing Bowl","floor":24},{"not_picked":["Endless Agony","ReplayTheSpireMod:Exploit Weakness+1","Bane"],"picked":"Singing Bowl","floor":25},{"not_picked":["Setup","Quick Slash","Sucker Punch+1"],"picked":"Singing Bowl","floor":31},{"not_picked":["Grand Finale","Malaise"],"picked":"Phantasmal Killer","floor":33},{"not_picked":["Backflip","Dagger Spray+1"],"picked":"Blade Dance+1","floor":34},{"not_picked":["Deflect","Reflex+1","Escape Plan+1"],"picked":"Singing Bowl","floor":35},{"not_picked":["All Out Attack","Prepared+1","Bane+1"],"picked":"Singing Bowl","floor":36},{"not_picked":["Tactician+1","Deflect+1","Quick Slash+1"],"picked":"Singing Bowl","floor":38},{"not_picked":["Endless Agony","Outmaneuver+1","PiercingWail+1"],"picked":"Singing Bowl","floor":39},{"not_picked":["Riddle With Holes","Flechettes+1","Malaise"],"picked":"Singing Bowl","floor":41},{"not_picked":["Heel Hook","Footwork"],"picked":"Accuracy+1","floor":46},{"not_picked":["PiercingWail+1","Prepared+1","Tactician+1"],"picked":"Singing Bowl","floor":48},{"not_picked":["Catalyst+1","Dodge and Roll","Backstab"],"picked":"Singing Bowl","floor":50}],"player_experience":415529,"relics_obtained":[{"floor":7,"key":"Singing Bowl"},{"floor":8,"key":"Odd Mushroom"},{"floor":9,"key":"Replay:Rubber Ducky"},{"floor":11,"key":"Replay:Ringing Soul"},{"floor":23,"key":"ReplayFunnel"},{"floor":26,"key":"Blue Doll"},{"floor":30,"key":"Matryoshka"},{"floor":31,"key":"Gremlin Horn"},{"floor":39,"key":"Counterbalance"},{"floor":41,"key":"Regal Pillow"},{"floor":43,"key":"infinitespire:BottledMercury"},{"floor":43,"key":"Replay:Bottled Flurry"},{"floor":48,"key":"Byrd Skull"},{"floor":51,"key":"Pet Ghost"}],"event_choices":[{"damage_healed":0,"gold_gain":0,"player_choice":"Fought Mushrooms","damage_taken":0,"max_hp_gain":0,"max_hp_loss":0,"event_name":"Mushrooms","floor":8,"gold_loss":0},{"damage_healed":0,"gold_gain":0,"player_choice":"Became a Ghost","damage_taken":0,"max_hp_gain":0,"max_hp_loss":40,"event_name":"Ghosts","floor":27,"gold_loss":0,"cards_obtained":["Ghostly","Ghostly","Ghostly","Ghostly","Ghostly"]},{"damage_healed":0,"gold_gain":0,"player_choice":"Inject Mutagens","damage_taken":0,"relics_obtained":["MutagenicStrength"],"max_hp_gain":0,"max_hp_loss":0,"event_name":"Drug Dealer","floor":28,"gold_loss":0},{"damage_healed":0,"gold_gain":0,"player_choice":"Fight","damage_taken":0,"max_hp_gain":0,"max_hp_loss":0,"event_name":"Mysterious Sphere","floor":39,"gold_loss":0},{"damage_healed":0,"gold_gain":0,"player_choice":"Fight","damage_taken":0,"max_hp_gain":0,"max_hp_loss":0,"event_name":"MindBloom","floor":48,"gold_loss":0},{"cards_removed":["Neutralize"],"damage_healed":0,"gold_gain":0,"player_choice":"Removed Attack","damage_taken":0,"max_hp_gain":0,"max_hp_loss":0,"event_name":"Falling","floor":49,"gold_loss":0}],"is_beta":false,"boss_relics":[{"not_picked":["ReplayTheSpireMod:SealedPack","SlaversCollar"],"picked":"Replay:Grab Bag"},{"not_picked":["Painkiller Herb","Ectoplasm"],"picked":"Sozu"},{"not_picked":["Replay:Bronze Core","Fusion Hammer"],"picked":"Coffee Dripper"},{"not_picked":["Pandora\u0027s Box","Snecko Scales"],"picked":"WristBlade"},{"not_picked":["Black Star","Runic Pyramid"],"picked":"Replay:Drink Me"},{"not_picked":["Honey Jar","Runic Dome"],"picked":"Tiny House"}],"items_purged_floors":[13,19,29,37],"is_endless":false,"potions_floor_spawned":[4,5,8,11,14,16,18,20,23,25,39,46,48,50],"ascension_level":4}}