{"host":"i838i4v0j45fzwgz","time":1609010172,"event":{"mods":["Ascension Reborn","BaseMod","Better Third Choice","BetterRewards","Card Forge","Hubris","Infinite Spire","Minty Spire (QoL Compilation)","Replay The Spire","Shop Mod","Spicy Shops","StSLib","vexMod"],"gold_per_floor":[112,112,6,6,19,19,54,54,124,156,156,191,222,242,242,340,340,351,33,67,67,97,97,97,97,124,135,135,135,168,196,196,196,196],"floor_reached":33,"playtime":4624,"items_purged":[],"score":425,"play_id":"ea131b8b-df83-4a10-a9cb-d8e9c1a87394","local_time":"20201226131612","daily_mods":["Allstar","Green Cards","Colorless Cards","Heirloom","Time Dilation","Flight","DeadlyEvents"],"is_ascension_mode":false,"campfire_choices":[{"data":"Acrobatics","floor":6,"key":"SMITH"},{"data":"Crow Ritual","floor":8,"key":"SMITH"},{"data":"Catalyst","floor":11,"key":"SMITH"},{"floor":15,"key":"REST"},{"floor":23,"key":"REST"},{"floor":24,"key":"REST"},{"floor":25,"key":"REST"}],"circlet_count":0,"master_deck":["Strike_G+1","Strike_G+1","Strike_G","Strike_G","Strike_G","Defend_G","Defend_G","Defend_G","Defend_G","Defend_G","Survivor","Madness","Dark Shackles","Deep Breath","Violence","Crow Ritual+1","Acrobatics+1","Discovery+1","Outmaneuver","Quick Slash","Dagger Throw","Quick Slash","Deadly Poison","Catalyst+1","vexMod:EmailVexCard","Poisoned Stab","Hidden Blade","Dagger Spray","Poison Darts","ReplayTheSpireMod:Scrap Shanks","Replay:Dark Deal","Acrobatics","hubris:Ssssneak","Outmaneuver","Decay","Secret Technique","Poisoned Stab+1","ReplayTheSpireMod:Black Plague","Blade Dance","Jack Of All Trades"],"relics":["Ring of the Snake","Hammer of Thor","Seething Fire","Anvil of the Gods","replay:Trail_Library","infinitespire:Joker Card","Replay:Baseball","infinitespire:WardingShard","Pondfish Scales","Kunai","Simple Rune","Runic Pyramid","Red Mask","Centennial Puzzle","PreservedInsect","Darkstone Periapt","Replay:Accelerometer","infinitespire:Broken Mirror"],"acts_visited":["Exordium","TheCity"],"potions_floor_usage":[12,12,22,22,33],"damage_taken":[{"damage":0,"enemies":"infinitespire:Voidling","floor":1,"turns":4},{"damage":0,"enemies":"Jaw Worm","floor":5,"turns":4},{"damage":18,"enemies":"Gremlin Nob","floor":7,"turns":3},{"damage":9,"enemies":"Replay:BlueRogue","floor":10,"turns":5},{"damage":19,"enemies":"Gremlin Nob","floor":12,"turns":4},{"damage":0,"enemies":"3 Sentries","floor":13,"turns":5},{"damage":0,"enemies":"Cultist","floor":14,"turns":2},{"damage":0,"enemies":"Fading Forest","floor":16,"turns":11},{"damage":9,"enemies":"2 Thieves","floor":18,"turns":4},{"damage":11,"enemies":"Masked Bandits","floor":20,"turns":5},{"damage":34,"enemies":"Book of Stabbing","floor":22,"turns":6},{"damage":3,"enemies":"Shell Parasite","floor":27,"turns":6},{"damage":4,"enemies":"Nightmare","floor":30,"turns":4},{"damage":47,"enemies":"Slavers","floor":31,"turns":5},{"damage":17,"enemies":"Pondfish","floor":33,"turns":4}],"seed_played":"-5189335238590033236","potions_obtained":[{"floor":7,"key":"Energy Potion"},{"floor":16,"key":"Adrenaline Potion"},{"floor":18,"key":"EssenceOfSteel"},{"floor":20,"key":"Dexterity Potion"},{"floor":22,"key":"Adrenaline Potion"}],"is_trial":true,"path_per_floor":["M","?","$","?","M","R","E","R","T","E","R","E","E","M","R","B",null,"M","$","?","?","E","R","R","R","T","M","?","AVR","NM","E","R","B"],"character_chosen":"THE_SILENT","items_purchased":["Outmaneuver","Quick Slash","Replay:Dark Deal","Acrobatics","hubris:Ssssneak"],"campfire_rested":4,"item_purchase_floors":[3,3,19,19,19],"current_hp_per_floor":[70,70,70,70,70,70,52,52,52,43,43,24,24,24,45,45,70,61,61,50,50,16,37,58,70,70,67,67,67,63,16,16,0,0],"gold":196,"neow_bonus":"","is_daily":false,"chose_seed":false,"campfire_upgraded":3,"win_rate":0.0,"timestamp":1609010172,"path_taken":["?","?","?","?","?","R","E","R","T","E","R","E","?","M","R","BOSS","M","$","?","?","?","R","R","R","T","?","?","AVR","NM","?","R","BOSS"],"items_purchased_type":["Card","Card","Card","Card","Card"],"build_version":"2020-12-22","purchased_purges":0,"victory":false,"max_hp_per_floor":[70,70,70,70,70,70,70,70,70,70,70,70,70,70,70,70,70,70,70,70,70,70,70,70,70,70,70,70,70,70,70,70,70,70],"card_choices":[{"not_picked":["hubris:Sniper","Quick Slash"],"picked":"Acrobatics","floor":1},{"not_picked":["Good Instincts","Bouncing Flask"],"picked":"Quick Slash","floor":5},{"not_picked":["Replay:Sssssssssshield","Dark Shackles"],"picked":"Deadly Poison","floor":7},{"not_picked":["Survey Options","ReplayTheSpireMod:Exploit Weakness"],"picked":"Catalyst","floor":10},{"not_picked":["Cloak And Dagger","Dodge and Roll"],"picked":"Poisoned Stab","floor":12},{"not_picked":["Dodge and Roll","Underhanded Strike"],"picked":"Hidden Blade","floor":13},{"not_picked":["Slice","Good Instincts"],"picked":"Dagger Spray","floor":14},{"not_picked":["Burst","Envenom"],"picked":"Poison Darts","floor":16},{"not_picked":["Prepared","Sucker Punch"],"picked":"ReplayTheSpireMod:Scrap Shanks","floor":18},{"not_picked":["PanicButton","hubris:SlightOfHand"],"picked":"Outmaneuver","floor":20},{"not_picked":["Bane","Quick Slash+1"],"picked":"Secret Technique","floor":22},{"not_picked":["Riddle With Holes","Caltrops"],"picked":"Poisoned Stab+1","floor":27},{"not_picked":["Underhanded Strike","Dodge and Roll"],"picked":"Blade Dance","floor":30},{"not_picked":["Finisher","Dagger Spray"],"picked":"Jack Of All Trades","floor":31}],"player_experience":20702,"relics_obtained":[{"floor":7,"key":"Replay:Baseball"},{"floor":9,"key":"infinitespire:WardingShard"},{"floor":10,"key":"Pondfish Scales"},{"floor":12,"key":"Kunai"},{"floor":13,"key":"Simple Rune"},{"floor":20,"key":"Red Mask"},{"floor":22,"key":"Centennial Puzzle"},{"floor":26,"key":"PreservedInsect"},{"floor":30,"key":"Replay:Accelerometer"},{"floor":31,"key":"infinitespire:Broken Mirror"}],"event_choices":[{"damage_healed":0,"gold_gain":0,"player_choice":"1 cards matched","damage_taken":0,"max_hp_gain":0,"max_hp_loss":0,"event_name":"Match and Keep!","floor":4,"gold_loss":0,"cards_obtained":["Dagger Throw"]},{"damage_healed":0,"gold_gain":0,"player_choice":"Fought Bandits","damage_taken":0,"max_hp_gain":0,"max_hp_loss":0,"event_name":"Masked Bandits","floor":20,"gold_loss":0},{"damage_healed":0,"gold_gain":0,"player_choice":"Cursed","damage_taken":0,"max_hp_gain":0,"max_hp_loss":0,"event_name":"Wheel of Change","floor":21,"gold_loss":0,"cards_obtained":["Decay"]},{"damage_healed":0,"gold_gain":0,"player_choice":"Gave Potion","damage_taken":0,"relics_obtained":["Darkstone Periapt"],"max_hp_gain":0,"max_hp_loss":0,"event_name":"WeMeetAgain","floor":28,"gold_loss":0},{"damage_healed":0,"gold_gain":0,"player_choice":"Ignored","damage_taken":0,"max_hp_gain":0,"max_hp_loss":0,"event_name":"Vampires","floor":32,"gold_loss":0}],"is_beta":false,"boss_relics":[{"not_picked":["vexMod:EndlessSickness","SacredBark"],"picked":"Runic Pyramid"}],"items_purged_floors":[],"is_endless":true,"potions_floor_spawned":[7,16,18,20,22],"killed_by":"Pondfish","ascension_level":0}}