{"host":"ye7mfqqt9ljtnqit","time":1609001613,"event":{"mods":["BaseMod","Colored Map","Downfall","Marisa£®ÏF”Í°°ƒß¿Ì…≥£©","Minty Spire (QoL Compilation)","StSLib","SuperFastMode","The Servant 0.9.4"],"gold_per_floor":[115,133,133,99,115,146,146,156,180,180,180,199,215,26,26,26,26],"floor_reached":16,"playtime":1104,"items_purged":[],"score":102,"play_id":"c386f0df-9ef6-4722-ae94-9eaa63f51bd8","local_time":"20201227005333","is_ascension_mode":false,"campfire_choices":[{"floor":7.0,"key":"REST"},{"data":"KidneyShot","floor":11.0,"key":"SMITH"},{"data":"Revamp","floor":15,"key":"SMITH"}],"circlet_count":0,"master_deck":["Strike_S","Strike_S","Strike_S","Defend_S","Defend_S","Defend_S","Defend_S","KidneyShot+1","Exchange","Luminosity","WasteNot","RealityMarble","Rearm","Contraction","Shuttle","Duplication","BottledTime","MurderousAura","Revamp+1"],"relics":["Uniform","NeowsBlessing","Anchor","Omamori"],"acts_visited":["Exordium"],"potions_floor_usage":[13,13,13],"damage_taken":[{"damage":1.0,"enemies":"Jaw Worm","floor":1.0,"turns":2.0},{"damage":0.0,"enemies":"2 Louse","floor":2.0,"turns":1.0},{"damage":0.0,"enemies":"Cultist","floor":5.0,"turns":1.0},{"damage":43.0,"enemies":"Lagavulin","floor":6.0,"turns":11.0},{"damage":11.0,"enemies":"Lots of Slimes","floor":8.0,"turns":8.0},{"damage":32.0,"enemies":"Gremlin Gang","floor":12.0,"turns":10.0},{"damage":0,"enemies":"Looter","floor":13,"turns":3},{"damage":41,"enemies":"Slime Boss","floor":16,"turns":10}],"seed_played":"851015450011219432","potions_obtained":[{"floor":1.0,"key":"GamblersBrew"},{"floor":8.0,"key":"LiquidMemories"},{"floor":12.0,"key":"Swift Potion"}],"is_trial":false,"path_per_floor":["M","M","?","$","M","E","R","M","T","?","R","M","M","$","R","B"],"character_chosen":"THE_SERVANT","items_purchased":["RealityMarble","MurderousAura","Revamp"],"campfire_rested":1,"item_purchase_floors":[4,14,14],"current_hp_per_floor":[64,64,57,57,57,14,33,22,22,65,65,33,33,33,33,0,0],"gold":26,"neow_bonus":"THREE_ENEMY_KILL","is_daily":false,"chose_seed":false,"campfire_upgraded":2,"win_rate":0.0,"timestamp":1609001613,"path_taken":["M","M","?","$","M","E","R","M","T","?","R","M","M","$","R","BOSS"],"items_purchased_type":["Card","Card","Card"],"build_version":"2020-12-22","purchased_purges":0,"victory":false,"max_hp_per_floor":[65,65,65,65,65,65,65,65,65,65,65,65,65,65,65,65,65],"card_choices":[{"not_picked":["Rewind","DoubleEdge"],"picked":"Luminosity","floor":1.0},{"not_picked":["ShatteredReality","Defy"],"picked":"WasteNot","floor":2.0},{"not_picked":["TimeWarp","DoubleEdge"],"picked":"Rearm","floor":5.0},{"not_picked":["Luminosity","ShatteredReality"],"picked":"Contraction","floor":6.0},{"not_picked":["Foresight","ShatteredReality"],"picked":"Shuttle","floor":8.0},{"not_picked":["Read","DualDimension"],"picked":"Duplication","floor":12.0},{"not_picked":["Unruled","ShatteredReality"],"picked":"BottledTime","floor":13}],"player_experience":37215,"relics_obtained":[{"floor":6.0,"key":"Anchor"},{"floor":9.0,"key":"Omamori"}],"event_choices":[{"cards_removed":["Strike_S"],"damage_healed":0.0,"max_hp_gain":0.0,"max_hp_loss":0.0,"gold_gain":0.0,"event_name":"Golden Wing","player_choice":"Card Removal","floor":3.0,"gold_loss":0.0,"damage_taken":7.0},{"damage_healed":43.0,"max_hp_gain":0.0,"max_hp_loss":0.0,"gold_gain":0.0,"event_name":"Wheel of Change","player_choice":"Full Heal","floor":10.0,"gold_loss":0.0,"damage_taken":0.0}],"is_beta":false,"boss_relics":[],"items_purged_floors":[],"is_endless":false,"potions_floor_spawned":[1,8,12],"killed_by":"Slime Boss","ascension_level":0}}