{"host":"645xqr9rkj71uhiq","time":1609012391,"event":{"mods":["AchievementEnabler","Act Like it!","BaseMod","Beaked The Cultist","Better Altar","Better Third Choice","BetterRewards","Card Forge","Colored Map","Conspire","Downfall","Hallownest","Hermit","Hubris","Infinite Spire","Lobotomy","Minty Spire (QoL Compilation)","Rare Cards Sparkle","Replay The Spire","Spicy Shops","Spikes Relics","StSLib","The Bug Knight","The Hierophant"],"gold_per_floor":[367,385,401,105,105,105,140,140,163,182,216,236,266,266,266,364,364,383,298,298,315,327,356,372,392,392,437,449,24,42,76,76,180,180,196,231,250,300,313,313,359,385,409,463,504,536,576,610,610,636],"floor_reached":51,"playtime":3032,"items_purged":["Writhe","Intolerance"],"score":1046,"play_id":"f3cfe68a-a8fc-4865-b23f-a2e78e5b326a","local_time":"20201226145311","is_ascension_mode":false,"campfire_choices":[{"data":"Inflame","floor":6,"key":"SMITH"},{"data":"Bash","floor":8,"key":"SMITH"},{"data":"ReplayTheSpireMod:Muscle Training","floor":15,"key":"SMITH"},{"data":"Feed","floor":28,"key":"SMITH"},{"data":"Inflame","floor":32,"key":"SMITH"},{"data":"Sword Boomerang","floor":40,"key":"SMITH"}],"circlet_count":0,"master_deck":["Strike_R","Strike_R+1","Strike_R","Strike_R","Strike_R+1","Defend_R","Defend_R+1","Defend_R+1","Defend_R","Bash+1","Inflame+1","Twin Strike","Inflame+1","Iron Wave","Shrug It Off","ReplayTheSpireMod:Muscle Training+1","Disarm","Feed+1","Flame Barrier+1","Pot Of Greed","Pot Of Greed","True Grit","ReplayTheSpireMod:Muscle Training","Shockwave+1","Flex+1","Pot Of Greed","Replay:Undeath\u0027s Touch","Inflame+1","Inflame","Sword Boomerang+1","Spot Weakness+1","ReplayTheSpireMod:Limb From Limb","Disarm+1","Berserk"],"relics":["Burning Blood","Hammer of Thor","Seething Fire","Anvil of the Gods","hubris:PeanutButter","Replay:Wax Seal","GolemAmulet","RollingBoulder","hubris:CuriousFeather","MiniBlackHole","Toy Ornithopter","hubris:RunicObelisk","Blue Doll","Grinning Jar","Nunchaku","MawBank","Simple Rune","Replay:Rubber Ducky","War Paint","hubris:SlimyHat","beaked:MawFillet","Lantern","Replay:Multitool","Champion Belt","Replay:Bandana","ReplayTheSpireMod:Spearhead","infinitespire:ShieldingShard","hubris:Towel"],"acts_visited":["Exordium","TheCity","TheBeyond"],"potions_floor_usage":[7,11,16,22,27,36,44,44,50],"damage_taken":[{"damage":8,"enemies":"Jaw Worm","floor":1,"turns":4},{"damage":2,"enemies":"2 Louse","floor":2,"turns":3},{"damage":10,"enemies":"Small Slimes","floor":3,"turns":5},{"damage":18,"enemies":"3 Sentries","floor":7,"turns":5},{"damage":0,"enemies":"Blue Slaver","floor":10,"turns":3},{"damage":2,"enemies":"Lagavulin","floor":11,"turns":5},{"damage":0,"enemies":"Red Slaver","floor":12,"turns":3},{"damage":0,"enemies":"3 Sentries","floor":13,"turns":5},{"damage":17,"enemies":"Slime Boss","floor":16,"turns":5},{"damage":5,"enemies":"Shell Parasite","floor":18,"turns":7},{"damage":7,"enemies":"2 Thieves","floor":21,"turns":4},{"damage":10,"enemies":"3 Cultists","floor":22,"turns":5},{"damage":4,"enemies":"Book of Stabbing","floor":23,"turns":7},{"damage":10,"enemies":"Shelled Parasite and Fungi","floor":24,"turns":4},{"damage":0,"enemies":"conspire:HollyBat","floor":25,"turns":5},{"damage":4,"enemies":"Gremlin Leader","floor":27,"turns":6},{"damage":0,"enemies":"Cultist and Chosen","floor":30,"turns":8},{"damage":0,"enemies":"Slavers","floor":31,"turns":5},{"damage":11,"enemies":"hubris:MusketHawk","floor":33,"turns":6},{"damage":0,"enemies":"3 Darklings","floor":35,"turns":6},{"damage":0,"enemies":"HollowMod:StalkingDevout","floor":36,"turns":5},{"damage":0,"enemies":"3 Shapes","floor":37,"turns":3},{"damage":0,"enemies":"Mind Bloom Boss Battle","floor":38,"turns":5},{"damage":0,"enemies":"Spire Growth","floor":39,"turns":6},{"damage":1,"enemies":"2 Orb Walkers","floor":41,"turns":4},{"damage":0,"enemies":"Giant Head","floor":42,"turns":7},{"damage":29,"enemies":"Reptomancer","floor":44,"turns":8},{"damage":10,"enemies":"Transient","floor":45,"turns":5},{"damage":19,"enemies":"Jaw Worm Horde","floor":46,"turns":4},{"damage":0,"enemies":"Maw","floor":47,"turns":6},{"damage":3,"enemies":"3 Darklings","floor":48,"turns":6},{"damage":46,"enemies":"Awakened One","floor":50,"turns":7}],"seed_played":"8210083619529123911","potions_obtained":[{"floor":2,"key":"AttackPotion"},{"floor":3,"key":"BlessingOfTheForge"},{"floor":10,"key":"FearPotion"},{"floor":18,"key":"Explosive Potion"},{"floor":23,"key":"SteroidPotion"},{"floor":30,"key":"Block Potion"},{"floor":33,"key":"HeartOfIron"},{"floor":35,"key":"Dexterity Potion"},{"floor":38,"key":"Languid Potion"},{"floor":41,"key":"Adrenaline Potion"},{"floor":45,"key":"conspire:TimeTravelPotion"},{"floor":46,"key":"Doom Potion"}],"is_trial":false,"path_per_floor":["M","M","M","$","?","R","E","R","T","M","E","M","E","?","R","B",null,"M","?","?","M","M","E","M","M","T","E","R","$","M","E","R","B",null,"M","E","M","?","M","R","?","E","T","E","M","M","M","M","R","B",null],"character_chosen":"IRONCLAD","items_purchased":["Inflame","hubris:PeanutButter","Replay:Wax Seal","Inflame","Replay:Rubber Ducky","War Paint"],"campfire_rested":0,"item_purchase_floors":[4,4,4,29,29,29],"current_hp_per_floor":[70,72,68,68,68,68,56,56,56,62,66,72,72,39,39,33,72,75,75,75,77,77,82,81,90,90,93,93,93,97,101,101,100,105,109,113,117,117,121,121,125,129,129,110,106,97,107,114,114,83],"gold":636,"neow_bonus":"TWO_FIFTY_GOLD","is_daily":false,"chose_seed":false,"campfire_upgraded":6,"win_rate":0.0,"timestamp":1609012391,"path_taken":["M","M","M","$","?","R","E","R","T","M","E","M","E","?","R","BOSS","M","?","?","?","?","E","M","M","T","E","R","?","M","E","R","BOSS","M","E","M","?","M","R","?","E","T","E","M","M","M","M","R","BOSS"],"items_purchased_type":["Card","Relic","Relic","Card","Relic","Relic"],"build_version":"2020-12-22","purchased_purges":2,"victory":true,"max_hp_per_floor":[72,72,72,72,72,72,72,72,72,72,72,72,72,72,72,72,72,75,75,75,78,81,84,87,90,90,93,93,93,97,101,101,105,105,109,113,117,117,121,121,125,129,129,133,133,137,141,145,145,149],"card_choices":[{"not_picked":["Shrug It Off","Warcry"],"picked":"Inflame","floor":1},{"not_picked":["Blood for Blood","Ghostly Armor","Clash"],"picked":"SKIP","floor":2},{"not_picked":["Body Slam","Searing Blow"],"picked":"Twin Strike","floor":3},{"not_picked":["Reckless Charge","Intimidate"],"picked":"Iron Wave","floor":7},{"not_picked":["Anger","Heavy Blade"],"picked":"Shrug It Off","floor":10},{"not_picked":["Massacre","Clash"],"picked":"ReplayTheSpireMod:Muscle Training","floor":11},{"not_picked":["Sever Soul","Entrench"],"picked":"Disarm","floor":12},{"not_picked":["Clash","Brutality","Searing Blow"],"picked":"SKIP","floor":13},{"not_picked":["Barricade","Offering"],"picked":"Feed","floor":16},{"not_picked":["Massacre","Abandon"],"picked":"Flame Barrier+1","floor":18},{"not_picked":["Replay:Undeath\u0027s Touch+1","ReplayTheSpireMod:Strike From Hell"],"picked":"True Grit","floor":21},{"not_picked":["hubris:SharpeningStone","Battle Trance+1","Warcry"],"picked":"SKIP","floor":22},{"not_picked":["Double Tap","Burning Pact"],"picked":"ReplayTheSpireMod:Muscle Training","floor":23},{"not_picked":["Second Wind","Heavy Blade"],"picked":"Shockwave+1","floor":24},{"not_picked":["Rage+1","Invigoration"],"picked":"Flex+1","floor":25},{"not_picked":["Clothesline","Hemokinesis"],"picked":"Replay:Undeath\u0027s Touch","floor":27},{"not_picked":["ReplayTheSpireMod:Strike From Hell","Burning Pact","ReplayTheSpireMod:LeadingStrike"],"picked":"SKIP","floor":30},{"not_picked":["Iron Wave+1","Combust+1","Anger"],"picked":"SKIP","floor":31},{"not_picked":["Sever Soul","Headbutt","Abandon+1"],"picked":"SKIP","floor":35},{"not_picked":["Run Through","Perfected Strike+1","Infernal Blade+1"],"picked":"SKIP","floor":36},{"not_picked":["Rampage+1","Cleave+1"],"picked":"Sword Boomerang","floor":37},{"not_picked":["Sword Boomerang","Defy Death+1"],"picked":"Spot Weakness+1","floor":39},{"not_picked":["Blood for Blood","Dropkick"],"picked":"ReplayTheSpireMod:Limb From Limb","floor":41},{"not_picked":["Infernal Blade","ReplayTheSpireMod:Corrosion Curse"],"picked":"Disarm+1","floor":42},{"not_picked":["Sword Boomerang+1","Metallicize"],"picked":"Berserk","floor":44},{"not_picked":["hubris:SharpeningStone+1","Rampage+1","Warcry"],"picked":"SKIP","floor":45},{"not_picked":["Body Slam+1","Flame Barrier+1","Pommel Strike"],"picked":"SKIP","floor":46},{"not_picked":["Clothesline+1","Twin Strike","Sever Soul"],"picked":"SKIP","floor":47},{"not_picked":["Power Through+1","Heavy Blade","Clash+1"],"picked":"SKIP","floor":48}],"player_experience":4670,"relics_obtained":[{"floor":7,"key":"GolemAmulet"},{"floor":9,"key":"RollingBoulder"},{"floor":11,"key":"hubris:CuriousFeather"},{"floor":13,"key":"MiniBlackHole"},{"floor":23,"key":"Nunchaku"},{"floor":26,"key":"MawBank"},{"floor":27,"key":"Simple Rune"},{"floor":31,"key":"hubris:SlimyHat"},{"floor":36,"key":"Lantern"},{"floor":38,"key":"Replay:Multitool"},{"floor":41,"key":"Champion Belt"},{"floor":42,"key":"Replay:Bandana"},{"floor":43,"key":"ReplayTheSpireMod:Spearhead"},{"floor":44,"key":"infinitespire:ShieldingShard"}],"event_choices":[{"damage_healed":0,"gold_gain":0,"player_choice":"Grow","damage_taken":0,"max_hp_gain":0,"max_hp_loss":0,"event_name":"Living Wall","floor":5,"gold_loss":0,"cards_upgraded":["Inflame"]},{"damage_healed":0,"gold_gain":0,"player_choice":"Relic ","damage_taken":33,"max_hp_gain":0,"max_hp_loss":0,"event_name":"betterThird:BetterScrap","floor":14,"gold_loss":0,"cards_obtained":["ReplayTheSpireMod:Exploit Weakness"]},{"damage_healed":0,"gold_gain":0,"player_choice":"Obtained Relic","damage_taken":0,"relics_obtained":["Blue Doll"],"max_hp_gain":0,"max_hp_loss":0,"event_name":"Addict","floor":19,"gold_loss":85},{"damage_healed":0,"gold_gain":0,"player_choice":"Fight","damage_taken":0,"max_hp_gain":0,"max_hp_loss":0,"event_name":"MindBloom","floor":38,"gold_loss":0},{"damage_healed":0,"gold_gain":0,"player_choice":"Fight","damage_taken":0,"max_hp_gain":0,"max_hp_loss":0,"event_name":"Mysterious Sphere","floor":41,"gold_loss":0}],"is_beta":false,"boss_relics":[{"not_picked":["conspire:SpecialSausage","Fusion Hammer"],"picked":"hubris:RunicObelisk"},{"not_picked":["Ring of Chaos","conspire:SeveredTorchhead"],"picked":"beaked:MawFillet"}],"items_purged_floors":[4,29],"is_endless":false,"potions_floor_spawned":[2,3,10,18,23,30,33,35,38,41,45,46,47],"ascension_level":0}}