{"host":"d64axfghkv1zq619","time":1609027168,"event":{"mods":["BaseMod","Better Third Choice","Custom Start","Defuse TimeMaze Blight","Downfall","Friendly Minions","Infinite Spire","Minty Spire (QoL Compilation)","Shade Mod","Spicy Shops","StSLib","The Marked"],"gold_per_floor":[99,117,117,131,150,160,160,85,98,83,99,126,51,82,99,196,196,196,196],"floor_reached":18,"playtime":1592,"items_purged":[],"score":209,"play_id":"4c6019ad-f645-4792-9ea9-01b52b290d50","local_time":"20201226165928","daily_mods":["Draft"],"is_ascension_mode":true,"campfire_choices":[{"data":"theMarked:ComboAttacks","floor":1,"key":"SMITH"},{"floor":8,"key":"RECALL"},{"data":"theMarked:MaelstromOfLightning","floor":13,"key":"SMITH"},{"data":"theMarked:EternalStudent","floor":18,"key":"SMITH"}],"circlet_count":0,"master_deck":["theMarked:ReduceFriction","theMarked:HeightenedSenses","theMarked:ShockingTouch","theMarked:ParalyzingBlade","theMarked:EmpowerWeapon","theMarked:ChainLightning","theMarked:TwofoldDefense","theMarked:Overthink","theMarked:Electrocute","theMarked:ComboAttacks+1","theMarked:Static","theMarked:KeepCalmAndFightOn+1","theMarked:MaelstromOfLightning+1","theMarked:HeightenedSenses","theMarked:TwofoldDefense","theMarked:HeightenedSenses","theMarked:Indomitable","theMarked:RepellingDischarge","theMarked:EnhanceMovement","theMarked:PowerFlow","theMarked:EternalStudent+1"],"relics":["theMarked:ArtifactOfAir","downfall:HeartBlessingBlue","Gremlin Horn","downfall:HeartBlessingRed","Turnip","SlaversCollar"],"acts_visited":["Exordium","TheCity"],"potions_floor_usage":[10,14,16],"damage_taken":[{"damage":0,"enemies":"Small Slimes","floor":2,"turns":2},{"damage":0,"enemies":"Cultist","floor":4,"turns":2},{"damage":6,"enemies":"Jaw Worm","floor":5,"turns":2},{"damage":7,"enemies":"Red Slaver","floor":6,"turns":3},{"damage":0,"enemies":"Lots of Slimes","floor":9,"turns":2},{"damage":5,"enemies":"downfall:FleeingMerchant","floor":10,"turns":4},{"damage":0,"enemies":"Exordium Wildlife","floor":11,"turns":2},{"damage":0,"enemies":"3 Sentries","floor":12,"turns":4},{"damage":6,"enemies":"Lagavulin","floor":14,"turns":5},{"damage":15,"enemies":"Exordium Thugs","floor":15,"turns":2},{"damage":38,"enemies":"downfall:Silent","floor":16,"turns":6}],"seed_played":"5861848636170380732","potions_obtained":[{"floor":5,"key":"FearPotion"},{"floor":11,"key":"Weak Potion"},{"floor":14,"key":"FearPotion"},{"floor":15,"key":"SteroidPotion"}],"is_trial":true,"path_per_floor":["R","M","?","M","M","M","T","R","M","$","M","E","R","E","M","B",null,"R"],"character_chosen":"THE_DEFAULT","items_purchased":[],"campfire_rested":0,"item_purchase_floors":[],"current_hp_per_floor":[70,70,70,70,64,57,57,67,67,62,62,62,62,56,41,3,80,80,80],"gold":196,"neow_bonus":"","is_daily":false,"chose_seed":false,"campfire_upgraded":3,"win_rate":0.0,"timestamp":1609027168,"path_taken":["R","M","?","?","M","M","T","R","M","$","?","E","R","E","M","BOSS","R"],"items_purchased_type":[],"build_version":"2020-12-22","purchased_purges":0,"victory":false,"max_hp_per_floor":[70,70,70,70,70,70,70,80,80,80,80,80,80,80,80,80,80,80,80],"card_choices":[{"not_picked":["theMarked:Reabsorb","theMarked:BanishingWave"],"picked":"theMarked:ReduceFriction","floor":0},{"not_picked":["theMarked:WastefulAttack","theMarked:Parkour"],"picked":"theMarked:HeightenedSenses","floor":0},{"not_picked":["theMarked:ChainLightning","theMarked:ResourceFulStrike"],"picked":"theMarked:ShockingTouch","floor":0},{"not_picked":["theMarked:BanishingStrike","theMarked:Improvise"],"picked":"theMarked:ParalyzingBlade","floor":0},{"not_picked":["theMarked:ElectricStrings","theMarked:WardOff"],"picked":"theMarked:EmpowerWeapon","floor":0},{"not_picked":["theMarked:BanishingStrike","theMarked:Seal"],"picked":"theMarked:ChainLightning","floor":0},{"not_picked":["theMarked:WastefulDefense","theMarked:ResourceFulStrike"],"picked":"theMarked:TwofoldDefense","floor":0},{"not_picked":["theMarked:ElectricStrings","theMarked:Improvise"],"picked":"theMarked:Overthink","floor":0},{"not_picked":["theMarked:WastefulAttack","theMarked:Generate"],"picked":"theMarked:Electrocute","floor":0},{"not_picked":["theMarked:ResourceFulStrike","theMarked:Improvise"],"picked":"theMarked:ComboAttacks","floor":0},{"not_picked":["theMarked:RepellingDischarge","theMarked:Opportunist"],"picked":"theMarked:Static","floor":0},{"not_picked":["theMarked:Frustration","theMarked:MysticalArsenal"],"picked":"theMarked:KeepCalmAndFightOn","floor":0},{"not_picked":["theMarked:WardOff","theMarked:BanishingStrike"],"picked":"theMarked:MaelstromOfLightning","floor":0},{"not_picked":["theMarked:Aftermath","theMarked:WastefulAttack"],"picked":"theMarked:HeightenedSenses","floor":0},{"not_picked":["theMarked:ResourceFulStrike","theMarked:Static"],"picked":"theMarked:TwofoldDefense","floor":0},{"not_picked":["theMarked:Parkour","theMarked:GodGivenPower","theMarked:RepellingDischarge"],"picked":"SKIP","floor":2},{"not_picked":["theMarked:MysticalArsenal","theMarked:ResourceFulStrike","theMarked:DeterminationOfTheMarked"],"picked":"SKIP","floor":4},{"not_picked":["theMarked:ChannelForce","theMarked:Static"],"picked":"theMarked:HeightenedSenses","floor":5},{"not_picked":["theMarked:Aftermath","theMarked:ElectricStrings"],"picked":"theMarked:Indomitable","floor":6},{"not_picked":["theMarked:Parkour","theMarked:Snap"],"picked":"theMarked:RepellingDischarge","floor":9},{"not_picked":["theMarked:ElectricStrings","theMarked:ResourceFulStrike","theMarked:WastefulAttack"],"picked":"SKIP","floor":10},{"not_picked":["theMarked:RepellingDischarge","theMarked:GodGivenPower"],"picked":"theMarked:EnhanceMovement","floor":11},{"not_picked":["theMarked:EmpowerWeapon","theMarked:RogueSparks"],"picked":"theMarked:PowerFlow","floor":12},{"not_picked":["theMarked:ChannelForce","theMarked:Parkour"],"picked":"theMarked:EternalStudent","floor":14},{"not_picked":["theMarked:KeepCalmAndFightOn","theMarked:Frustration","theMarked:DeterminationOfTheMarked"],"picked":"SKIP","floor":15}],"player_experience":519781,"relics_obtained":[{"floor":12,"key":"Gremlin Horn"},{"floor":14,"key":"Turnip"}],"event_choices":[{"damage_healed":0,"gold_gain":0,"player_choice":"Upgraded","damage_taken":0,"max_hp_gain":0,"max_hp_loss":0,"event_name":"Upgrade Shrine","floor":3,"gold_loss":0,"cards_upgraded":["theMarked:KeepCalmAndFightOn"]}],"is_beta":false,"boss_relics":[{"not_picked":["Empty Cage","Velvet Choker"],"picked":"SlaversCollar"}],"items_purged_floors":[],"is_endless":false,"potions_floor_spawned":[5,11,14,15],"ascension_level":1}}