{"host":"iak1zw6udsaqx1iy","time":1609007277,"event":{"mods":["BaseMod","Minty Spire (QoL Compilation)","Remilia（蕾米莉亚）","Replay The Spire","StSLib","The Alterego","The Cursed","The Servant 0.9.4","WarShipGirlsR/战舰少女R mod","Youmu（魂魄妖梦）"],"gold_per_floor":[112,112,131,149,7,40,40,54,54,79,79,113,167,197,197,293,293,309,289,115,132,147,176,176,201,224,224,252,312,18,65,65,81,81],"floor_reached":33,"playtime":2476,"items_purged":["Pain"],"score":431,"play_id":"a92debeb-bb1d-4898-9bb7-02924c46735d","local_time":"20201227022757","is_ascension_mode":true,"campfire_choices":[{"data":"Fluid Movement","floor":7.0,"key":"SMITH"},{"floor":11.0,"key":"REST"},{"data":"ReplayTheSpireMod:Speed Training","floor":15.0,"key":"SMITH"},{"floor":24.0,"key":"REST"},{"floor":27.0,"key":"REST"},{"floor":32,"key":"REST"}],"circlet_count":0,"master_deck":["Strike_G+1","Strike_G","Strike_G","Strike_G","Strike_G","Defend_G","Defend_G","Defend_G","Defend_G","Defend_G","Survivor","Neutralize","Poisoned Stab","Fluid Movement+1","Dagger Throw","Noxious Fumes","Toxin Wave","Dodge and Roll","ReplayTheSpireMod:Speed Training+1","Choke+1","All Out Attack","Deadly Poison+1","Poison Darts+1","Noxious Fumes+1","Violence+1","Blade Dance+1","Distraction+1","Slice","Outmaneuver+1","Tactician+1","Phantasmal Killer+1","Deflect+1","Tactician+1","Replay:Bag of Tricks+1","Prepared+1"],"relics":["Ring of the Snake","FossilizedHelix","WarpedTongs","Dream Catcher","Onion Ring","Ice Cream","Oddly Smooth Stone","Toxic Egg 2","Fusion Hammer","Replay:Bandana","Potion Belt","Nunchaku","Whetstone"],"acts_visited":["Exordium","TheCity"],"potions_floor_usage":[],"damage_taken":[{"damage":0.0,"enemies":"2 Louse","floor":1.0,"turns":2.0},{"damage":3.0,"enemies":"Cultist","floor":3.0,"turns":3.0},{"damage":10.0,"enemies":"Small Slimes","floor":4.0,"turns":4.0},{"damage":2.0,"enemies":"Gremlin Nob","floor":6.0,"turns":4.0},{"damage":0.0,"enemies":"Gremlin Gang","floor":8.0,"turns":5.0},{"damage":7.0,"enemies":"Lagavulin","floor":10.0,"turns":5.0},{"damage":2.0,"enemies":"3 Sentries","floor":12.0,"turns":8.0},{"damage":0.0,"enemies":"Gremlin Nob","floor":14.0,"turns":3.0},{"damage":15.0,"enemies":"Fading Forest","floor":16.0,"turns":11.0},{"damage":0.0,"enemies":"3 Byrds","floor":18.0,"turns":3.0},{"damage":0.0,"enemies":"Shell Parasite","floor":21.0,"turns":4.0},{"damage":10.0,"enemies":"Cultist and Chosen","floor":22.0,"turns":4.0},{"damage":18.0,"enemies":"Replay:Snechameleon","floor":23.0,"turns":5.0},{"damage":0.0,"enemies":"3 Cultists","floor":25.0,"turns":3.0},{"damage":9.0,"enemies":"Centurion and Healer","floor":28.0,"turns":4.0},{"damage":23.0,"enemies":"Slavers","floor":29.0,"turns":3.0},{"damage":102,"enemies":"Collector","floor":33,"turns":8}],"seed_played":"7630586007458650686","potions_obtained":[{"floor":6.0,"key":"DistilledChaos"},{"floor":8.0,"key":"LiquidMemories"},{"floor":14.0,"key":"FairyPotion"},{"floor":16.0,"key":"Weak Potion"},{"floor":19.0,"key":"Weak Potion"},{"floor":25.0,"key":"AttackPotion"},{"floor":28.0,"key":"SteroidPotion"}],"is_trial":false,"path_per_floor":["M","?","M","M","$","E","R","M","T","E","R","E","?","E","R","B",null,"M","?","$","M","M","E","R","M","T","R","M","E","$","T","R","B"],"character_chosen":"THE_SILENT","items_purchased":["Noxious Fumes","Violence+1","Nunchaku","Replay:Bag of Tricks+1"],"campfire_rested":4,"item_purchase_floors":[5,20,30,30],"current_hp_per_floor":[63,63,60,50,50,48,48,48,48,41,59,57,57,57,57,42,63,63,63,63,63,53,35,53,53,53,63,54,31,31,31,49,0,0],"gold":81,"neow_bonus":"ONE_RARE_RELIC","is_daily":false,"chose_seed":false,"campfire_upgraded":2,"win_rate":0.0,"timestamp":1609007277,"path_taken":["M","?","M","?","$","E","R","M","T","E","R","E","?","E","R","BOSS","M","?","$","?","M","E","R","M","T","R","M","E","$","?","R","BOSS"],"items_purchased_type":["Card","Card","Relic","Card"],"build_version":"2020-12-22","purchased_purges":1,"victory":false,"max_hp_per_floor":[63,63,63,63,63,63,63,63,63,63,63,63,63,63,63,63,63,63,63,63,63,63,63,63,63,63,63,63,63,63,63,63,63,63],"card_choices":[{"not_picked":["Quick Slash","Backflip"],"picked":"Poisoned Stab","floor":1.0},{"not_picked":["Endless Agony","Outmaneuver"],"picked":"Fluid Movement","floor":3.0},{"not_picked":["Hidden Blade","Underhanded Strike"],"picked":"Dagger Throw","floor":4.0},{"not_picked":["Dagger Throw","Predator"],"picked":"Toxin Wave","floor":6.0},{"not_picked":["Endless Agony","Sneak Up"],"picked":"Dodge and Roll","floor":8.0},{"not_picked":["Hidden Blade","ReplayTheSpireMod:Exploit Weakness"],"picked":"ReplayTheSpireMod:Speed Training","floor":10.0},{"not_picked":["Quick Slash","After Image"],"picked":"Choke","floor":11.0},{"not_picked":["Dodge and Roll","Dagger Throw"],"picked":"All Out Attack","floor":12.0},{"not_picked":["Wraith Form v2","Unload"],"picked":"Deadly Poison+1","floor":14.0},{"not_picked":["Glass Knife","Tools of the Trade"],"picked":"Poison Darts+1","floor":16.0},{"not_picked":["Dagger Spray","Dodge and Roll+1"],"picked":"Noxious Fumes+1","floor":18.0},{"not_picked":["Fluid Movement+1","Bane"],"picked":"Blade Dance+1","floor":21.0},{"not_picked":["Caltrops","Deadly Poison+1"],"picked":"Distraction+1","floor":22.0},{"not_picked":["Dash","Backstab"],"picked":"Slice","floor":23.0},{"not_picked":["Deadly Poison+1","PiercingWail+1"],"picked":"Outmaneuver+1","floor":24.0},{"not_picked":["Backflip+1","Bane"],"picked":"Tactician+1","floor":25.0},{"not_picked":["Concentrate+1","Accuracy"],"picked":"Phantasmal Killer+1","floor":27.0},{"not_picked":["Bane","Deadly Poison+1"],"picked":"Deflect+1","floor":28.0},{"not_picked":["Bane","Noxious Fumes"],"picked":"Tactician+1","floor":29.0},{"not_picked":["Dash+1","Bane"],"picked":"Prepared+1","floor":32}],"player_experience":260025,"relics_obtained":[{"floor":6.0,"key":"Dream Catcher"},{"floor":9.0,"key":"Onion Ring"},{"floor":10.0,"key":"Ice Cream"},{"floor":12.0,"key":"Oddly Smooth Stone"},{"floor":14.0,"key":"Toxic Egg 2"},{"floor":23.0,"key":"Replay:Bandana"},{"floor":29.0,"key":"Potion Belt"},{"floor":31,"key":"Whetstone"}],"event_choices":[{"damage_healed":0.0,"max_hp_gain":0.0,"max_hp_loss":0.0,"gold_gain":0.0,"event_name":"Accursed Blacksmith","player_choice":"Rummage","floor":2.0,"gold_loss":0.0,"damage_taken":0.0,"relics_obtained":["WarpedTongs"],"cards_obtained":["Pain"]},{"damage_healed":0.0,"max_hp_gain":0.0,"max_hp_loss":0.0,"gold_gain":54.0,"event_name":"Golden Wing","player_choice":"Gained Gold","floor":13.0,"gold_loss":0.0,"damage_taken":0.0},{"damage_healed":0.0,"max_hp_gain":0.0,"max_hp_loss":0.0,"gold_gain":0.0,"event_name":"The Woman in Blue","player_choice":"Bought 1 Potion","floor":19.0,"gold_loss":0.0,"damage_taken":0.0}],"is_beta":false,"boss_relics":[{"not_picked":["Cursed Key","Replay:Drink Me"],"picked":"Fusion Hammer"}],"items_purged_floors":[5],"is_endless":false,"potions_floor_spawned":[6,8,14,16,25,28],"killed_by":"Collector","ascension_level":4}}