{"host":"c9wjytal7yz6nwo6","time":1609019147,"event":{"mods":["AchievementEnabler","BaseMod","Bestiary","Colored Map","Curses Come First","Downfall","Highlight Path","Minty Spire (QoL Compilation)","Quick Restart","StSLib","SuperFastMode","The Dragon Tamer"],"gold_per_floor":[118,67,78,78,253,353,353,378,451,463,498,518,483,483,483,584,584,524,524,524,524,536,536,552,552,552,162,187,205,220,252,252,252,252],"floor_reached":33,"playtime":1406,"items_purged":[],"score":341,"play_id":"f3744796-8d7e-444d-811e-195bf032b54e","local_time":"20201226154547","is_ascension_mode":false,"campfire_choices":[{"data":"Zap","floor":7,"key":"SMITH"},{"data":"1","floor":15,"key":"LIFT"},{"data":"2","floor":23,"key":"LIFT"},{"data":"3","floor":25,"key":"LIFT"},{"data":"White Noise","floor":32,"key":"SMITH"}],"circlet_count":0,"master_deck":["Defend_B","Defend_B","Defend_B","Defend_B","Zap+1","Dualcast","Glacier","Redo+1","Compile Driver","Doubt","Conserve Battery","Streamline","Stack","Conserve Battery","Buffer","Beam Cell","Bite","Bite","Bite","Bite","Bite","Sweeping Beam+1","Lockon","White Noise+1","Cold Snap","Leap"],"relics":["Cracked Core","NeowsBlessing","Girya","Bottled Flame","Pen Nib","Ornamental Fan","Coffee Dripper","Frozen Egg 2","PreservedInsect","HandDrill","Gambling Chip","Toy Ornithopter"],"acts_visited":["Exordium","TheCity"],"potions_floor_usage":[16,24,30,30,31],"damage_taken":[{"damage":0,"enemies":"Jaw Worm","floor":1,"turns":1},{"damage":0,"enemies":"2 Louse","floor":3,"turns":1},{"damage":0,"enemies":"3 Sentries","floor":8,"turns":1},{"damage":0,"enemies":"Cultist","floor":10,"turns":4},{"damage":9,"enemies":"Gremlin Nob","floor":11,"turns":4},{"damage":11,"enemies":"Large Slime","floor":12,"turns":6},{"damage":33,"enemies":"Slime Boss","floor":16,"turns":14},{"damage":2,"enemies":"2 Thieves","floor":18,"turns":4},{"damage":9,"enemies":"Shell Parasite","floor":22,"turns":3},{"damage":8,"enemies":"Snecko","floor":24,"turns":7},{"damage":9,"enemies":"Gremlin Leader","floor":28,"turns":4},{"damage":24,"enemies":"Chosen and Byrds","floor":29,"turns":6},{"damage":3,"enemies":"Snake Plant","floor":30,"turns":3},{"damage":19,"enemies":"Slavers","floor":31,"turns":5},{"damage":40,"enemies":"Automaton","floor":33,"turns":10}],"seed_played":"7700027121081656436","potions_obtained":[{"floor":11,"key":"BlessingOfTheForge"},{"floor":12,"key":"BlessingOfTheForge"},{"floor":22,"key":"BlessingOfTheForge"},{"floor":29,"key":"ColorlessPotion"},{"floor":30,"key":"Block Potion"},{"floor":31,"key":"GamblersBrew"}],"is_trial":false,"path_per_floor":["M","$","M","?","?","?","R","E","T","M","E","M","?","T","R","B",null,"M","?","?","?","M","R","M","R","T","$","E","M","M","E","R","B"],"character_chosen":"DEFECT","items_purchased":["Redo","PreservedInsect","Lockon","HandDrill"],"campfire_rested":0,"item_purchase_floors":[2,27,27,27],"current_hp_per_floor":[75,75,75,75,75,75,75,75,75,75,66,55,73,73,73,40,75,73,73,52,52,49,49,44,44,44,44,41,23,27,14,14,0,0],"gold":252,"neow_bonus":"THREE_ENEMY_KILL","is_daily":false,"chose_seed":false,"campfire_upgraded":2,"win_rate":0.0,"timestamp":1609019147,"path_taken":["M","$","M","?","?","?","R","E","T","M","E","?","?","?","R","BOSS","M","?","?","?","M","R","M","R","T","$","E","M","M","E","R","BOSS"],"items_purchased_type":["Card","Relic","Card","Relic"],"build_version":"2020-12-22","purchased_purges":0,"victory":false,"max_hp_per_floor":[75,75,75,75,75,75,75,75,75,75,75,75,75,75,75,75,75,75,75,52,52,52,52,52,52,52,52,52,52,52,52,52,52,52],"card_choices":[{"not_picked":["Gash","Fusion"],"picked":"Glacier","floor":1},{"not_picked":["Heatsinks","Stack"],"picked":"Compile Driver","floor":3},{"not_picked":["BootSequence","Genetic Algorithm"],"picked":"Conserve Battery","floor":8},{"not_picked":["Genetic Algorithm","Barrage"],"picked":"Streamline","floor":10},{"not_picked":["Reinforced Body","Scrape"],"picked":"Stack","floor":11},{"not_picked":["Streamline","Biased Cognition"],"picked":"Conserve Battery","floor":12},{"not_picked":["All For One","Biased Cognition"],"picked":"Buffer","floor":16},{"not_picked":["Conserve Battery","Steam"],"picked":"Beam Cell","floor":18},{"not_picked":["Scrape+1","Steam","Stack"],"picked":"SKIP","floor":22},{"not_picked":["Barrage+1","Leap"],"picked":"Sweeping Beam+1","floor":24},{"not_picked":["Compile Driver","Tempest"],"picked":"White Noise","floor":28},{"not_picked":["Barrage","Multi-Cast"],"picked":"Cold Snap","floor":29},{"not_picked":["Genetic Algorithm+1","Hologram","Compile Driver"],"picked":"SKIP","floor":30},{"not_picked":["Steam","FTL"],"picked":"Leap","floor":31}],"player_experience":7133,"relics_obtained":[{"floor":8,"key":"Girya"},{"floor":9,"key":"Bottled Flame"},{"floor":11,"key":"Pen Nib"},{"floor":14,"key":"Ornamental Fan"},{"floor":26,"key":"Frozen Egg 2"},{"floor":28,"key":"Gambling Chip"},{"floor":31,"key":"Toy Ornithopter"}],"event_choices":[{"damage_healed":0,"gold_gain":0,"player_choice":"Grow","damage_taken":0,"max_hp_gain":0,"max_hp_loss":0,"event_name":"Living Wall","floor":4,"gold_loss":0,"cards_upgraded":["Redo"]},{"damage_healed":0,"gold_gain":175,"player_choice":"AGREE","damage_taken":0,"max_hp_gain":0,"max_hp_loss":0,"event_name":"Liars Game","floor":5,"gold_loss":0,"cards_obtained":["Doubt"]},{"damage_healed":0,"gold_gain":100,"player_choice":"Gold","damage_taken":0,"max_hp_gain":0,"max_hp_loss":0,"event_name":"Wheel of Change","floor":6,"gold_loss":0},{"damage_healed":18,"gold_gain":0,"player_choice":"Healed","damage_taken":0,"max_hp_gain":0,"max_hp_loss":0,"event_name":"The Cleric","floor":13,"gold_loss":35},{"damage_healed":0,"gold_gain":0,"player_choice":"Ignored","damage_taken":0,"max_hp_gain":0,"max_hp_loss":0,"event_name":"Ghosts","floor":19,"gold_loss":0},{"damage_healed":0,"gold_gain":0,"player_choice":"Became a vampire","damage_taken":0,"max_hp_gain":0,"max_hp_loss":23,"event_name":"Vampires","floor":20,"gold_loss":0,"cards_obtained":["Bite","Bite","Bite","Bite","Bite"]},{"damage_healed":0,"gold_gain":0,"player_choice":"Full Heal","damage_taken":0,"max_hp_gain":0,"max_hp_loss":0,"event_name":"Wheel of Change","floor":21,"gold_loss":0}],"is_beta":false,"boss_relics":[{"not_picked":["Fusion Hammer","Runic Pyramid"],"picked":"Coffee Dripper"}],"items_purged_floors":[],"is_endless":false,"potions_floor_spawned":[11,12,22,29,30,31],"killed_by":"Automaton","ascension_level":0}}