{"host":"31s8hzukbhz1k6i6","time":1609006698,"event":{"mods":["BaseMod","Colored Map","Minty Spire (QoL Compilation)","Relic Stats"],"gold_per_floor":[117,192,203,223,223,223,243,257,280,314,314,342,342,46,46,144,144,158,173,187,199,298,298,298],"floor_reached":23,"playtime":907,"items_purged":["Strike_R"],"score":228,"play_id":"8baac4cd-51fc-4a57-b8bb-8dfee0d60286","local_time":"20201226101818","is_ascension_mode":false,"campfire_choices":[{"data":"Demon Form","floor":6,"key":"SMITH"},{"data":"True Grit","floor":11,"key":"SMITH"},{"data":"Heavy Blade","floor":13,"key":"SMITH"},{"data":"Dark Embrace","floor":15,"key":"SMITH"}],"circlet_count":0,"master_deck":["Strike_R","Strike_R+1","Strike_R","Strike_R","Defend_R","Defend_R","Defend_R","Defend_R","Bash+1","Demon Form+1","Clothesline","True Grit+1","Feel No Pain","Sword Boomerang","Pommel Strike","Impervious","Heavy Blade+1","Dark Embrace+1","Offering","True Grit","Shockwave","Power Through+1","Uppercut"],"relics":["Burning Blood","Happy Flower","Centennial Puzzle","Whetstone","Juzu Bracelet","Bag of Preparation","Black Star"],"acts_visited":["Exordium","TheCity"],"potions_floor_usage":[10,12,16,23,23],"damage_taken":[{"damage":2,"enemies":"Small Slimes","floor":1,"turns":4},{"damage":12,"enemies":"Jaw Worm","floor":3,"turns":4},{"damage":0,"enemies":"2 Louse","floor":4,"turns":2},{"damage":9,"enemies":"Looter","floor":7,"turns":3},{"damage":20,"enemies":"3 Louse","floor":8,"turns":6},{"damage":18,"enemies":"Lagavulin","floor":10,"turns":6},{"damage":6,"enemies":"Gremlin Nob","floor":12,"turns":3},{"damage":19,"enemies":"Hexaghost","floor":16,"turns":7},{"damage":7,"enemies":"Spheric Guardian","floor":18,"turns":3},{"damage":7,"enemies":"Chosen","floor":19,"turns":4},{"damage":27,"enemies":"Centurion and Healer","floor":20,"turns":5},{"damage":24,"enemies":"Snecko","floor":21,"turns":6},{"damage":52,"enemies":"Gremlin Leader","floor":23,"turns":7}],"seed_played":"3685579098734236410","potions_obtained":[{"floor":1,"key":"Weak Potion"},{"floor":3,"key":"Energy Potion"},{"floor":10,"key":"ElixirPotion"},{"floor":12,"key":"Energy Potion"},{"floor":19,"key":"AttackPotion"},{"floor":20,"key":"Explosive Potion"}],"is_trial":false,"path_per_floor":["M","?","M","M","T","R","M","M","T","E","R","E","R","$","R","B",null,"M","M","M","M","?","E"],"character_chosen":"IRONCLAD","items_purchased":["Dark Embrace","Bag of Preparation"],"campfire_rested":0,"item_purchase_floors":[14,14],"current_hp_per_floor":[80,69,63,69,69,69,66,52,52,40,40,40,40,40,40,27,80,79,78,57,39,39,0,0],"gold":298,"neow_bonus":"ONE_RANDOM_RARE_CARD","is_daily":false,"chose_seed":false,"campfire_upgraded":4,"win_rate":0.0,"timestamp":1609006698,"path_taken":["M","?","M","M","?","R","M","M","T","E","R","E","R","$","R","BOSS","M","M","M","M","?","E"],"items_purchased_type":["Card","Relic"],"build_version":"2020-12-22","purchased_purges":1,"victory":false,"max_hp_per_floor":[80,80,80,80,80,80,80,80,80,80,80,80,80,80,80,80,80,80,80,80,80,80,80,80],"relic_stats":{"Centennial Puzzle":[24],"Happy Flower":[16],"counters":[13,60],"Juzu Bracelet":0,"Bag of Preparation":[12],"Black Star":0,"Whetstone":["Strike_R","Bash"],"obtain_stats":[{"Centennial Puzzle":9,"Happy Flower":5,"Juzu Bracelet":12,"Bag of Preparation":14,"Black Star":17,"Whetstone":10,"Burning Blood":0},{"Centennial Puzzle":5,"Happy Flower":3,"Juzu Bracelet":7,"Bag of Preparation":7,"Black Star":8,"Whetstone":6,"Burning Blood":0},{"Centennial Puzzle":19,"Happy Flower":10,"Juzu Bracelet":28,"Bag of Preparation":28,"Black Star":35,"Whetstone":25,"Burning Blood":0}],"Burning Blood":68},"card_choices":[{"not_picked":["Thunderclap","Heavy Blade"],"picked":"Clothesline","floor":1},{"not_picked":["Thunderclap","Entrench"],"picked":"True Grit","floor":3},{"not_picked":["Corruption","Dropkick"],"picked":"Feel No Pain","floor":4},{"not_picked":["Reckless Charge","Headbutt"],"picked":"Sword Boomerang","floor":7},{"not_picked":["Armaments","Dropkick"],"picked":"Pommel Strike","floor":8},{"not_picked":["Whirlwind","Pommel Strike"],"picked":"Impervious","floor":10},{"not_picked":["Perfected Strike","Power Through"],"picked":"Heavy Blade","floor":12},{"not_picked":["Corruption","Reaper"],"picked":"Offering","floor":16},{"not_picked":["Sword Boomerang","Intimidate"],"picked":"True Grit","floor":18},{"not_picked":["Clothesline","Power Through"],"picked":"Shockwave","floor":19},{"not_picked":["Brutality","Sword Boomerang"],"picked":"Power Through+1","floor":20},{"not_picked":["Warcry","Cleave"],"picked":"Uppercut","floor":21}],"player_experience":7218,"relics_obtained":[{"floor":5,"key":"Happy Flower"},{"floor":9,"key":"Centennial Puzzle"},{"floor":10,"key":"Whetstone"},{"floor":12,"key":"Juzu Bracelet"}],"event_choices":[{"damage_healed":0,"gold_gain":75,"player_choice":"Gather Gold","damage_taken":11,"max_hp_gain":0,"max_hp_loss":0,"event_name":"World of Goop","floor":2,"gold_loss":0},{"damage_healed":0,"gold_gain":99,"player_choice":"Stole From Cult","damage_taken":0,"max_hp_gain":0,"max_hp_loss":0,"event_name":"Nest","floor":22,"gold_loss":0}],"is_beta":false,"boss_relics":[{"not_picked":["Busted Crown","Runic Cube"],"picked":"Black Star"}],"items_purged_floors":[14],"is_endless":false,"potions_floor_spawned":[1,3,10,12,19,20],"killed_by":"Gremlin Leader","ascension_level":0}}