{"host":"od099uxc49ip1k8b","time":1609005786,"event":{"mods":["AchievementEnabler","Act Like it!","BaseMod","Downfall","Friendly Minions","Gensokyo","Hermit","Highlight Path","Infinite Spire","Koishi","KomeijiMod","Marisa????????","Minty Spire (QoL Compilation)","Quick Restart","Rare Cards Sparkle","Reimu??????","Remilia??????","Replay The Spire","StSLib","Td1madao Mod","The Administrix","The Alterego","The Animator","The Cursed","The Gatherer","The Servant 0.9.4","The Wild Card","Waifu the Spire","WarShipGirlsR/????R mod","Yohane!","Yuyuko"],"gold_per_floor":[113,125,125,139,154,154,186,203,282,282,282,294,294,28,28,132,132,150,166,184,184,109,109,125,125,125,125,125,125,140,175,175,271,271,286,296,309,64,64,64,76,76,76,93,93,125,125,143,143,143],"floor_reached":51,"playtime":3767,"items_purged":["rmod:maingunfire","rmod:saltedfish+1"],"score":774,"play_id":"13e54721-1fa9-44e5-a232-f55cf6854721","local_time":"20201226130306","is_ascension_mode":false,"campfire_choices":[{"floor":6,"key":"REST"},{"data":"rmod:diamondstrike","floor":11,"key":"SMITH"},{"data":"rmod:royalracing","floor":13,"key":"SMITH"},{"data":"rmod:guardianhero","floor":15,"key":"SMITH"},{"floor":23,"key":"REST"},{"data":"rmod:acesubmarine","floor":25,"key":"SMITH"},{"data":"rmod:unsinkable","floor":27,"key":"SMITH"},{"data":"rmod:saltedfish","floor":32,"key":"SMITH"},{"data":"rmod:ridicule","floor":40,"key":"SMITH"},{"data":"rmod:supportaircraftcarrier","floor":42,"key":"SMITH"},{"data":"rmod:acesubmarine","floor":45,"key":"SMITH"},{"data":"rmod:diamondstrike","floor":47,"key":"SMITH"},{"data":"rmod:wife","floor":49,"key":"SMITH"}],"circlet_count":0,"master_deck":["rmod:strick","rmod:strick","rmod:strick","rmod:defend","rmod:defend","rmod:defend","rmod:defend","rmod:basicallowance","rmod:diamondstrike+1","rmod:guardianhero+1","rmod:selfconfidence","rmod:lastglory","rmod:royalracing+1","rmod:unsinkable+1","rmod:tearstotiara","rmod:acesubmarine+1","rmod:overbreakdown+1","rmod:overbreakdown","rmod:diaomin+1","rmod:ammunitionsupply+1","rmod:diamondstrike+1","rmod:luckystar","rmod:ridicule+1","rmod:launchingtorpedo+1","rmod:wolves+1","rmod:guardianhero","rmod:acesubmarine+1","rmod:supportaircraftcarrier+1","rmod:tearstotiara+1","rmod:wife+1","rmod:openingtorpedo+1"],"relics":["rmod:firstchargereward","MealTicket","infinitespire:FocusingShard","infinitespire:Bottled Soul","Gremlin Food","Honey Jar","Tea:ReiMu","infinitespire:Golems Mask","rmod:extraamm","Sozu","Gremlin Horn"],"acts_visited":["Exordium","TheCity","TheBeyond"],"potions_floor_usage":[33],"damage_taken":[{"damage":0,"enemies":"Jaw Worm","floor":1,"turns":3},{"damage":6,"enemies":"infinitespire:Voidling","floor":2,"turns":4},{"damage":0,"enemies":"2 Louse","floor":4,"turns":3},{"damage":4,"enemies":"Large Slime","floor":5,"turns":4},{"damage":12,"enemies":"Gremlin Nob","floor":7,"turns":4},{"damage":0,"enemies":"3 Louse","floor":8,"turns":2},{"damage":0,"enemies":"Blue Slaver","floor":12,"turns":3},{"damage":20,"enemies":"Fading Forest","floor":16,"turns":11},{"damage":4,"enemies":"Chosen","floor":18,"turns":2},{"damage":0,"enemies":"3 Byrds","floor":19,"turns":4},{"damage":3,"enemies":"Snake Plant","floor":20,"turns":3},{"damage":0,"enemies":"3 Cultists","floor":24,"turns":3},{"damage":6,"enemies":"Centurion and Healer","floor":30,"turns":3},{"damage":0,"enemies":"Gremlin Leader","floor":31,"turns":4},{"damage":48,"enemies":"Automaton","floor":33,"turns":7},{"damage":0,"enemies":"3 Shapes","floor":35,"turns":1},{"damage":0,"enemies":"Orb Walker","floor":36,"turns":2},{"damage":13,"enemies":"Maw","floor":37,"turns":5},{"damage":0,"enemies":"Jaw Worm Horde","floor":41,"turns":1},{"damage":0,"enemies":"Sphere and 2 Shapes","floor":44,"turns":2},{"damage":0,"enemies":"Nemesis","floor":46,"turns":3},{"damage":0,"enemies":"4 Shapes","floor":48,"turns":2},{"damage":0,"enemies":"Awakened One","floor":50,"turns":5}],"seed_played":"-7064557074216240031","potions_obtained":[{"floor":2,"key":"champ:CounterPotion"},{"floor":7,"key":"ColorlessPotion"},{"floor":19,"key":"Ancient Potion"},{"floor":24,"key":"DuplicationPotion"},{"floor":31,"key":"Swift Potion"}],"is_trial":false,"path_per_floor":["M","M","?","M","M","R","E","M","T","?","R","M","R","$","R","B",null,"M","M","M","?","?","R","M","R","T","R","?","AVR","M","E","R","B",null,"M","M","M","$","?","R","M","R","T","M","R","E","R","M","R","B",null],"character_chosen":"PRAEFECT","items_purchased":["Gremlin Food","rmod:tearstotiara","rmod:acesubmarine"],"campfire_rested":2,"item_purchase_floors":[14,14,38],"current_hp_per_floor":[75,69,69,69,65,75,63,63,63,68,68,68,68,80,80,70,80,76,76,73,58,58,83,83,83,83,83,83,83,77,77,77,29,85,85,85,72,85,85,85,85,85,85,85,85,85,85,85,85,85],"gold":143,"neow_bonus":"RANDOM_COMMON_RELIC","is_daily":false,"chose_seed":false,"campfire_upgraded":11,"win_rate":0.0,"timestamp":1609005786,"path_taken":["M","M","?","M","?","R","E","M","T","?","R","M","R","$","R","BOSS","M","M","M","?","?","R","M","R","T","R","?","AVR","M","E","R","BOSS","M","M","M","$","?","R","?","R","T","M","R","E","R","M","R","BOSS"],"items_purchased_type":["Relic","Card","Card"],"build_version":"2020-12-22","purchased_purges":2,"victory":true,"max_hp_per_floor":[75,75,75,75,75,75,75,75,75,80,80,80,80,80,80,80,80,80,80,80,85,85,85,85,85,85,85,85,85,85,85,85,85,85,85,85,85,85,85,85,85,85,85,85,85,85,85,85,85,85],"card_choices":[{"not_picked":["rmod:aviationdawn","rmod:goodfighter"],"picked":"rmod:diamondstrike","floor":1},{"not_picked":["rmod:firesupport","rmod:ammunitionsupply"],"picked":"rmod:guardianhero","floor":2},{"not_picked":["rmod:tearstotiara","rmod:diamondstrike"],"picked":"rmod:selfconfidence","floor":4},{"not_picked":["rmod:punchline","rmod:spoils","rmod:sl"],"picked":"SKIP","floor":5},{"not_picked":["rmod:overbreakdown","rmod:supportescort"],"picked":"rmod:lastglory","floor":7},{"not_picked":["rmod:overbreakdown","rmod:slowdown"],"picked":"rmod:royalracing","floor":8},{"not_picked":["rmod:ammunitionsupply","rmod:overbreakdown"],"picked":"rmod:unsinkable","floor":12},{"not_picked":["rmod:saltedfish","rmod:abidefaith"],"picked":"rmod:acesubmarine","floor":16},{"not_picked":["rmod:capitalist+1","rmod:unsinkable","rmod:steelsupply"],"picked":"rmod:overbreakdown","floor":18},{"not_picked":["rmod:intelligenceanalysis","rmod:victimresponsibility","rmod:capitalist"],"picked":"rmod:overbreakdown","floor":19},{"not_picked":["rmod:firesupport","rmod:spoils","rmod:highspeedshooting+1"],"picked":"rmod:diaomin+1","floor":20},{"not_picked":["rmod:firesupport","rmod:unsinkable","rmod:royalracing+1"],"picked":"rmod:ammunitionsupply+1","floor":24},{"not_picked":["rmod:shuttlebombing","rmod:capitalist+1","rmod:ammunitionsupply"],"picked":"rmod:diamondstrike","floor":30},{"not_picked":["rmod:aluminumsupply","rmod:stealaluminum","rmod:highspeedshooting"],"picked":"rmod:luckystar","floor":31},{"not_picked":["rmod:u235","rmod:expeditionaryescort","rmod:secretscript"],"picked":"rmod:ridicule","floor":33},{"not_picked":["rmod:unsinkable","rmod:luckystar+1","rmod:highspeedshooting"],"picked":"rmod:launchingtorpedo+1","floor":35},{"not_picked":["rmod:salvage+1","rmod:circuitoustactics","rmod:firesupport"],"picked":"rmod:wolves+1","floor":36},{"not_picked":["rmod:maintain","rmod:chargemoney","rmod:wasp"],"picked":"rmod:guardianhero","floor":37},{"not_picked":["rmod:aviationdawn","rmod:firesupport+1","rmod:wolves+1"],"picked":"rmod:supportaircraftcarrier","floor":41},{"not_picked":["rmod:abidefaith","rmod:spoils","rmod:fuelsupply"],"picked":"rmod:tearstotiara+1","floor":44},{"not_picked":["rmod:bulid+1","rmod:supriseattacks","rmod:sl+1"],"picked":"rmod:wife","floor":46},{"not_picked":["rmod:steelsupply","rmod:unsinkable","rmod:rockthrower"],"picked":"rmod:openingtorpedo+1","floor":48}],"player_experience":132715,"relics_obtained":[{"floor":7,"key":"infinitespire:FocusingShard"},{"floor":9,"key":"infinitespire:Bottled Soul"},{"floor":26,"key":"Tea:ReiMu"},{"floor":31,"key":"rmod:extraamm"},{"floor":43,"key":"Gremlin Horn"}],"event_choices":[{"damage_healed":0,"gold_gain":0,"player_choice":"Ignored","damage_taken":0,"max_hp_gain":0,"max_hp_loss":0,"event_name":"NoteForYourself","floor":3,"gold_loss":0},{"damage_healed":0,"gold_gain":0,"player_choice":"Donut","damage_taken":0,"max_hp_gain":5,"max_hp_loss":0,"event_name":"Big Fish","floor":10,"gold_loss":0},{"damage_healed":0,"gold_gain":0,"player_choice":"Shed Blood","damage_taken":20,"max_hp_gain":5,"max_hp_loss":0,"event_name":"Forgotten Altar","floor":21,"gold_loss":0},{"cards_removed":["rmod:strick"],"damage_healed":0,"gold_gain":0,"player_choice":"Gave Gold","damage_taken":0,"max_hp_gain":0,"max_hp_loss":0,"event_name":"Beggar","floor":22,"gold_loss":75},{"damage_healed":0,"gold_gain":0,"player_choice":"Read","damage_taken":0,"max_hp_gain":0,"max_hp_loss":0,"event_name":"The Library","floor":28,"gold_loss":0,"cards_obtained":["rmod:saltedfish"]},{"damage_healed":0,"gold_gain":0,"player_choice":"Got Potions","damage_taken":0,"max_hp_gain":0,"max_hp_loss":0,"event_name":"Lab","floor":39,"gold_loss":0}],"is_beta":false,"boss_relics":[{"not_picked":["SacredBark","ChewingGum"],"picked":"Honey Jar"},{"not_picked":["Fusion Hammer","Replay:Grab Bag"],"picked":"Sozu"}],"items_purged_floors":[14,38],"is_endless":false,"potions_floor_spawned":[2,7,8,19,24,31,36,41,44,46,48],"ascension_level":0}}