{"host":"u0f5uy314yz7olfc","time":1609010345,"event":{"mods":["AchievementEnabler","Aspiration","BaseMod","Better Altar","Better Match","Better Note","Better Sensory Stone","Better Skull","Better Third Choice","BetterRewards","Block Reminder","Colored Map","Colored Powertips","DeckTracker","Dota2Spire","Emptier Cage","Gold Saver","Highlight Path","Hubris","Infinite Spire","Marked Mod","Mimic Mod","Minty Spire (QoL Compilation)","Permanent Neow","Quick Restart","Rare Cards Sparkle","Relic Sorter","Shop Mod","StSLib","The Bladedancer","The Blue Laboratory","Watcher Patcher"],"gold_per_floor":[450,118,137,19,31,31,43,43,83,95,106,106,106,118,118,213,213,232,232,244,244,244],"floor_reached":21,"playtime":1240,"items_purged":[],"score":273,"play_id":"fd54f8f3-2199-4fe5-a332-7d77f96d7efc","local_time":"20201227021905","is_ascension_mode":false,"campfire_choices":[{"floor":6,"key":"REST"},{"floor":8,"key":"REST"},{"floor":15,"key":"REST"}],"circlet_count":0,"master_deck":["Strike_B","Strike_B","Strike_B","Strike_B","Defend_B","Defend_B+1","Defend_B","Defend_B","Zap+1","Dualcast","Capacitor+1","Ball Lightning","Cold Snap","Mayhem+1","Redo","Loop","Finesse","Go for the Eyes","JustLucky","Go for the Eyes","Doom and Gloom","Genetic Algorithm","Self Repair","All For One","Evaluate","Conserve Battery"],"relics":["Cracked Core","MerchantsRug","War Paint","Runic Pyramid"],"acts_visited":["Exordium","TheCity"],"potions_floor_usage":[9,16,18],"damage_taken":[{"damage":17,"enemies":"Small Slimes","floor":1,"turns":3},{"damage":6,"enemies":"Jaw Worm","floor":3,"turns":4},{"damage":4,"enemies":"Cultist","floor":5,"turns":4},{"damage":18,"enemies":"Looter","floor":7,"turns":3},{"damage":19,"enemies":"Blue Slaver","floor":9,"turns":6},{"damage":10,"enemies":"Blue Slaver","floor":10,"turns":4},{"damage":0,"enemies":"3 Louse","floor":11,"turns":2},{"damage":0,"enemies":"Exordium Wildlife","floor":14,"turns":3},{"damage":37,"enemies":"The Guardian","floor":16,"turns":9},{"damage":23,"enemies":"3 Byrds","floor":18,"turns":5},{"damage":17,"enemies":"Spheric Guardian","floor":20,"turns":5},{"damage":54,"enemies":"Snecko","floor":21,"turns":6}],"seed_played":"-2480917664502235041","potions_obtained":[{"floor":3,"key":"Energy Potion"},{"floor":5,"key":"blueLaboratory:NullPotion"},{"floor":7,"key":"Energy Potion"},{"floor":10,"key":"blueLaboratory:CorrosionFlask"},{"floor":16,"key":"DuplicationPotion"},{"floor":20,"key":"Weak Potion"}],"is_trial":false,"path_per_floor":["M","$","M","$","M","R","M","R","MIM","M","M","?","?","M","R","B",null,"M","?","M","M"],"character_chosen":"DEFECT","items_purchased":["Capacitor","MerchantsRug","Ball Lightning","Mayhem","War Paint","Loop","Finesse"],"campfire_rested":3,"item_purchase_floors":[0,0,0,2,2,4,4],"current_hp_per_floor":[51,51,45,45,41,63,45,67,48,38,38,38,38,38,60,30,75,59,63,53,0,0],"gold":244,"neow_bonus":"","is_daily":false,"chose_seed":false,"campfire_upgraded":0,"win_rate":0.0,"timestamp":1609010345,"path_taken":["M","$","M","$","M","R","M","R","MIM","M","M","?","?","?","R","BOSS","M","?","M","M"],"items_purchased_type":["Card","Relic","Card","Card","Relic","Card","Card"],"build_version":"2020-12-22","purchased_purges":0,"victory":false,"max_hp_per_floor":[75,75,75,75,75,75,75,75,75,75,75,75,75,75,75,75,75,75,75,75,75,75],"card_choices":[{"not_picked":["Darkness","Recycle"],"picked":"Cold Snap","floor":1},{"not_picked":["CrushJoints","Go for the Eyes"],"picked":"Redo","floor":3},{"not_picked":["Hologram","CrushJoints"],"picked":"Go for the Eyes","floor":5},{"not_picked":["Sanctity","White Noise"],"picked":"JustLucky","floor":7},{"not_picked":["Genetic Algorithm","Compile Driver"],"picked":"Go for the Eyes","floor":9},{"not_picked":["Compile Driver","Rip and Tear"],"picked":"Doom and Gloom","floor":10},{"not_picked":["Crescendo","Biased Cognition"],"picked":"Genetic Algorithm","floor":11},{"not_picked":["Static Discharge","Turbo"],"picked":"Self Repair","floor":14},{"not_picked":["hubris:Prefetch","hubris:SpecializedCircuitry"],"picked":"All For One","floor":16},{"not_picked":["Conserve Battery+1","Auto Shields"],"picked":"Evaluate","floor":18},{"not_picked":["Melter+1","Coolheaded"],"picked":"Conserve Battery","floor":20}],"player_experience":327056,"relics_obtained":[],"event_choices":[{"damage_healed":0,"gold_gain":0,"player_choice":"Forge","damage_taken":0,"max_hp_gain":0,"max_hp_loss":0,"event_name":"Accursed Blacksmith","floor":13,"gold_loss":0,"cards_upgraded":["Capacitor"]},{"damage_healed":4,"gold_gain":0,"player_choice":"LEAVE ","damage_taken":0,"relics_obtained":[],"max_hp_gain":0,"max_hp_loss":0,"event_name":"betterSkull:BetterSkull","floor":19,"gold_loss":0,"cards_upgraded":[]}],"is_beta":false,"boss_relics":[{"not_picked":["aspiration:PoetsPen_weak","hubris:Stopwatch"],"picked":"Runic Pyramid"}],"items_purged_floors":[],"is_endless":false,"potions_floor_spawned":[3,5,7,10,16,20],"killed_by":"Snecko","ascension_level":0}}