{"host":"pg2biz4zy3df4ctj","time":1609012481,"event":{"mods":["BaseMod","Minty Spire (QoL Compilation)","Quick Restart","Random Character Button"],"gold_per_floor":[116,131,131,142,142,142,175,175,175,200,200,200,243,266,266,359,359,380,380,221,234,254,254,353,353,353],"floor_reached":25,"playtime":870,"items_purged":["Strike_G+1"],"score":342,"play_id":"a4845174-994a-460f-b036-c116b1545351","local_time":"20201226115441","is_ascension_mode":true,"campfire_choices":[{"data":"Neutralize","floor":6.0,"key":"SMITH"},{"floor":8.0,"key":"REST"},{"floor":12.0,"key":"REST"},{"data":"Catalyst","floor":15.0,"key":"SMITH"},{"floor":23,"key":"REST"}],"circlet_count":0,"master_deck":["AscendersBane","Strike_G+1","Strike_G+1","Strike_G+1","Strike_G+1","Defend_G+1","Defend_G+1","Defend_G+1","Defend_G+1","Defend_G+1","Survivor+1","Neutralize+1","Poisoned Stab","Poisoned Stab","Footwork+1","Blur","Catalyst+1","Deadly Poison","Burst","Flechettes","Caltrops","Backflip","Blur+1"],"relics":["Ring of the Snake","Bag of Preparation","Golden Idol","Odd Mushroom","Tingsha","Art of War","Black Star"],"acts_visited":["Exordium","TheCity"],"potions_floor_usage":[],"damage_taken":[{"damage":0.0,"enemies":"Jaw Worm","floor":1.0,"turns":7.0},{"damage":1.0,"enemies":"2 Louse","floor":2.0,"turns":3.0},{"damage":6.0,"enemies":"Small Slimes","floor":4.0,"turns":4.0},{"damage":10.0,"enemies":"The Mushroom Lair","floor":7.0,"turns":6.0},{"damage":7.0,"enemies":"Gremlin Gang","floor":10.0,"turns":7.0},{"damage":6.0,"enemies":"Gremlin Nob","floor":13.0,"turns":3.0},{"damage":8.0,"enemies":"3 Louse","floor":14.0,"turns":2.0},{"damage":17.0,"enemies":"The Guardian","floor":16.0,"turns":9.0},{"damage":5,"enemies":"Spheric Guardian","floor":18,"turns":7},{"damage":0,"enemies":"Shell Parasite","floor":21,"turns":7},{"damage":46,"enemies":"3 Cultists","floor":22,"turns":6},{"damage":34,"enemies":"Slavers","floor":25,"turns":1}],"seed_played":"2938328147582826123","potions_obtained":[{"floor":2.0,"key":"Weak Potion"},{"floor":7.0,"key":"GamblersBrew"},{"floor":14.0,"key":"SteroidPotion"}],"is_trial":false,"path_per_floor":["M","M","?","M","?","R","?","R","T","M","?","R","E","M","R","B",null,"M","?","$","M","M","R","?","E"],"character_chosen":"THE_SILENT","items_purchased":["Caltrops","Backflip"],"campfire_rested":3,"item_purchase_floors":[20,20],"current_hp_per_floor":[59,58,45,39,23,23,13,32,32,25,25,44,38,30,30,13,53,48,48,48,48,2,21,21,0,0],"gold":353,"neow_bonus":"RANDOM_COMMON_RELIC","is_daily":false,"chose_seed":false,"campfire_upgraded":2,"win_rate":0.0,"timestamp":1609012481,"path_taken":["M","M","?","M","?","R","?","R","T","M","?","R","E","?","R","BOSS","M","?","$","M","M","R","?","E"],"items_purchased_type":["Card","Card"],"build_version":"2020-12-22","purchased_purges":1,"victory":false,"max_hp_per_floor":[66,66,66,66,66,66,66,66,66,66,66,66,66,66,66,66,66,66,66,66,66,66,66,66,66,66],"card_choices":[{"not_picked":["Quick Slash","Deflect"],"picked":"Poisoned Stab","floor":1.0},{"not_picked":["Dagger Throw","Flechettes"],"picked":"Poisoned Stab","floor":2.0},{"not_picked":["Flechettes","Dagger Spray"],"picked":"Footwork","floor":4.0},{"not_picked":["Blade Dance","Flechettes"],"picked":"Blur","floor":10.0},{"not_picked":["Distraction","Quick Slash"],"picked":"Catalyst","floor":13.0},{"not_picked":["Quick Slash","Endless Agony"],"picked":"Deadly Poison","floor":14.0},{"not_picked":["After Image","A Thousand Cuts"],"picked":"Burst","floor":16.0},{"not_picked":["Cloak And Dagger","Sucker Punch"],"picked":"Flechettes","floor":18},{"not_picked":["Poisoned Stab","Underhanded Strike","Quick Slash"],"picked":"SKIP","floor":21},{"not_picked":["Prepared","Sucker Punch"],"picked":"Blur+1","floor":22}],"player_experience":586004,"relics_obtained":[{"floor":7.0,"key":"Odd Mushroom"},{"floor":9.0,"key":"Tingsha"},{"floor":13.0,"key":"Art of War"}],"event_choices":[{"damage_healed":0.0,"max_hp_gain":0.0,"max_hp_loss":0.0,"gold_gain":0.0,"event_name":"Shining Light","player_choice":"Entered Light","floor":3.0,"gold_loss":0.0,"damage_taken":13.0,"cards_upgraded":["Survivor","Defend_G"]},{"damage_healed":0.0,"max_hp_gain":0.0,"max_hp_loss":0.0,"gold_gain":0.0,"event_name":"Golden Idol","player_choice":"Take Damage","floor":5.0,"gold_loss":0.0,"damage_taken":16.0,"relics_obtained":["Golden Idol"]},{"damage_healed":0.0,"max_hp_gain":0.0,"max_hp_loss":0.0,"gold_gain":0.0,"event_name":"Mushrooms","player_choice":"Fought Mushrooms","floor":7.0,"gold_loss":0.0,"damage_taken":0.0},{"damage_healed":0.0,"max_hp_gain":0.0,"max_hp_loss":0.0,"gold_gain":0.0,"event_name":"Upgrade Shrine","player_choice":"Upgraded","floor":11.0,"gold_loss":0.0,"damage_taken":0.0,"cards_upgraded":["Footwork"]},{"damage_healed":0,"gold_gain":0,"player_choice":"Simplicity","damage_taken":0,"max_hp_gain":0,"max_hp_loss":0,"event_name":"Back to Basics","floor":19,"gold_loss":0,"cards_upgraded":["Strike_G","Strike_G","Strike_G","Strike_G","Strike_G","Defend_G","Defend_G","Defend_G","Defend_G"]},{"damage_healed":0,"gold_gain":99,"player_choice":"Stole From Cult","damage_taken":0,"max_hp_gain":0,"max_hp_loss":0,"event_name":"Nest","floor":24,"gold_loss":0}],"is_beta":false,"boss_relics":[{"not_picked":["Calling Bell","Astrolabe"],"picked":"Black Star"}],"items_purged_floors":[20],"is_endless":false,"potions_floor_spawned":[2,7,14,16],"killed_by":"Slavers","ascension_level":14}}