{"host":"tzyzz5n7hg2ni9q2","time":1609005677,"event":{"mods":["BaseMod","Minty Spire (QoL Compilation)","Quick Restart"],"gold_per_floor":[118,118,193,37,37,49,49,62,116,116,116,147,147,159,159,257,257,276,276,276,296,296,296,307,307,307,307,307,87,100,100,100,200,200,216,216,233,252,272,272,304,304,304,304,334,334,360,360,360,360],"floor_reached":51,"playtime":1681,"items_purged":["Immolate"],"score":1015,"play_id":"b1c54c2b-8a1d-4c49-9aa0-a1c881ae386a","local_time":"20201226190117","is_ascension_mode":true,"campfire_choices":[{"data":"True Grit","floor":10.0,"key":"SMITH"},{"data":"Bash","floor":13.0,"key":"SMITH"},{"floor":15.0,"key":"REST"},{"data":"Demon Form","floor":23.0,"key":"SMITH"},{"data":"Heavy Blade","floor":25.0,"key":"SMITH"},{"data":"Bite","floor":28.0,"key":"SMITH"},{"data":"Bite","floor":32.0,"key":"SMITH"},{"data":"Limit Break","floor":40.0,"key":"SMITH"},{"data":"Bite","floor":42.0,"key":"SMITH"},{"data":"Bite","floor":44.0,"key":"SMITH"},{"data":"Bite","floor":49.0,"key":"SMITH"}],"circlet_count":0,"master_deck":["Defend_R","Defend_R+1","Defend_R","Bash+1","Cleave+1","True Grit+1","Carnage","Demon Form+1","Shrug It Off+1","Bite+1","Bite+1","Bite+1","Bite+1","Bite+1","Heavy Blade+1","Limit Break+1","Shrug It Off+1"],"relics":["Black Blood","Dream Catcher","Orichalcum","Eternal Feather","Red Skull","Darkstone Periapt","Meat on the Bone","Nunchaku","Nilry\u0027s Codex","SlaversCollar","PreservedInsect","Bottled Lightning","Gremlin Horn","Sundial","Juzu Bracelet"],"acts_visited":["Exordium","TheCity","TheBeyond"],"potions_floor_usage":[50,50,50],"damage_taken":[{"damage":6.0,"enemies":"Cultist","floor":1.0,"turns":3.0},{"damage":0.0,"enemies":"2 Louse","floor":6.0,"turns":2.0},{"damage":6.0,"enemies":"Jaw Worm","floor":8.0,"turns":3.0},{"damage":28.0,"enemies":"Lagavulin","floor":12.0,"turns":5.0},{"damage":2.0,"enemies":"Looter","floor":14.0,"turns":2.0},{"damage":64.0,"enemies":"Hexaghost","floor":16.0,"turns":10.0},{"damage":40.0,"enemies":"3 Byrds","floor":18.0,"turns":6.0},{"damage":28.0,"enemies":"Chosen","floor":21.0,"turns":6.0},{"damage":4.0,"enemies":"Snecko","floor":24.0,"turns":3.0},{"damage":34.0,"enemies":"Snake Plant","floor":30.0,"turns":4.0},{"damage":76.0,"enemies":"Collector","floor":33.0,"turns":10.0},{"damage":36.0,"enemies":"3 Shapes","floor":35.0,"turns":10.0},{"damage":28.0,"enemies":"3 Darklings","floor":37.0,"turns":13.0},{"damage":45.0,"enemies":"Writhing Mass","floor":38.0,"turns":9.0},{"damage":34.0,"enemies":"4 Shapes","floor":39.0,"turns":12.0},{"damage":31.0,"enemies":"Giant Head","floor":41.0,"turns":7.0},{"damage":32.0,"enemies":"Nemesis","floor":45.0,"turns":5.0},{"damage":37.0,"enemies":"Giant Head","floor":47.0,"turns":7.0},{"damage":44,"enemies":"Time Eater","floor":50,"turns":7}],"seed_played":"-5450870234596976356","potions_obtained":[{"floor":1.0,"key":"Energy Potion"},{"floor":8.0,"key":"Regen Potion"},{"floor":21.0,"key":"BlessingOfTheForge"},{"floor":27.0,"key":"CultistPotion"},{"floor":27.0,"key":"Fire Potion"},{"floor":33.0,"key":"SpeedPotion"},{"floor":38.0,"key":"LiquidBronze"},{"floor":39.0,"key":"Explosive Potion"},{"floor":45.0,"key":"Strength Potion"},{"floor":47.0,"key":"DuplicationPotion"}],"is_trial":false,"path_per_floor":["M","?","?","$","?","M","T","M","T","R","?","E","R","M","R","B",null,"M","?","?","M","?","R","M","R","T","?","R","$","M","?","R","B",null,"M","?","M","M","M","R","E","R","T","R","E","T","E","?","R","B",null],"character_chosen":"IRONCLAD","items_purchased":["Orichalcum","Nunchaku"],"campfire_rested":1,"item_purchase_floors":[4,29],"current_hp_per_floor":[72,56,45,45,45,51,51,51,51,57,50,28,34,38,68,25,66,38,38,38,38,38,47,56,56,56,56,56,56,52,36,45,32,50,49,49,56,45,46,55,44,53,53,56,44,44,42,42,51,43],"gold":360,"neow_bonus":"RANDOM_COMMON_RELIC","is_daily":false,"chose_seed":false,"campfire_upgraded":10,"win_rate":0.0,"timestamp":1609005677,"path_taken":["M","?","?","$","?","M","?","M","T","R","?","E","R","M","R","BOSS","M","?","?","M","?","R","?","R","T","?","R","$","?","?","R","BOSS","M","?","M","?","M","R","E","R","T","R","E","?","E","?","R","BOSS"],"items_purchased_type":["Relic","Relic"],"build_version":"2020-12-22","purchased_purges":1,"victory":true,"max_hp_per_floor":[80,80,80,80,80,80,80,80,80,80,80,80,80,80,80,80,80,80,56,56,56,56,56,56,56,56,56,56,56,56,56,56,56,56,56,56,56,56,56,56,56,56,56,56,56,56,56,56,56,56],"card_choices":[{"not_picked":["Anger","Clash"],"picked":"Cleave","floor":1.0},{"not_picked":["Pummel","Iron Wave","Cleave"],"picked":"SKIP","floor":6.0},{"not_picked":["Brutality","Pommel Strike"],"picked":"True Grit","floor":8.0},{"not_picked":["Fiend Fire","Dual Wield","Cleave"],"picked":"SKIP","floor":12.0},{"not_picked":["Sever Soul","Clothesline"],"picked":"Carnage","floor":14.0},{"not_picked":["Exhume","Feed"],"picked":"Demon Form","floor":16.0},{"not_picked":["Combust","Sword Boomerang"],"picked":"Shrug It Off+1","floor":18.0},{"not_picked":["Dropkick","Spot Weakness"],"picked":"Heavy Blade","floor":21.0},{"not_picked":["Burning Pact+1","Second Wind+1","Warcry"],"picked":"SKIP","floor":24.0},{"not_picked":["Body Slam","Rampage","Spot Weakness"],"picked":"SKIP","floor":30.0},{"not_picked":["Corruption","Demon Form"],"picked":"Limit Break","floor":33.0},{"not_picked":["Power Through","Headbutt","Entrench+1"],"picked":"SKIP","floor":35.0},{"not_picked":["True Grit","Armaments","Clash+1"],"picked":"SKIP","floor":37.0},{"not_picked":["Clothesline","Reckless Charge+1"],"picked":"Shrug It Off+1","floor":38.0},{"not_picked":["Heavy Blade","Clothesline","Thunderclap+1"],"picked":"SKIP","floor":39.0},{"not_picked":["Second Wind","Thunderclap+1","Iron Wave"],"picked":"SKIP","floor":41.0},{"not_picked":["Twin Strike+1","Rage","Dark Embrace+1"],"picked":"SKIP","floor":45.0},{"not_picked":["Heavy Blade+1","Feed","Flex+1"],"picked":"SKIP","floor":47.0}],"player_experience":192072,"relics_obtained":[{"floor":7.0,"key":"Eternal Feather"},{"floor":9.0,"key":"Red Skull"},{"floor":12.0,"key":"Darkstone Periapt"},{"floor":26.0,"key":"Meat on the Bone"},{"floor":31.0,"key":"Nilry\u0027s Codex"},{"floor":41.0,"key":"PreservedInsect"},{"floor":43.0,"key":"Bottled Lightning"},{"floor":45.0,"key":"Gremlin Horn"},{"floor":46.0,"key":"Sundial"},{"floor":47.0,"key":"Juzu Bracelet"}],"event_choices":[{"damage_healed":0.0,"max_hp_gain":0.0,"max_hp_loss":0.0,"gold_gain":0.0,"event_name":"Shining Light","player_choice":"Entered Light","floor":2.0,"gold_loss":0.0,"damage_taken":16.0,"cards_upgraded":["Defend_R","Strike_R"]},{"damage_healed":0.0,"max_hp_gain":0.0,"max_hp_loss":0.0,"gold_gain":75.0,"event_name":"World of Goop","player_choice":"Gather Gold","floor":3.0,"gold_loss":0.0,"damage_taken":11.0},{"damage_healed":0.0,"max_hp_gain":0.0,"max_hp_loss":0.0,"gold_gain":0.0,"event_name":"Living Wall","player_choice":"Grow","floor":5.0,"gold_loss":0.0,"damage_taken":0.0,"cards_upgraded":["Cleave"]},{"cards_removed":["Strike_R"],"damage_healed":0.0,"max_hp_gain":0.0,"max_hp_loss":0.0,"gold_gain":0.0,"event_name":"Golden Wing","player_choice":"Card Removal","floor":11.0,"gold_loss":0.0,"damage_taken":7.0},{"damage_healed":0.0,"max_hp_gain":0.0,"max_hp_loss":24.0,"gold_gain":0.0,"event_name":"Vampires","player_choice":"Became a vampire","floor":19.0,"gold_loss":0.0,"damage_taken":0.0,"cards_obtained":["Bite","Bite","Bite","Bite","Bite"]},{"damage_healed":0.0,"max_hp_gain":0.0,"max_hp_loss":0.0,"gold_gain":0.0,"event_name":"Ghosts","player_choice":"Ignored","floor":20.0,"gold_loss":0.0,"damage_taken":0.0},{"damage_healed":0.0,"max_hp_gain":0.0,"max_hp_loss":0.0,"gold_gain":0.0,"cards_transformed":["Defend_R"],"event_name":"Transmorgrifier","player_choice":"Transformed","floor":22.0,"gold_loss":0.0,"damage_taken":0.0,"cards_obtained":["Immolate"]},{"damage_healed":0.0,"max_hp_gain":0.0,"max_hp_loss":0.0,"gold_gain":0.0,"event_name":"Lab","player_choice":"Got Potions","floor":27.0,"gold_loss":0.0,"damage_taken":0.0},{"damage_healed":0.0,"max_hp_gain":0.0,"max_hp_loss":0.0,"gold_gain":0.0,"event_name":"Cursed Tome","player_choice":"Obtained Book","floor":31.0,"gold_loss":0.0,"damage_taken":16.0},{"damage_healed":0.0,"max_hp_gain":0.0,"max_hp_loss":0.0,"gold_gain":0.0,"event_name":"Duplicator","player_choice":"Ignored","floor":36.0,"gold_loss":0.0,"damage_taken":0.0},{"damage_healed":0.0,"max_hp_gain":0.0,"max_hp_loss":0.0,"gold_gain":0.0,"event_name":"Mysterious Sphere","player_choice":"Ignored","floor":48.0,"gold_loss":0.0,"damage_taken":0.0}],"is_beta":false,"boss_relics":[{"not_picked":["Runic Pyramid","Philosopher\u0027s Stone"],"picked":"Black Blood"},{"not_picked":["Calling Bell","Pandora\u0027s Box"],"picked":"SlaversCollar"}],"items_purged_floors":[29],"is_endless":false,"potions_floor_spawned":[1,8,21,30,33,35,38,39,45,47],"ascension_level":6}}