{"host":"zig6x0mxqzam82fb","time":1609022875,"event":{"mods":["BaseMod","Block Reminder","Colored Map","Colored Powertips","Minty Spire (QoL Compilation)","Relic Stats"],"gold_per_floor":[15,32,45,45,55,55,74,74,122,151,151,151,186,110,110,206,206,224,224,234,66,86,86,102,117,190,205,238,238,266,366,366,471,471,484,106,158,158,169,169,197,197,197,547,547,547,12,45,45,45],"floor_reached":51,"playtime":4412,"items_purged":[],"score":858,"play_id":"c513dd94-2c21-4a9b-bdd0-143722663842","local_time":"20201226174755","is_ascension_mode":true,"campfire_choices":[{"data":"Apotheosis","floor":6,"key":"SMITH"},{"floor":8,"key":"REST"},{"data":"Evolve","floor":11,"key":"SMITH"},{"floor":15,"key":"REST"},{"floor":23,"key":"REST"},{"floor":29,"key":"REST"},{"floor":32,"key":"REST"},{"floor":40,"key":"REST"},{"floor":42,"key":"REST"},{"floor":49,"key":"REST"}],"circlet_count":0,"master_deck":["Strike_R","Strike_R","Strike_R","Strike_R","Strike_R","Defend_R","Defend_R","Bash","Apotheosis+1","Pommel Strike","Shrug It Off","Warcry","Wild Strike","Wild Strike","Evolve+1","Perfected Strike","Shrug It Off","Headbutt","Reaper","Sever Soul+1","Clothesline+1","Warcry","Warcry","Berserk","Spot Weakness","Perfected Strike","Double Tap","Immolate","Perfected Strike","Fire Breathing","Reaper","Jack Of All Trades","Feel No Pain+1","Fire Breathing","Sever Soul","Seeing Red+1","Finesse","Thinking Ahead","Exhume"],"relics":["Burning Blood","Happy Flower","Ornamental Fan","Lantern","Velvet Choker","Bag of Preparation","Question Card","StoneCalendar","Juzu Bracelet","Philosopher\u0027s Stone","Medical Kit","Torii","Pen Nib","InkBottle","Old Coin","Potion Belt","Letter Opener"],"acts_visited":["Exordium","TheCity","TheBeyond"],"potions_floor_usage":[10,19,25,28,33,41,41,46,46,50,50,50],"damage_taken":[{"damage":11,"enemies":"Jaw Worm","floor":1,"turns":4},{"damage":6,"enemies":"Cultist","floor":2,"turns":3},{"damage":12,"enemies":"Small Slimes","floor":3,"turns":4},{"damage":8,"enemies":"3 Louse","floor":5,"turns":4},{"damage":30,"enemies":"Gremlin Gang","floor":7,"turns":4},{"damage":10,"enemies":"Lagavulin","floor":10,"turns":4},{"damage":24,"enemies":"Gremlin Nob","floor":13,"turns":4},{"damage":33,"enemies":"Hexaghost","floor":16,"turns":8},{"damage":2,"enemies":"Chosen","floor":18,"turns":3},{"damage":0,"enemies":"Spheric Guardian","floor":20,"turns":3},{"damage":28,"enemies":"Centurion and Healer","floor":22,"turns":5},{"damage":31,"enemies":"Sentry and Sphere","floor":24,"turns":4},{"damage":44,"enemies":"Shelled Parasite and Fungi","floor":25,"turns":4},{"damage":16,"enemies":"Cultist and Chosen","floor":27,"turns":5},{"damage":43,"enemies":"Gremlin Leader","floor":28,"turns":5},{"damage":30,"enemies":"Book of Stabbing","floor":30,"turns":3},{"damage":64,"enemies":"Collector","floor":33,"turns":7},{"damage":4,"enemies":"Orb Walker","floor":35,"turns":3},{"damage":36,"enemies":"2 Orb Walkers","floor":37,"turns":3},{"damage":1,"enemies":"3 Shapes","floor":39,"turns":3},{"damage":77,"enemies":"Nemesis","floor":41,"turns":7},{"damage":0,"enemies":"Mind Bloom Boss Battle","floor":44,"turns":2},{"damage":0,"enemies":"Maw","floor":46,"turns":4},{"damage":40,"enemies":"Reptomancer","floor":48,"turns":5},{"damage":76,"enemies":"Donu and Deca","floor":50,"turns":7}],"seed_played":"-8242394206137464309","potions_obtained":[{"floor":1,"key":"Block Potion"},{"floor":3,"key":"BloodPotion"},{"floor":7,"key":"FearPotion"},{"floor":16,"key":"BloodPotion"},{"floor":19,"key":"Fruit Juice"},{"floor":19,"key":"Ancient Potion"},{"floor":20,"key":"LiquidMemories"},{"floor":27,"key":"SmokeBomb"},{"floor":33,"key":"SpeedPotion"},{"floor":39,"key":"LiquidMemories"},{"floor":44,"key":"EntropicBrew"}],"is_trial":false,"path_per_floor":["M","M","M","?","M","R","M","R","T","E","R","$","E","$","R","B",null,"M","?","M","$","M","R","M","M","T","M","E","R","E","?","R","B",null,"M","$","?","?","M","R","E","R","T","?","?","M","$","E","R","B",null],"character_chosen":"IRONCLAD","items_purchased":["Shrug It Off","Headbutt","Warcry","Bag of Preparation","Fire Breathing","Reaper","Medical Kit","Jack Of All Trades","Potion Belt","BloodPotion","LiquidMemories","Finesse","Thinking Ahead"],"campfire_rested":8,"item_purchase_floors":[14,14,21,21,36,36,36,36,47,47,47,47,47],"current_hp_per_floor":[75,75,69,69,67,67,43,67,67,63,63,63,45,45,69,42,80,80,85,85,85,63,85,69,57,57,52,44,69,45,45,70,21,85,85,85,55,55,72,85,15,40,40,46,46,52,52,35,60,44],"gold":45,"neow_bonus":"RANDOM_COLORLESS_2","is_daily":false,"chose_seed":false,"campfire_upgraded":2,"win_rate":0.0,"timestamp":1609022875,"path_taken":["M","M","M","?","?","R","M","R","T","E","R","?","E","$","R","BOSS","M","?","M","$","M","R","?","M","T","M","E","R","E","?","R","BOSS","M","$","?","?","M","R","E","R","T","?","?","M","?","E","R","BOSS"],"items_purchased_type":["Card","Card","Card","Relic","Card","Card","Relic","Card","Relic","Potion","Potion","Card","Card"],"build_version":"2020-12-22","purchased_purges":0,"victory":true,"max_hp_per_floor":[80,80,80,80,80,80,80,80,80,80,80,80,80,80,80,80,80,80,85,85,85,85,85,85,85,85,85,85,85,85,85,85,85,85,85,85,85,85,85,85,85,85,85,85,85,85,85,85,85,85],"relic_stats":{"Happy Flower":[29],"Torii":8,"counters":[25,108],"StoneCalendar":[66],"Pen Nib":[4],"Bag of Preparation":[30],"Juzu Bracelet":2,"Letter Opener":[25],"Question Card":10,"Medical Kit":[5],"Burning Blood":137,"Ornamental Fan":[128],"obtain_stats":[{"Potion Belt":47,"Lantern":13,"Happy Flower":9,"Torii":37,"Velvet Choker":17,"StoneCalendar":28,"Pen Nib":41,"Bag of Preparation":21,"Juzu Bracelet":30,"Letter Opener":48,"Question Card":26,"Medical Kit":36,"Burning Blood":0,"Old Coin":44,"Ornamental Fan":10,"Philosopher\u0027s Stone":34,"InkBottle":43},{"Potion Belt":23,"Lantern":7,"Happy Flower":5,"Torii":19,"Velvet Choker":8,"StoneCalendar":15,"Pen Nib":21,"Bag of Preparation":10,"Juzu Bracelet":16,"Letter Opener":24,"Question Card":13,"Medical Kit":18,"Burning Blood":0,"Old Coin":22,"Ornamental Fan":6,"Philosopher\u0027s Stone":17,"InkBottle":21},{"Potion Belt":96,"Lantern":27,"Happy Flower":19,"Torii":80,"Velvet Choker":35,"StoneCalendar":64,"Pen Nib":90,"Bag of Preparation":41,"Juzu Bracelet":67,"Letter Opener":101,"Question Card":54,"Medical Kit":77,"Burning Blood":0,"Old Coin":92,"Ornamental Fan":23,"Philosopher\u0027s Stone":74,"InkBottle":90}],"InkBottle":[8]},"card_choices":[{"not_picked":["Secret Technique","The Bomb"],"picked":"Apotheosis","floor":0},{"not_picked":["Anger","Body Slam"],"picked":"Pommel Strike","floor":1},{"not_picked":["Dropkick","True Grit"],"picked":"Shrug It Off","floor":2},{"not_picked":["Pommel Strike","Dark Embrace"],"picked":"Warcry","floor":3},{"not_picked":["Limit Break","Armaments"],"picked":"Wild Strike","floor":5},{"not_picked":["Thunderclap","Body Slam"],"picked":"Wild Strike","floor":7},{"not_picked":["Dual Wield","Hemokinesis"],"picked":"Evolve","floor":10},{"not_picked":["Heavy Blade","Intimidate"],"picked":"Perfected Strike","floor":13},{"not_picked":["Juggernaut","Barricade"],"picked":"Reaper","floor":16},{"not_picked":["Warcry","Sword Boomerang+1"],"picked":"Sever Soul+1","floor":18},{"not_picked":["Sever Soul","Havoc+1"],"picked":"Clothesline+1","floor":20},{"not_picked":["Rage+1","Flex"],"picked":"Warcry","floor":22},{"not_picked":["Heavy Blade","Havoc","Dropkick"],"picked":"SKIP","floor":24},{"not_picked":["Flex","Body Slam"],"picked":"Berserk","floor":25},{"not_picked":["Twin Strike+1","Flex+1","Armaments"],"picked":"Spot Weakness","floor":27},{"not_picked":["Feel No Pain","Anger","Rage+1"],"picked":"Perfected Strike","floor":28},{"not_picked":["Dropkick","Power Through+1","Armaments"],"picked":"Double Tap","floor":30},{"not_picked":["Fiend Fire","Double Tap","Exhume"],"picked":"Immolate","floor":33},{"not_picked":["Clothesline+1","Pummel+1","Havoc+1"],"picked":"Perfected Strike","floor":35},{"not_picked":["Seeing Red","Hemokinesis","Shrug It Off"],"picked":"Feel No Pain+1","floor":37},{"not_picked":["Flame Barrier","Flex+1","Clash"],"picked":"Dark Embrace+1","floor":39},{"not_picked":["Sword Boomerang","Flex+1","Warcry"],"picked":"Sever Soul","floor":41},{"not_picked":["Pommel Strike+1","Clothesline","Shrug It Off+1"],"picked":"Seeing Red+1","floor":44},{"not_picked":["Dropkick+1","Whirlwind+1","Havoc+1"],"picked":"Exhume","floor":48}],"player_experience":339545,"relics_obtained":[{"floor":9,"key":"Happy Flower"},{"floor":10,"key":"Ornamental Fan"},{"floor":13,"key":"Lantern"},{"floor":26,"key":"Question Card"},{"floor":28,"key":"StoneCalendar"},{"floor":30,"key":"Juzu Bracelet"},{"floor":37,"key":"Torii"},{"floor":41,"key":"Pen Nib"},{"floor":43,"key":"InkBottle"},{"floor":44,"key":"Old Coin"},{"floor":48,"key":"Letter Opener"}],"event_choices":[{"cards_removed":["Defend_R"],"damage_healed":0,"gold_gain":0,"player_choice":"Purged","damage_taken":0,"max_hp_gain":0,"max_hp_loss":0,"event_name":"Purifier","floor":4,"gold_loss":0},{"damage_healed":0,"gold_gain":0,"player_choice":"Got Potions","damage_taken":0,"max_hp_gain":0,"max_hp_loss":0,"event_name":"Lab","floor":19,"gold_loss":0},{"damage_healed":0,"gold_gain":100,"player_choice":"Pray","damage_taken":0,"max_hp_gain":0,"max_hp_loss":0,"event_name":"Golden Shrine","floor":31,"gold_loss":0},{"damage_healed":0,"gold_gain":0,"player_choice":"Fight","damage_taken":0,"max_hp_gain":0,"max_hp_loss":0,"event_name":"Mysterious Sphere","floor":37,"gold_loss":0},{"damage_healed":0,"gold_gain":0,"cards_transformed":["Defend_R"],"player_choice":"Transformed","damage_taken":0,"max_hp_gain":0,"max_hp_loss":0,"event_name":"Transmorgrifier","floor":38,"gold_loss":0,"cards_obtained":["Fire Breathing"]},{"damage_healed":0,"gold_gain":0,"player_choice":"Fight","damage_taken":0,"max_hp_gain":0,"max_hp_loss":0,"event_name":"MindBloom","floor":44,"gold_loss":0},{"cards_removed":["Dark Embrace"],"damage_healed":0,"gold_gain":0,"player_choice":"Removed Power","damage_taken":0,"max_hp_gain":0,"max_hp_loss":0,"event_name":"Falling","floor":45,"gold_loss":0}],"is_beta":false,"boss_relics":[{"not_picked":["Ectoplasm","Coffee Dripper"],"picked":"Velvet Choker"},{"not_picked":["Runic Pyramid","Runic Dome"],"picked":"Philosopher\u0027s Stone"}],"items_purged_floors":[],"is_endless":false,"potions_floor_spawned":[1,3,7,16,20,22,27,33,39,44],"ascension_level":3}}