{"host":"121m0oxswv9tg9hk","time":1609010272,"event":{"mods":["AchievementEnabler","BaseMod","Better Third Choice","Downfall","Hermit","Hubris","Infinite Spire","MarisaÅiñ∂âJÅ@ñÇóùçπÅj","Minty Spire (QoL Compilation)","Replay The Spire","Shade Mod","StSLib","The Construct","The Cursed","The Gatherer","The Hierophant","The Mystic"],"gold_per_floor":[115,115,126,51,66,100,100,100,100,100,112,146,146,172,172,276,276,294,304,304,37,49,84,54,54,54,72,0,35,35,45,45,141,141,152,18,28,47,47,75,75,95,174,205,216,247,247,263,263,263,263,263,21,49,49],"floor_reached":56,"playtime":4200,"items_purged":["ReplayTheSpireMod:Restless Dread","hubris:Sloth","Shade:Defend_Shade","Writhe"],"score":1452,"play_id":"8f4ce946-656f-4101-b9b2-153ea218ee2b","local_time":"20201226201752","is_ascension_mode":true,"campfire_choices":[{"data":"Shade:PressTheAttack","floor":7,"key":"SMITH"},{"data":"Shade:AnimateDead","floor":10,"key":"SMITH"},{"floor":15,"key":"REST"},{"floor":25,"key":"REST"},{"floor":32,"key":"REST"},{"floor":41,"key":"RECALL"},{"floor":52,"key":"DIG"}],"circlet_count":0,"master_deck":["Shade:AnimateDead+1","Shade:CarefulCut","Shade:ClawBack","Shade:GraveStillness","Shade:PressTheAttack+1","Shade:Bonestorm+1","Shade:RavenousHorde","Shade:Excise","infinitespire:NeuralNetwork+1","Shade:Consume","Shade:PotionOfRestlessness+1","Shade:Excise","Shade:OpenGraves+1","Shade:Bite_Shade+1","Shade:Bonestorm","expansioncontent:Chronoboost+1","Shade:Brains","hubris:EnhanceAbility+1","Shade:Frenzy","Shade:Carnophage+1","Shade:FuneraryArmor","Shade:CloudOfShrapnel","Shade:CommandSoldier+1","infinitespire:NeuralNetwork+1","Shade:Putrefaction+1","Shade:WallOfFlesh+1","Shade:TouchOfTheGrave+1","Shade:ClawBack+1","Shade:FleshOffering+1","Shade:Carnophage+1","Shade:CloudOfShrapnel+1","Shade:BoneShards+1","Shade:OpenGraves+1","Shade:AncientSpear+1","Shade:StitchTogether+1","Shade:TouchOfTheGrave+1"],"relics":["Shade:YorickSkull","NeowsBlessing","Frozen Egg 2","White Beast Statue","Guardian:PocketSentry","Centennial Puzzle","Velvet Choker","hubris:Icosahedron","BargainBundle","Tiny Chest","Omamori","hexamod:BolsterEngine","Sling","ChewingGum","Kintsugi","Empty Cage","Replay:Multitool","Eternal Feather","Prayer Wheel","Regal Pillow","hubris:BottledRain","Nunchaku"],"acts_visited":["Exordium","TheCity","TheBeyond","TheEnding"],"potions_floor_usage":[12,14,16,18,19,22,23,24,29,31,33,33,37,38,40,42,44,45,46,48,50,54,55],"damage_taken":[{"damage":0,"enemies":"Cultist","floor":1,"turns":1},{"damage":0,"enemies":"Small Slimes","floor":3,"turns":1},{"damage":0,"enemies":"2 Louse","floor":5,"turns":1},{"damage":8,"enemies":"3 Sentries","floor":6,"turns":5},{"damage":0,"enemies":"Large Slime","floor":11,"turns":4},{"damage":17,"enemies":"Gremlin Nob","floor":12,"turns":4},{"damage":9,"enemies":"3 Sentries","floor":14,"turns":6},{"damage":6,"enemies":"Fading Forest","floor":16,"turns":11},{"damage":2,"enemies":"Spheric Guardian","floor":18,"turns":4},{"damage":20,"enemies":"2 Thieves","floor":19,"turns":3},{"damage":0,"enemies":"Centurion and Healer","floor":22,"turns":7},{"damage":11,"enemies":"Replay:Snechameleon","floor":23,"turns":6},{"damage":12,"enemies":"Snake Plant","floor":24,"turns":2},{"damage":6,"enemies":"Snecko","floor":27,"turns":5},{"damage":27,"enemies":"Book of Stabbing","floor":29,"turns":7},{"damage":0,"enemies":"Chosen and Byrds","floor":31,"turns":4},{"damage":2,"enemies":"hubris:MusketHawk","floor":33,"turns":7},{"damage":8,"enemies":"3 Shapes","floor":35,"turns":4},{"damage":0,"enemies":"Orb Walker","floor":37,"turns":2},{"damage":2,"enemies":"Writhing Mass","floor":38,"turns":6},{"damage":0,"enemies":"Giant Head","floor":40,"turns":6},{"damage":0,"enemies":"3 Darklings","floor":42,"turns":4},{"damage":31,"enemies":"Nemesis","floor":44,"turns":7},{"damage":8,"enemies":"Spire Growth","floor":45,"turns":5},{"damage":0,"enemies":"R_Hoarder","floor":46,"turns":6},{"damage":5,"enemies":"Jaw Worm Horde","floor":48,"turns":4},{"damage":33,"enemies":"Replay:Hell Engine","floor":50,"turns":8},{"damage":27,"enemies":"Shield and Spear","floor":54,"turns":6},{"damage":80,"enemies":"The Heart","floor":55,"turns":10}],"seed_played":"-6620733664137069052","potions_obtained":[{"floor":3,"key":"CultistPotion"},{"floor":6,"key":"SkillPotion"},{"floor":11,"key":"FairyPotion"},{"floor":12,"key":"PowerPotion"},{"floor":14,"key":"Elixir"},{"floor":16,"key":"Explosive Potion"},{"floor":18,"key":"Dexterity Potion"},{"floor":19,"key":"ColorlessPotion"},{"floor":22,"key":"Fire Potion"},{"floor":23,"key":"Death Potion"},{"floor":24,"key":"Fire Potion"},{"floor":29,"key":"AttackPotion"},{"floor":31,"key":"Dexterity Potion"},{"floor":33,"key":"Fruit Juice"},{"floor":35,"key":"Slimebound:ThreeZeroPotion"},{"floor":37,"key":"Strength Potion"},{"floor":38,"key":"infinitespire:BlackPotion"},{"floor":40,"key":"Explosive Potion"},{"floor":42,"key":"Doom Potion"},{"floor":44,"key":"Regen Potion"},{"floor":45,"key":"hexamod:EctoCoolerPotion"},{"floor":46,"key":"Block Potion"},{"floor":48,"key":"LiquidMemories"},{"floor":54,"key":"Explosive Potion"}],"is_trial":false,"path_per_floor":["M","$","M","$","M","E","R","?","T","R","M","E","?","E","R","B",null,"M","M","?","$","M","E","M","R","T","M","$","E","AVR","M","R","B",null,"M","$","M","M","AVR","E","R","M","T","E","M","E","?","M","R","B",null,"R","$","E","B",null],"character_chosen":"SHADE","items_purchased":["Shade:PressTheAttack","BargainBundle","Shade:OpenGraves+1","Shade:Bite_Shade","Shade:Bonestorm","expansioncontent:Chronoboost+1","Shade:Brains","Toxic Potion","hubris:EnhanceAbility+1","Shade:CloudOfShrapnel","Shade:TouchOfTheGrave+1","Shade:AncientSpear+1","Shade:StitchTogether+1"],"campfire_rested":3,"item_purchase_floors":[4,21,21,21,21,21,21,21,21,28,36,53,53],"current_hp_per_floor":[59,59,59,59,59,51,51,51,51,51,51,34,34,25,44,60,64,62,42,42,42,44,37,25,44,44,38,38,11,11,13,32,35,61,57,57,57,59,59,61,70,70,70,41,51,55,70,65,70,46,64,70,70,49,18],"gold":49,"neow_bonus":"THREE_ENEMY_KILL","is_daily":false,"chose_seed":false,"campfire_upgraded":2,"win_rate":0.0,"timestamp":1609010272,"path_taken":["M","$","?","$","M","E","R","?","T","R","M","E","?","E","R","BOSS","M","M","?","$","M","E","M","R","T","M","$","E","AVR","M","R","BOSS","M","$","M","M","AVR","E","R","M","T","E","M","E","?","M","R","BOSS","R","$","E","BOSS"],"items_purchased_type":["Card","Relic","Card","Card","Card","Card","Card","Potion","Card","Card","Card","Card","Card"],"build_version":"2020-12-22","purchased_purges":4,"victory":true,"max_hp_per_floor":[65,65,65,65,65,65,65,65,65,65,65,65,65,65,65,65,65,65,65,65,65,65,65,65,65,65,65,65,65,65,65,65,70,70,70,70,70,70,70,70,70,70,70,70,70,70,70,70,70,70,70,70,70,70,70],"card_choices":[{"not_picked":["Shade:FingerOfDeath","Shade:RavenousHorde"],"picked":"Shade:ClawBack","floor":1},{"not_picked":["Shade:AuraOfUnlife","Shade:FreshBones"],"picked":"Shade:GraveStillness","floor":3},{"not_picked":["Shade:SkeletonHug","Shade:CoffinDance"],"picked":"Shade:Bonestorm","floor":5},{"not_picked":["Shade:FingerOfDeath","Shade:LastGasp","Shade:SoulToxin"],"picked":"SKIP","floor":6},{"not_picked":["Shade:FleshToFlesh","Shade:RitualOffering"],"picked":"Shade:RavenousHorde","floor":11},{"not_picked":["Shade:CommandSoldier","Shade:Asphyxiate"],"picked":"Shade:Excise","floor":12},{"not_picked":["infinitespire:FinalStrike","infinitespire:Oblivion"],"picked":"infinitespire:NeuralNetwork","floor":13},{"not_picked":["Shade:FreshBones","Shade:ScuttlingHand","Shade:SkeletonHug"],"picked":"SKIP","floor":14},{"not_picked":["Shade:MadHubris","Shade:SelfBurial"],"picked":"Shade:Consume","floor":16},{"not_picked":["Shade:SkeletonArmy","Shade:BoneShards"],"picked":"Shade:PotionOfRestlessness+1","floor":18},{"not_picked":["Shade:GraveStillness","Shade:Brains+1"],"picked":"Shade:Excise","floor":19},{"not_picked":["Shade:SanguineRitual+1","Shade:Bonestorm"],"picked":"Shade:Frenzy","floor":22},{"not_picked":["Shade:CommandSoldier","Shade:WallOfFlesh"],"picked":"Shade:Carnophage+1","floor":23},{"not_picked":["Shade:SoulPierce+1","Shade:SkeletonArmy","Shade:FingerOfDeath"],"picked":"SKIP","floor":24},{"not_picked":["Shade:FreshBones","Shade:CommandSoldier"],"picked":"Shade:FuneraryArmor","floor":27},{"not_picked":["Shade:CoffinDance","Shade:MadHubris"],"picked":"Shade:CommandSoldier+1","floor":29},{"not_picked":["Shade:GraveStillness","Shade:Awaken","Shade:Haruspicy"],"picked":"SKIP","floor":31},{"not_picked":["Shade:OneIsEnough","Shade:LastGasp"],"picked":"Shade:Putrefaction+1","floor":33},{"not_picked":["Shade:GreyBargain","Shade:Bonestorm"],"picked":"Shade:WallOfFlesh+1","floor":35},{"not_picked":["Shade:FreshBones","Shade:Premonition","Shade:Trample"],"picked":"SKIP","floor":37},{"not_picked":["Shade:TouchOfTheGrave+1","Shade:DangerousRitual+1"],"picked":"Shade:ClawBack+1","floor":38},{"not_picked":["Shade:AncientSpear","Shade:SpontaneousRitual+1","Shade:CommandSoldier+1"],"picked":"SKIP","floor":40},{"not_picked":["Shade:AncientSpear","Shade:SpontaneousRitual+1","Shade:CommandSoldier+1"],"picked":"SKIP","floor":40},{"not_picked":["Shade:Brains","Shade:StitchTogether+1"],"picked":"Shade:FleshOffering+1","floor":42},{"not_picked":["Shade:OfferingToTheBeyond+1","Shade:SkeletonArmy"],"picked":"Shade:Carnophage+1","floor":44},{"not_picked":["Shade:CommandSoldier","Shade:GreyBargain"],"picked":"Shade:CloudOfShrapnel+1","floor":45},{"not_picked":["Shade:FingerOfDeath+1","Shade:WallOfFlesh","Shade:SkeletonArmy"],"picked":"SKIP","floor":45},{"not_picked":["Shade:WallOfFlesh+1","Shade:GraveStillness","Shade:TouchOfTheGrave+1"],"picked":"SKIP","floor":46},{"not_picked":["Shade:AblativeArmor+1","Shade:PressTheAttack"],"picked":"Shade:BoneShards+1","floor":48},{"not_picked":["Shade:FeralStrike+1","Shade:CommandSoldier"],"picked":"Shade:OpenGraves+1","floor":48},{"not_picked":["Shade:CoffinDance+1","Shade:SoulToxin"],"picked":"Shade:TouchOfTheGrave+1","floor":54}],"player_experience":2926860,"relics_obtained":[{"floor":6,"key":"Frozen Egg 2"},{"floor":9,"key":"White Beast Statue"},{"floor":12,"key":"Guardian:PocketSentry"},{"floor":14,"key":"Centennial Puzzle"},{"floor":23,"key":"Tiny Chest"},{"floor":26,"key":"Omamori"},{"floor":29,"key":"hexamod:BolsterEngine"},{"floor":40,"key":"Eternal Feather"},{"floor":44,"key":"Prayer Wheel"},{"floor":46,"key":"Regal Pillow"},{"floor":52,"key":"hubris:BottledRain"},{"floor":54,"key":"Nunchaku"}],"event_choices":[{"damage_healed":18,"gold_gain":0,"player_choice":"Writhe","damage_taken":0,"max_hp_gain":0,"max_hp_loss":0,"event_name":"Winding Halls","floor":47,"gold_loss":0,"cards_obtained":["Writhe"]}],"is_beta":false,"boss_relics":[{"not_picked":["hubris:TerracottaHorce","Sozu"],"picked":"Velvet Choker"},{"not_picked":["Coffee Dripper","Cursed Key"],"picked":"Kintsugi"}],"items_purged_floors":[21,30,36,53],"is_endless":false,"potions_floor_spawned":[3,6,11,12,14,16,18,19,22,23,24,27,29,31,33,35,37,38,40,42,44,45,46,48,54],"ascension_level":7}}