{"host":"uq7j81ocmf0ebuur","time":1609016961,"event":{"mods":["AchievementEnabler","BaseMod","Better Match","Better Note","Better Third Choice","Block Reminder","Colored Map","Colored Powertips","Defuse TimeMaze Blight","Googly Eyes","Minty Spire (QoL Compilation)","Relic Stats","StSLib","SuperFastMode","everything is the same but u backflip on backflip","slay the spire mod where everything is the same but ironclad has a cowboy hat"],"gold_per_floor":[114,114,114,129,129,129,149,149,174,193,232,245,245,288,288,419,419,443,468,483,256,256,256,296,319,319,234,257,300,324,343,343,343,343],"floor_reached":33,"playtime":1557,"items_purged":["Strike_G"],"score":389,"play_id":"f8d872eb-1354-453a-9cd0-8a4c9d41bd55","local_time":"20201226230921","is_ascension_mode":true,"campfire_choices":[{"data":"Poisoned Stab","floor":6.0,"key":"SMITH"},{"data":"Bouncing Flask","floor":8.0,"key":"SMITH"},{"floor":13.0,"key":"REST"},{"data":"Wraith Form v2","floor":15,"key":"SMITH"},{"data":"Dagger Throw","floor":23,"key":"SMITH"},{"floor":32,"key":"REST"}],"circlet_count":0,"master_deck":["Strike_G+1","Strike_G+1","Strike_G+1","Defend_G+1","Defend_G+1","Defend_G+1","Defend_G+1","Defend_G+1","Survivor","Neutralize","Bouncing Flask+1","Poisoned Stab+1","PiercingWail","Well Laid Plans","Dagger Throw+1","Wraith Form v2+1","PiercingWail","Corpse Explosion","Acrobatics","Dodge and Roll+1","Backflip+1","Adrenaline"],"relics":["Ring of the Snake","Golden Idol","Ginger","Bottled Flame","Cursed Key","Lee\u0027s Waffle","Question Card","The Specimen","Thread and Needle"],"acts_visited":["Exordium","TheCity"],"potions_floor_usage":[29],"damage_taken":[{"damage":0.0,"enemies":"Cultist","floor":1.0,"turns":4.0},{"damage":2.0,"enemies":"2 Louse","floor":4.0,"turns":2.0},{"damage":0.0,"enemies":"Small Slimes","floor":7.0,"turns":3.0},{"damage":2.0,"enemies":"2 Fungi Beasts","floor":10.0,"turns":4.0},{"damage":29.0,"enemies":"3 Sentries","floor":11.0,"turns":9.0},{"damage":0.0,"enemies":"Blue Slaver","floor":12.0,"turns":2.0},{"damage":12.0,"enemies":"Lagavulin","floor":14.0,"turns":5.0},{"damage":22,"enemies":"The Guardian","floor":16,"turns":10},{"damage":0,"enemies":"Chosen","floor":18,"turns":4},{"damage":0,"enemies":"Spheric Guardian","floor":19,"turns":4},{"damage":15,"enemies":"Centurion and Healer","floor":20,"turns":6},{"damage":19,"enemies":"Gremlin Leader","floor":24,"turns":6},{"damage":3,"enemies":"3 Cultists","floor":25,"turns":3},{"damage":1,"enemies":"Snecko","floor":28,"turns":4},{"damage":35,"enemies":"Slavers","floor":29,"turns":4},{"damage":1,"enemies":"Centurion and Healer","floor":30,"turns":6},{"damage":0,"enemies":"Cultist and Chosen","floor":31,"turns":4},{"damage":60,"enemies":"Champ","floor":33,"turns":14}],"seed_played":"4096487914166106726","potions_obtained":[{"floor":1.0,"key":"SpeedPotion"},{"floor":7.0,"key":"Ancient Potion"},{"floor":11.0,"key":"BlessingOfTheForge"},{"floor":24,"key":"Block Potion"},{"floor":30,"key":"GamblersBrew"}],"is_trial":false,"path_per_floor":["M","?","?","M","?","R","M","R","T","M","E","M","R","E","R","B",null,"M","M","M","$","?","R","E","M","T","?","M","E","M","M","R","B"],"character_chosen":"THE_SILENT","items_purchased":["Lee\u0027s Waffle"],"campfire_rested":2,"item_purchase_floors":[21],"current_hp_per_floor":[77,71,64,62,62,62,62,62,62,60,31,31,52,40,40,18,71,71,71,56,78,78,78,59,56,56,56,55,20,19,19,42,0,0],"gold":343,"neow_bonus":"TEN_PERCENT_HP_BONUS","is_daily":false,"chose_seed":false,"campfire_upgraded":4,"win_rate":0.0,"timestamp":1609016961,"path_taken":["M","?","?","M","?","R","M","R","T","M","E","M","R","E","R","BOSS","M","M","M","$","?","R","E","M","T","?","M","E","M","M","R","BOSS"],"items_purchased_type":["Relic"],"build_version":"2020-12-22","purchased_purges":1,"victory":false,"max_hp_per_floor":[77,71,71,71,71,71,71,71,71,71,71,71,71,71,71,71,71,71,71,71,78,78,78,78,78,78,78,78,78,78,78,78,78,78],"relic_stats":{"Lee\u0027s Waffle":22,"counters":[18,94],"Golden Idol":106,"Ginger":[13],"Cursed Key":0,"Question Card":5,"obtain_stats":[{"Bottled Flame":14,"Lee\u0027s Waffle":21,"The Specimen":27,"Golden Idol":2,"Thread and Needle":29,"Ginger":11,"Cursed Key":17,"Question Card":24,"Ring of the Snake":0},{"Bottled Flame":7,"Lee\u0027s Waffle":11,"The Specimen":13,"Golden Idol":1,"Thread and Needle":15,"Ginger":5,"Cursed Key":8,"Question Card":12,"Ring of the Snake":0},{"Bottled Flame":29,"Lee\u0027s Waffle":53,"The Specimen":62,"Golden Idol":4,"Thread and Needle":70,"Ginger":22,"Cursed Key":39,"Question Card":59,"Ring of the Snake":0}],"Ring of the Snake":[36]},"card_choices":[{"not_picked":["Concentrate","Escape Plan"],"picked":"Bouncing Flask","floor":1.0},{"not_picked":["Dagger Spray","Deadly Poison"],"picked":"Poisoned Stab","floor":4.0},{"not_picked":["Deflect","Leg Sweep"],"picked":"PiercingWail","floor":7.0},{"not_picked":["Deflect","Blade Dance"],"picked":"Well Laid Plans","floor":10.0},{"not_picked":["Acrobatics","Blur"],"picked":"Dagger Throw","floor":11.0},{"not_picked":["Predator","Dagger Spray"],"picked":"Wraith Form v2","floor":12.0},{"not_picked":["Endless Agony","Quick Slash"],"picked":"PiercingWail","floor":14.0},{"not_picked":["Bullet Time","Burst"],"picked":"Corpse Explosion","floor":16},{"not_picked":["Tactician","Concentrate","Setup+1"],"picked":"SKIP","floor":18},{"not_picked":["Slice","Dagger Throw","Expertise"],"picked":"SKIP","floor":19},{"not_picked":["Poisoned Stab","PiercingWail"],"picked":"Acrobatics","floor":20},{"not_picked":["Dagger Throw","Slice"],"picked":"Dodge and Roll+1","floor":24},{"not_picked":["Phantasmal Killer","Prepared","Choke+1","Skewer"],"picked":"SKIP","floor":25},{"not_picked":["Finisher+1","Heel Hook","Dagger Spray"],"picked":"Backflip+1","floor":28},{"not_picked":["All Out Attack","Flying Knee+1","Sucker Punch+1"],"picked":"Adrenaline","floor":29},{"not_picked":["Quick Slash","Dagger Spray","Blade Dance+1","Cloak And Dagger"],"picked":"SKIP","floor":30},{"not_picked":["Quick Slash","Blade Dance","Underhanded Strike+1","Flying Knee"],"picked":"SKIP","floor":31}],"player_experience":318802,"relics_obtained":[{"floor":11.0,"key":"Ginger"},{"floor":14.0,"key":"Bottled Flame"},{"floor":24,"key":"Question Card"},{"floor":29,"key":"Thread and Needle"}],"event_choices":[{"damage_healed":0.0,"max_hp_gain":0.0,"max_hp_loss":6.0,"gold_gain":0.0,"event_name":"Golden Idol","player_choice":"Lose Max HP","floor":2.0,"gold_loss":0.0,"damage_taken":0.0,"relics_obtained":["Golden Idol"]},{"cards_removed":["Strike_G"],"damage_healed":0.0,"max_hp_gain":0.0,"max_hp_loss":0.0,"gold_gain":0.0,"event_name":"Golden Wing","player_choice":"Card Removal","floor":3.0,"gold_loss":0.0,"damage_taken":7.0},{"damage_healed":0.0,"max_hp_gain":0.0,"max_hp_loss":0.0,"gold_gain":0.0,"event_name":"betterThird:BetterSerpent","player_choice":"Ignored","floor":5.0,"gold_loss":0.0,"damage_taken":129.0},{"damage_healed":0,"gold_gain":0,"player_choice":"Simplicity","damage_taken":0,"max_hp_gain":0,"max_hp_loss":8,"event_name":"betterThird:BetterWriting","floor":22,"gold_loss":0},{"damage_healed":0,"gold_gain":0,"player_choice":"Obtained Relic","damage_taken":0,"relics_obtained":["The Specimen"],"max_hp_gain":0,"max_hp_loss":0,"event_name":"Addict","floor":27,"gold_loss":85}],"is_beta":false,"boss_relics":[{"not_picked":["Ring of the Serpent","WristBlade"],"picked":"Cursed Key"}],"items_purged_floors":[21],"is_endless":false,"potions_floor_spawned":[1,7,11,12,16,19,24,25,30],"killed_by":"Champ","ascension_level":4}}