{"host":"6pgtslebjnyv5xmi","time":1609001346,"event":{"mods":["AchievementEnabler","BaseMod","Colored Map","Minty Spire (QoL Compilation)","Rare Cards Sparkle","StSLib","SuperFastMode","Td1madao Mod","everything is the same but u backflip on backflip"],"gold_per_floor":[115,125,145,145,70,70,104,117,142,142,171,171,217,217,217,322,322,337,337,252,3,3,31,31,31,31,49,77,27,46,64,64,168,168,182,152,163,173,123,123,153,165,204,216,243,255,73,73,73,73,73],"floor_reached":50,"playtime":1499,"items_purged":["Regret","Writhe","Strike_R","Strike_R"],"score":818,"play_id":"47e96f03-b47a-4e56-a694-7d862a1a78d7","local_time":"20201227014906","is_ascension_mode":true,"campfire_choices":[{"data":"Inflame","floor":6.0,"key":"SMITH"},{"data":"Whirlwind","floor":10.0,"key":"SMITH"},{"data":"Bash","floor":15.0,"key":"SMITH"},{"data":"Defend_R","floor":25.0,"key":"SMITH"},{"data":"Ghostly Armor","floor":32.0,"key":"SMITH"},{"data":"Shockwave","floor":40.0,"key":"SMITH"},{"data":"Flex","floor":42.0,"key":"SMITH"},{"data":"Defend_R","floor":46.0,"key":"SMITH"},{"data":"Defend_R","floor":49.0,"key":"SMITH"}],"circlet_count":0,"master_deck":["Strike_R","Strike_R","Strike_R","Defend_R+1","Defend_R","Defend_R+1","Defend_R+1","Bash+1","Inflame+1","Whirlwind+1","Seeing Red+1","Limit Break+1","Bandage Up+1","Seeing Red+1","Flex+1","Shockwave+1","Ghostly Armor+1","Reaper+1","Flex+1"],"relics":["Black Blood","NeowsBlessing","Red Skull","Orichalcum","Smiling Mask","Lantern","Vajra","Coffee Dripper","Kunai","Gremlin Horn","Blood Vial","Molten Egg 2","War Paint","Darkstone Periapt","Self Forming Clay","MawBank","Anchor","ClockworkSouvenir"],"acts_visited":["Exordium","TheCity","TheBeyond"],"potions_floor_usage":[],"damage_taken":[{"damage":0.0,"enemies":"Cultist","floor":1.0,"turns":1.0},{"damage":0.0,"enemies":"Jaw Worm","floor":2.0,"turns":1.0},{"damage":0.0,"enemies":"2 Louse","floor":3.0,"turns":1.0},{"damage":20.0,"enemies":"Lagavulin","floor":7.0,"turns":5.0},{"damage":8.0,"enemies":"Blue Slaver","floor":8.0,"turns":5.0},{"damage":4.0,"enemies":"3 Sentries","floor":11.0,"turns":2.0},{"damage":0.0,"enemies":"Slime Boss","floor":16.0,"turns":3.0},{"damage":6.0,"enemies":"Chosen","floor":18.0,"turns":3.0},{"damage":20.0,"enemies":"Gremlin Leader","floor":23.0,"turns":4.0},{"damage":18.0,"enemies":"3 Byrds","floor":27.0,"turns":3.0},{"damage":49.0,"enemies":"Book of Stabbing","floor":28.0,"turns":5.0},{"damage":18.0,"enemies":"Snake Plant","floor":30.0,"turns":2.0},{"damage":8.0,"enemies":"3 Cultists","floor":31.0,"turns":4.0},{"damage":24.0,"enemies":"Champ","floor":33.0,"turns":8.0},{"damage":53.0,"enemies":"3 Darklings","floor":35.0,"turns":4.0},{"damage":12.0,"enemies":"Orb Walker","floor":37.0,"turns":3.0},{"damage":22.0,"enemies":"Writhing Mass","floor":38.0,"turns":5.0},{"damage":103.0,"enemies":"Giant Head","floor":41.0,"turns":9.0},{"damage":39.0,"enemies":"Jaw Worm Horde","floor":45.0,"turns":3.0},{"damage":57,"enemies":"Time Eater","floor":50,"turns":8}],"seed_played":"-1125668048686640615","potions_obtained":[{"floor":1.0,"key":"Swift Potion"},{"floor":3.0,"key":"ColorlessPotion"},{"floor":7.0,"key":"Energy Potion"},{"floor":11.0,"key":"ElixirPotion"},{"floor":14.0,"key":"CultistPotion"},{"floor":14.0,"key":"BloodPotion"},{"floor":23.0,"key":"EssenceOfSteel"},{"floor":28.0,"key":"Fire Potion"},{"floor":30.0,"key":"Ancient Potion"},{"floor":35.0,"key":"Strength Potion"},{"floor":36.0,"key":"Strength Potion"},{"floor":36.0,"key":"CultistPotion"},{"floor":41.0,"key":"SmokeBomb"}],"is_trial":false,"path_per_floor":["M","M","M","?","$","R","E","M","T","R","E","?","T","?","R","B",null,"M","T","?","$","?","E","?","R","T","M","E","$","M","M","R","B",null,"M","?","M","M","$","R","E","R","T","$","M","R","$","?","R","B"],"character_chosen":"IRONCLAD","items_purchased":["Blood Vial","Bandage Up","ClockworkSouvenir"],"campfire_rested":0,"item_purchase_floors":[21,21,47],"current_hp_per_floor":[78,80,80,80,80,80,66,64,64,64,66,66,66,66,66,72,78,78,78,78,78,78,66,66,66,66,62,43,43,39,45,45,35,69,75,75,80,76,76,76,54,54,54,54,49,49,49,49,49,0,0],"gold":73,"neow_bonus":"THREE_ENEMY_KILL","is_daily":false,"chose_seed":false,"campfire_upgraded":9,"win_rate":0.0,"timestamp":1609001346,"path_taken":["M","?","M","?","$","R","E","M","T","R","E","?","?","?","R","BOSS","M","?","?","$","?","E","?","R","T","M","E","$","M","M","R","BOSS","M","?","?","?","$","R","E","R","T","?","M","R","$","?","R","BOSS"],"items_purchased_type":["Relic","Card","Relic"],"build_version":"2020-12-22","purchased_purges":4,"victory":false,"max_hp_per_floor":[80,80,80,80,80,80,80,80,80,80,80,80,80,80,80,80,80,80,80,80,80,80,80,80,80,80,80,80,80,80,80,80,80,80,80,80,80,80,80,80,80,80,80,80,80,80,80,80,80,80,80],"card_choices":[{"not_picked":["Disarm","Warcry"],"picked":"Inflame","floor":1.0},{"not_picked":["Havoc","Iron Wave","Metallicize"],"picked":"SKIP","floor":2.0},{"not_picked":["Sentinel","Clothesline","Anger"],"picked":"SKIP","floor":3.0},{"not_picked":["Shrug It Off","Reaper"],"picked":"Whirlwind","floor":7.0},{"not_picked":["Thunderclap","Armaments","Rampage"],"picked":"SKIP","floor":8.0},{"not_picked":["Flex","Clothesline"],"picked":"Seeing Red","floor":11.0},{"not_picked":["Immolate","Brutality"],"picked":"Limit Break","floor":16.0},{"not_picked":["Clothesline+1","Disarm","Feel No Pain"],"picked":"SKIP","floor":18.0},{"not_picked":["Blood for Blood+1","Flex"],"picked":"Seeing Red","floor":23.0},{"not_picked":["Heavy Blade+1","Havoc"],"picked":"Flex","floor":27.0},{"not_picked":["Fire Breathing","Armaments","Perfected Strike+1"],"picked":"SKIP","floor":28.0},{"not_picked":["True Grit","Sword Boomerang+1"],"picked":"Shockwave","floor":30.0},{"not_picked":["Anger+1","Perfected Strike+1"],"picked":"Ghostly Armor","floor":31.0},{"not_picked":["Bludgeon+1","Juggernaut"],"picked":"Reaper+1","floor":33.0},{"not_picked":["Anger+1","Evolve+1","Clash+1"],"picked":"SKIP","floor":35.0},{"not_picked":["Wild Strike+1","Heavy Blade+1","Carnage+1"],"picked":"SKIP","floor":37.0},{"not_picked":["Feel No Pain","Warcry","Thunderclap+1"],"picked":"SKIP","floor":38.0},{"not_picked":["Hemokinesis+1","Flame Barrier+1"],"picked":"Flex+1","floor":41.0},{"not_picked":["Cleave+1","Shockwave+1","Thunderclap+1"],"picked":"SKIP","floor":45.0}],"player_experience":497872,"relics_obtained":[{"floor":7.0,"key":"Orichalcum"},{"floor":9.0,"key":"Smiling Mask"},{"floor":11.0,"key":"Lantern"},{"floor":13.0,"key":"Vajra"},{"floor":19.0,"key":"Kunai"},{"floor":23.0,"key":"War Paint"},{"floor":26.0,"key":"Darkstone Periapt"},{"floor":28.0,"key":"Self Forming Clay"},{"floor":41.0,"key":"MawBank"},{"floor":43.0,"key":"Anchor"}],"event_choices":[{"damage_healed":0.0,"max_hp_gain":0.0,"max_hp_loss":0.0,"gold_gain":0.0,"event_name":"Big Fish","player_choice":"Box","floor":4.0,"gold_loss":0.0,"damage_taken":0.0,"relics_obtained":["Red Skull"],"cards_obtained":["Regret"]},{"damage_healed":0.0,"max_hp_gain":0.0,"max_hp_loss":0.0,"gold_gain":0.0,"event_name":"Living Wall","player_choice":"Grow","floor":12.0,"gold_loss":0.0,"damage_taken":0.0,"cards_upgraded":["Seeing Red"]},{"damage_healed":0.0,"max_hp_gain":0.0,"max_hp_loss":0.0,"gold_gain":0.0,"event_name":"Lab","player_choice":"Got Potions","floor":14.0,"gold_loss":0.0,"damage_taken":0.0},{"damage_healed":0.0,"max_hp_gain":0.0,"max_hp_loss":0.0,"gold_gain":0.0,"event_name":"Addict","player_choice":"Obtained Relic","floor":20.0,"gold_loss":85.0,"damage_taken":0.0,"relics_obtained":["Gremlin Horn"]},{"damage_healed":0.0,"max_hp_gain":0.0,"max_hp_loss":0.0,"gold_gain":0.0,"event_name":"The Mausoleum","player_choice":"Opened","floor":22.0,"gold_loss":0.0,"damage_taken":0.0,"relics_obtained":["Molten Egg 2"],"cards_obtained":["Writhe"]},{"damage_healed":0.0,"max_hp_gain":0.0,"max_hp_loss":0.0,"gold_gain":0.0,"event_name":"Upgrade Shrine","player_choice":"Upgraded","floor":24.0,"gold_loss":0.0,"damage_taken":0.0,"cards_upgraded":["Seeing Red"]},{"damage_healed":0.0,"max_hp_gain":0.0,"max_hp_loss":0.0,"gold_gain":0.0,"event_name":"The Woman in Blue","player_choice":"Bought 2 Potions","floor":36.0,"gold_loss":0.0,"damage_taken":0.0},{"damage_healed":0.0,"max_hp_gain":0.0,"max_hp_loss":0.0,"gold_gain":0.0,"event_name":"Mysterious Sphere","player_choice":"Ignored","floor":48.0,"gold_loss":0.0,"damage_taken":0.0}],"is_beta":false,"boss_relics":[{"not_picked":["Runic Cube","Black Star"],"picked":"Coffee Dripper"},{"not_picked":["Runic Dome","Philosopher\u0027s Stone"],"picked":"Black Blood"}],"items_purged_floors":[5,29,39,47],"is_endless":false,"potions_floor_spawned":[1,3,7,11,23,28,30,35,41],"killed_by":"Time Eater","ascension_level":9}}