{"host":"6r3ioyv75hs1gp74","time":1609021744,"event":{"mods":["AchievementEnabler","BaseMod","Colored Map","Colored Powertips","Minty Spire (QoL Compilation)"],"gold_per_floor":[118,118,118,128,141,174,188,208,208,208,208,218,235,235,235,235,235],"floor_reached":16,"playtime":1533,"items_purged":[],"score":264,"play_id":"800f9859-6e22-4e2e-b1c8-cbbaa322ac7f","local_time":"20201226222904","daily_mods":["Draft","Shiny","Specialized","Diverse","Heirloom"],"is_ascension_mode":false,"campfire_choices":[{"data":"After Image","floor":11,"key":"SMITH"},{"data":"Fiend Fire","floor":15,"key":"SMITH"}],"circlet_count":0,"master_deck":["Multi-Cast","Hyperbeam","Thunder Strike","Biased Cognition","Machine Learning","Electrodynamics","Buffer","Rainbow","Seek","Meteor Strike","Echo Form+1","All For One","Reboot","Amplify","Creative AI","Fission","Core Surge","Venomology","Corpse Explosion","Malaise","Phantasmal Killer","Die Die Die","Adrenaline","Envenom","Doppelganger","Burst+1","Wraith Form v2","Tools of the Trade","Night Terror","Unload","After Image+1","Bullet Time","Storm of Steel","Glass Knife","A Thousand Cuts","Grand Finale","Double Tap","Demon Form","Bludgeon","Feed","Limit Break","Corruption","Barricade","Fiend Fire+1","Berserk","Impervious","Juggernaut","Brutality","Reaper","Exhume","Immolate","Intimidate","Intimidate","Intimidate","Intimidate","Intimidate","Backflip","Iron Wave","Perfected Strike","Clothesline","Acrobatics","Iron Wave","Blade Dance","Bane","Dash","Glacier","Aggregate","Melter","Underhanded Strike","Flex","Prepared","Crippling Poison","Dual Wield","Heatsinks","Streamline","Cloak And Dagger","Flex","Endless Agony"],"relics":["Burning Blood","Pocketwatch","Peace Pipe","Bottled Flame","Paper Frog"],"acts_visited":["Exordium"],"potions_floor_usage":[7,16],"damage_taken":[{"damage":0,"enemies":"Cultist","floor":1,"turns":2},{"damage":13,"enemies":"Jaw Worm","floor":4,"turns":3},{"damage":15,"enemies":"2 Louse","floor":5,"turns":3},{"damage":19,"enemies":"Lagavulin","floor":6,"turns":5},{"damage":9,"enemies":"Red Slaver","floor":7,"turns":2},{"damage":12,"enemies":"Large Slime","floor":8,"turns":4},{"damage":2,"enemies":"Exordium Wildlife","floor":12,"turns":3},{"damage":10,"enemies":"Looter","floor":13,"turns":3},{"damage":23,"enemies":"3 Sentries","floor":14,"turns":3},{"damage":23,"enemies":"Slime Boss","floor":16,"turns":9}],"seed_played":"-8099340870740543670","potions_obtained":[{"floor":3,"key":"BloodPotion"},{"floor":3,"key":"PowerPotion"},{"floor":3,"key":"Strength Potion"},{"floor":7,"key":"Ancient Potion"},{"floor":14,"key":"LiquidBronze"}],"is_trial":true,"path_per_floor":["M","?","?","M","M","E","M","M","T","?","R","M","M","E","R","B"],"character_chosen":"IRONCLAD","items_purchased":[],"campfire_rested":0,"item_purchase_floors":[],"current_hp_per_floor":[80,64,64,61,55,45,59,53,53,96,96,96,92,87,87,73,73],"gold":235,"neow_bonus":"","is_daily":false,"chose_seed":false,"campfire_upgraded":2,"win_rate":0.0,"timestamp":1609021744,"path_taken":["M","?","?","M","?","E","M","M","T","?","R","M","M","E","R","BOSS"],"items_purchased_type":[],"build_version":"2020-12-22","purchased_purges":0,"victory":false,"max_hp_per_floor":[80,80,80,80,83,86,86,86,86,96,96,96,96,96,96,99,99],"card_choices":[{"not_picked":["Crippling Poison","Headbutt"],"picked":"Backflip","floor":0},{"not_picked":["Prepared","Poisoned Stab"],"picked":"Iron Wave","floor":0},{"not_picked":["Go for the Eyes","Compile Driver"],"picked":"Perfected Strike","floor":0},{"not_picked":["Backflip","Quick Slash"],"picked":"Clothesline","floor":0},{"not_picked":["Stack","BootSequence"],"picked":"Acrobatics","floor":0},{"not_picked":["Acrobatics","Sever Soul"],"picked":"Iron Wave","floor":0},{"not_picked":["Feel No Pain","Prepared"],"picked":"Blade Dance","floor":0},{"not_picked":["Dagger Spray","Coolheaded"],"picked":"Bane","floor":0},{"not_picked":["Steam","Acrobatics"],"picked":"Dash","floor":0},{"not_picked":["Stack","Gash"],"picked":"Glacier","floor":0},{"not_picked":["Steam","Hologram"],"picked":"Aggregate","floor":0},{"not_picked":["Hello World","Heavy Blade"],"picked":"Melter","floor":0},{"not_picked":["Flechettes","Doom and Gloom"],"picked":"Underhanded Strike","floor":0},{"not_picked":["Cold Snap","True Grit"],"picked":"Flex","floor":0},{"not_picked":["Perfected Strike","Conserve Battery"],"picked":"Prepared","floor":0},{"not_picked":["Leg Sweep","Flying Knee"],"picked":"Crippling Poison","floor":1},{"not_picked":["Glacier","Flame Barrier"],"picked":"Dual Wield","floor":4},{"not_picked":["Body Slam","Dagger Throw"],"picked":"Heatsinks","floor":5},{"not_picked":["Flechettes","Eviscerate"],"picked":"Streamline","floor":6},{"not_picked":["White Noise","All Out Attack"],"picked":"Cloak And Dagger","floor":7},{"not_picked":["Undo","Quick Slash"],"picked":"Flex","floor":8},{"not_picked":["Bane","Backflip","Dagger Throw"],"picked":"SKIP","floor":12},{"not_picked":["Warcry","Heavy Blade","Deflect"],"picked":"SKIP","floor":13},{"not_picked":["Prepared","Cloak And Dagger"],"picked":"Endless Agony","floor":14}],"player_experience":5619,"relics_obtained":[{"floor":6,"key":"Peace Pipe"},{"floor":9,"key":"Bottled Flame"},{"floor":14,"key":"Paper Frog"}],"event_choices":[{"damage_healed":0,"gold_gain":0,"player_choice":"Entered Light","damage_taken":16,"max_hp_gain":0,"max_hp_loss":0,"event_name":"Shining Light","floor":2,"gold_loss":0,"cards_upgraded":["Burst","Echo Form"]},{"damage_healed":0,"gold_gain":0,"player_choice":"Got Potions","damage_taken":0,"max_hp_gain":0,"max_hp_loss":0,"event_name":"Lab","floor":3,"gold_loss":0},{"cards_removed":["Offering"],"damage_healed":33,"gold_gain":0,"player_choice":"Offered Rare","damage_taken":0,"max_hp_gain":10,"max_hp_loss":0,"event_name":"Bonfire Elementals","floor":10,"gold_loss":0}],"is_beta":false,"boss_relics":[],"items_purged_floors":[],"is_endless":false,"potions_floor_spawned":[7,8,12,14],"killed_by":"Slime Boss","ascension_level":0}}