{"host":"6xsbn6ynqlzwllfm","time":1609015517,"event":{"mods":["2.2 Compatiblity","BaseMod","Bestiary","Colored Map","Colored Powertips","Curses Come First","Highlight Path","Keyboard Shortcuts","Minty Spire (QoL Compilation)","Quick Restart","Relic Stats","Slay the Relics Exporter","StSLib","SuperFastMode"],"gold_per_floor":[110,22,22,22,35,35,50,50,50,70,70,99,99,127,127,127,127],"floor_reached":16,"playtime":713,"items_purged":[],"score":200,"play_id":"2327d559-de02-44ca-beca-b276a412acd4","local_time":"20201226154517","is_ascension_mode":true,"campfire_choices":[{"data":"Zap","floor":6,"key":"SMITH"},{"data":"Redo","floor":8,"key":"SMITH"},{"data":"Dualcast","floor":11,"key":"SMITH"},{"data":"Undo","floor":13,"key":"SMITH"},{"floor":15,"key":"REST"}],"circlet_count":0,"master_deck":["AscendersBane","Strike_B","Strike_B","Strike_B","Strike_B+1","Defend_B","Defend_B","Defend_B+1","Defend_B","Zap+1","Dualcast+1","Leap","All For One","Glacier","Redo+1","Undo+1","Amplify","Loop+1"],"relics":["SlaversCollar","Frozen Egg 2","White Beast Statue","Incense Burner"],"acts_visited":["Exordium"],"potions_floor_usage":[14,16],"damage_taken":[{"damage":1,"enemies":"Cultist","floor":1,"turns":3},{"damage":4,"enemies":"Small Slimes","floor":5,"turns":3},{"damage":0,"enemies":"Jaw Worm","floor":7,"turns":6},{"damage":1,"enemies":"Exordium Thugs","floor":10,"turns":5},{"damage":6,"enemies":"Lagavulin","floor":12,"turns":8},{"damage":15,"enemies":"Gremlin Nob","floor":14,"turns":5},{"damage":47,"enemies":"Slime Boss","floor":16,"turns":9}],"seed_played":"-7381708924050855012","potions_obtained":[{"floor":7,"key":"DistilledChaos"},{"floor":14,"key":"FearPotion"}],"is_trial":false,"path_per_floor":["M","$","$","?","M","R","M","R","T","M","R","E","R","E","R","B"],"character_chosen":"DEFECT","items_purchased":["All For One"],"campfire_rested":1,"item_purchase_floors":[2],"current_hp_per_floor":[63,63,63,42,38,38,38,38,38,37,37,31,31,16,37,0,0],"gold":127,"neow_bonus":"BOSS_RELIC","is_daily":false,"chose_seed":false,"campfire_upgraded":4,"win_rate":0.0,"timestamp":1609015517,"path_taken":["M","?","$","?","M","R","M","R","T","M","R","E","R","E","R","BOSS"],"items_purchased_type":["Card"],"build_version":"2020-12-22","purchased_purges":0,"victory":false,"max_hp_per_floor":[71,71,71,71,71,71,71,71,71,71,71,71,71,71,71,71,71],"relic_stats":{"counters":[7,39],"obtain_stats":[{"SlaversCollar":0,"Incense Burner":14,"Frozen Egg 2":9,"Cracked Core":0,"White Beast Statue":12},{"SlaversCollar":0,"Incense Burner":6,"Frozen Egg 2":3,"Cracked Core":0,"White Beast Statue":5},{"SlaversCollar":0,"Incense Burner":30,"Frozen Egg 2":12,"Cracked Core":0,"White Beast Statue":25}]},"card_choices":[{"not_picked":["Redo","Hologram"],"picked":"Leap","floor":1},{"not_picked":["Rebound","Cold Snap"],"picked":"Glacier","floor":5},{"not_picked":["Sweeping Beam","Aggregate"],"picked":"Redo","floor":7},{"not_picked":["Sweeping Beam","Meteor Strike"],"picked":"Undo","floor":10},{"not_picked":["Double Energy","Streamline"],"picked":"Amplify","floor":12},{"not_picked":["Compile Driver","Coolheaded"],"picked":"Loop+1","floor":14}],"player_experience":1059867,"relics_obtained":[{"floor":9,"key":"Frozen Egg 2"},{"floor":12,"key":"White Beast Statue"},{"floor":14,"key":"Incense Burner"}],"event_choices":[{"damage_healed":0,"gold_gain":0,"player_choice":"Entered Light","damage_taken":21,"max_hp_gain":0,"max_hp_loss":0,"event_name":"Shining Light","floor":4,"gold_loss":0,"cards_upgraded":["Defend_B","Strike_B"]}],"is_beta":false,"boss_relics":[],"items_purged_floors":[],"is_endless":false,"potions_floor_spawned":[7,14],"killed_by":"Slime Boss","ascension_level":17}}