{"host":"3j2m8n0ywf988fwb","time":1609002604,"event":{"mods":["2.2 Compatiblity","Act Like it!","Aspiration","BaseMod","Beaked The Cultist","Better Altar","Better Match","Better Note","Better Sensory Stone","Better Skull","Better Third Choice","CCEM","Colored Map","Colored Powertips","Conspire","Energized Spire","GifTheSpireLib","Googly Eyes","Halation","Hallownest","Highlight Path","Hubris","Infinite Spire","Jedi Mod","Marisa????????","Marked Mod","Mimic Mod","Minty Spire (QoL Compilation)","Random Character Button","Relic Stats","Replay The Spire","Robot Space Explorer","Shop Mod","Somnambulant","StSLib","Stuff the Spire","The Bug Knight","The Hierophant","The Marked","The Runesmith","TheFirefly","Unceasing Turn Reminder","everything is the same but u backflip on backflip"],"gold_per_floor":[119,149,164,164,164,191,191,141,190,24,43,61,86,101,101,201,201,218,65,65,65],"floor_reached":20,"playtime":1178,"items_purged":["beaked:Strike_Y"],"score":259,"play_id":"0132d3b0-333e-410e-8c53-af4799033632","local_time":"20201226111004","is_ascension_mode":true,"campfire_choices":[{"data":"Scorching Beam","floor":7,"key":"SMITH"},{"floor":15,"key":"REST"}],"circlet_count":0,"master_deck":["beaked:Strike_Y","beaked:Strike_Y","beaked:Strike_Y","beaked:Strike_Y","beaked:Strike_Y","beaked:Defend_Y","beaked:Defend_Y","beaked:Defend_Y","beaked:Ceremony","beaked:Ceremony","beaked:BraceForImpact","Scorching Beam+1","Self Repair","beaked:Foresight","beaked:Sacrifice","beaked:Sacrifice","beaked:BounceBack","beaked:SacrificialScars","beaked:Foresight","beaked:Tweet","beaked:Sacrifice"],"relics":["beaked:MendingPlumage","NeowsBlessing","Blue Doll","Boot","aspiration:TomeofQuesting","CCEMRelics:PorcelainBowl","StuffTheSpire:RunicConfusion","halation:Jellyphish","CCEMRelics:OldTooth"],"acts_visited":["Exordium","TheCity"],"potions_floor_usage":[13,13,13,18],"damage_taken":[{"damage":0,"enemies":"Small Slimes","floor":1,"turns":1},{"damage":0,"enemies":"conspire:MimicChest","floor":2,"turns":1},{"damage":0,"enemies":"2 Louse","floor":3,"turns":1},{"damage":39,"enemies":"Lagavulin","floor":6,"turns":6},{"damage":17,"enemies":"Jaw Worm","floor":11,"turns":4},{"damage":34,"enemies":"Lots of Slimes","floor":12,"turns":4},{"damage":45,"enemies":"3 Sentries","floor":13,"turns":9},{"damage":18,"enemies":"Blue Slaver","floor":14,"turns":5},{"damage":56,"enemies":"The Guardian","floor":16,"turns":14},{"damage":44,"enemies":"Chosen","floor":18,"turns":7},{"damage":85,"enemies":"3 Byrds","floor":20,"turns":6}],"seed_played":"-2842688340418186022","potions_obtained":[{"floor":1,"key":"Strength Potion"},{"floor":3,"key":"Strength Potion"},{"floor":12,"key":"Swift Potion"},{"floor":16,"key":"Weak Potion"}],"is_trial":false,"path_per_floor":["M","?","M","?","?","E","R","?","T","$","M","M","E","M","R","B",null,"M","$","M"],"character_chosen":"BEAKED_THE_CULTIST","items_purchased":["beaked:Sacrifice","halation:Jellyphish"],"campfire_rested":1,"item_purchase_floors":[10,19],"current_hp_per_floor":[50,50,50,50,50,25,25,25,25,25,30,21,11,19,39,40,73,52,52,0,0],"gold":65,"neow_bonus":"THREE_ENEMY_KILL","is_daily":false,"chose_seed":false,"campfire_upgraded":1,"win_rate":0.0,"timestamp":1609002604,"path_taken":["M","?","M","?","?","E","R","?","T","$","?","M","E","M","R","BOSS","M","?","M"],"items_purchased_type":["Card","Relic"],"build_version":"2020-12-22","purchased_purges":1,"victory":false,"max_hp_per_floor":[50,50,50,50,50,50,50,50,50,50,53,59,65,68,68,73,73,78,78,81,81],"relic_stats":{"counters":[11,58],"Boot":[2],"obtain_stats":[{"StuffTheSpire:RunicConfusion":17,"CCEMRelics:PorcelainBowl":13,"CCEMRelics:OldTooth":20,"NeowsBlessing":0,"halation:Jellyphish":19,"Blue Doll":2,"aspiration:TomeofQuesting":9,"beaked:MendingPlumage":0,"Boot":6},{"StuffTheSpire:RunicConfusion":9,"CCEMRelics:PorcelainBowl":7,"CCEMRelics:OldTooth":10,"NeowsBlessing":0,"halation:Jellyphish":10,"Blue Doll":2,"aspiration:TomeofQuesting":4,"beaked:MendingPlumage":0,"Boot":4},{"StuffTheSpire:RunicConfusion":45,"CCEMRelics:PorcelainBowl":26,"CCEMRelics:OldTooth":52,"NeowsBlessing":0,"halation:Jellyphish":52,"Blue Doll":2,"aspiration:TomeofQuesting":9,"beaked:MendingPlumage":0,"Boot":9}]},"card_choices":[{"not_picked":["beaked:CursingBlood","beaked:Overexert"],"picked":"beaked:BraceForImpact","floor":1},{"not_picked":["ReplayTheSpireMod:RavenHex","beaked:Poke","beaked:DigDeeper"],"picked":"SKIP","floor":3},{"not_picked":["beaked:Roost","beaked:SacrificialDive"],"picked":"beaked:Foresight","floor":6},{"not_picked":["beaked:Cower","beaked:Poke"],"picked":"beaked:BounceBack","floor":11},{"not_picked":["beaked:Redirect","beaked:TuckingFeathers"],"picked":"beaked:SacrificialScars","floor":12},{"not_picked":["beaked:Cower","beaked:Pecker"],"picked":"beaked:Foresight","floor":13},{"not_picked":["beaked:Redirect","beaked:Poke"],"picked":"beaked:Tweet","floor":14},{"not_picked":["ReplayTheSpireMod:Owlgaze","beaked:ShadowFade"],"picked":"beaked:Sacrifice","floor":16},{"not_picked":["beaked:Brace+1","beaked:DigDeep","beaked:Devastation"],"picked":"SKIP","floor":18}],"player_experience":1019362,"relics_obtained":[{"floor":2,"key":"Blue Doll"},{"floor":6,"key":"Boot"},{"floor":9,"key":"aspiration:TomeofQuesting"},{"floor":13,"key":"CCEMRelics:PorcelainBowl"}],"event_choices":[{"cards_removed":["beaked:Defend_Y"],"damage_healed":0,"gold_gain":0,"player_choice":"Card Removal","damage_taken":0,"max_hp_gain":0,"max_hp_loss":0,"event_name":"The Cleric","floor":8,"gold_loss":50}],"is_beta":false,"boss_relics":[{"not_picked":["SacredBark","aspiration:RunicSpoon"],"picked":"StuffTheSpire:RunicConfusion"}],"items_purged_floors":[10],"is_endless":false,"potions_floor_spawned":[1,3,12,16],"killed_by":"3 Byrds","ascension_level":3}}