{"host":"jak4ncvfzor9mys0","time":1609009151,"event":{"mods":["2.2 Compatiblity","AchievementEnabler","BaseMod","Better Altar","Better Match","Better Note","Better Sensory Stone","Better Skull","Better Third Choice","BetterRewards","Block Reminder","Colored Map","Colored Powertips","Energized Spire","Gold Saver","Hubris","Infinite Spire","Key Reminder","Minty Spire (QoL Compilation)","Rare Cards Sparkle","Red Circlet Mod","Relic Sorter","Relic Stats","Replay The Spire","Retaliation","StSLib","SuperFastMode","The Blue Laboratory"],"gold_per_floor":[466,478,478,493,504,534,534,459,508,508,508,526,426,440,440,545,545,565,584,584,584,584,584,612,632,632,72,92,103,116,146,146,245,245,259,271,52,96,111,145,145,159,184,184,196,213,248,248,248,345,345,338,335,335,337,340,351,351,351,377,375,366,380,380,388,388,455,455,437,437,425,413,159,165,165,157,180,228,242,242,237,228,228,273,273,286,293,293,294,308,306,306,306,306,306,61,58,47,65,65,118,118,127,127,143,155,170,183,183,196,196,196,208,208,237,260,260,351,351,373,394,394,417,434,458,502,502,502,502,579,238,295,332,332,479,479,537,588,664,614,614,614,614,614,614,614,614,639,700,770,770,939,939,939,649,737,898],"floor_reached":158,"playtime":6917,"items_purged":["Strike_G","Defend_G","Strike_G","Strike_G","Strike_G","Strike_G+1","Defend_G","Defend_G","Infinite Blades+1","Defend_G","Backflip+1"],"score":5523,"play_id":"b857a92b-cf41-4b3d-a427-d510a83a7563","local_time":"20201226105911","is_ascension_mode":false,"campfire_choices":[{"data":"hubris:SlightOfHand","floor":7.0,"key":"SMITH"},{"data":"Neutralize","floor":11.0,"key":"SMITH"},{"data":"ReplayTheSpireMod:Speed Training","floor":15.0,"key":"SMITH"},{"data":"Adrenaline","floor":23.0,"key":"SMITH"},{"data":"Blade Dance","floor":32.0,"key":"SMITH"},{"data":"Cloak And Dagger","floor":41.0,"key":"SMITH"},{"data":"ReplayTheSpireMod:Scrap Shanks","floor":44.0,"key":"SMITH"},{"data":"infinitespire:Gouge","floor":49.0,"key":"SMITH"},{"data":"Cloak And Dagger","floor":66.0,"key":"SMITH"},{"data":"Backflip","floor":75.0,"key":"SMITH"},{"data":"infinitespire:Fortify","floor":92.0,"key":"SMITH"},{"data":"Defend_G","floor":100.0,"key":"PURGE"},{"data":"Cloak And Dagger","floor":109,"key":"SMITH"},{"data":"Accuracy","floor":112,"key":"SMITH"},{"data":"infinitespire:Fortify","floor":117,"key":"SMITH"},{"data":"Concentrate","floor":127,"key":"SMITH"},{"data":"Terror","floor":129,"key":"SMITH"},{"data":"Survivor","floor":134,"key":"SMITH"},{"data":"infinitespire:Execution","floor":142,"key":"SMITH"},{"data":"Storm of Steel","floor":144,"key":"SMITH"},{"data":"After Image","floor":146,"key":"SMITH"},{"floor":151,"key":"REST"},{"floor":154,"key":"REST"}],"circlet_count":0,"master_deck":["Survivor+1","Neutralize+1","hubris:SlightOfHand+1","Blade Dance+1","After Image+1","ReplayTheSpireMod:Speed Training+1","Adrenaline+1","Blade Dance+1","infinitespire:Gouge+1","A Thousand Cuts+1","Concentrate+1","ReplayTheSpireMod:Scrap Shanks+1","Blade Dance+1","ReplayTheSpireMod:Shiv Toss+1","Cloak And Dagger+1","hubris:Sniper+1","Cloak And Dagger+1","infinitespire:Fortify+1","Specialist","Accuracy+1","Storm of Steel+1","infinitespire:Fortify+1","Cloak And Dagger+1","Terror+1","CurseOfTheBell","infinitespire:Execution+1"],"relics":["Ring of the Snake","hubris:BundleOfHerbs","WingedGreaves","InkBottle","hubris:Spice","Pen Nib","Nunchaku","ReplayTheSpireMod:Ninjato","Replay:Mystery Machine","infinitespire:Eraser","Tiny Chest","hubris:CrystalStatue","infinitespire:Beetle Shell","Calipers","Boot","Bird Faced Urn","hubris:ToyBattleship","Mummified Hand","Ancient Tea Set","hubris:Icosahedron","Ring of the Serpent","infinitespire:PuzzleCube","Anchor","Ring of Chaos","Oddly Smooth Stone","Black Star","PreservedInsect","Replay:Wax Seal","Replay:WaspNest","Centennial Puzzle","infinitespire:Broken Mirror","Bottled Lightning","Whetstone","MutagenicStrength","Replay:Baseball","Akabeko","Strawberry","Red Mask","infinitespire:EvilPickle","HoveringKite","Quantum Egg","infinitespire:Midas Blood","Tough Bandages","Eternal Feather","Smiling Mask","hubris:Backtick","infinitespire:Lychee Nut","Ninja Scroll","Calling Bell","Shuriken","Snake Skull","Replay:Bandana","hubris:PeanutButter","Lantern","Vajra","Bronze Scales","Meat on the Bone","Bag of Marbles","hubris:SlimyHat","ClockworkSouvenir","Regal Pillow","Dream Catcher"],"acts_visited":["Exordium","TheCity","TheBeyond","Exordium","TheCity","TheBeyond","TheCity","TheBeyond","TheEnding"],"potions_floor_usage":[118,157],"damage_taken":[{"damage":10.0,"enemies":"infinitespire:Voidling","floor":1.0,"turns":5.0},{"damage":0.0,"enemies":"Small Slimes","floor":2.0,"turns":3.0},{"damage":7.0,"enemies":"Jaw Worm","floor":4.0,"turns":3.0},{"damage":11.0,"enemies":"Exordium Thugs","floor":5.0,"turns":5.0},{"damage":9.0,"enemies":"3 Sentries","floor":6.0,"turns":8.0},{"damage":0.0,"enemies":"3 Louse","floor":12.0,"turns":3.0},{"damage":2.0,"enemies":"Exordium Wildlife","floor":14.0,"turns":5.0},{"damage":11.0,"enemies":"Hexaghost","floor":16.0,"turns":11.0},{"damage":5.0,"enemies":"Spheric Guardian","floor":18.0,"turns":6.0},{"damage":0.0,"enemies":"Chosen","floor":19.0,"turns":4.0},{"damage":0.0,"enemies":"Book of Stabbing","floor":24.0,"turns":4.0},{"damage":0.0,"enemies":"Shelled Parasite and Fungi","floor":25.0,"turns":3.0},{"damage":0.0,"enemies":"Cultist and Chosen","floor":28.0,"turns":3.0},{"damage":0.0,"enemies":"Centurion and Healer","floor":29.0,"turns":2.0},{"damage":0.0,"enemies":"Chosen and Byrds","floor":30.0,"turns":3.0},{"damage":9.0,"enemies":"Nightmare","floor":31.0,"turns":4.0},{"damage":3.0,"enemies":"hubris:MusketHawk","floor":33.0,"turns":2.0},{"damage":0.0,"enemies":"Orb Walker","floor":35.0,"turns":2.0},{"damage":0.0,"enemies":"3 Shapes","floor":36.0,"turns":2.0},{"damage":0.0,"enemies":"Maw","floor":39.0,"turns":2.0},{"damage":0.0,"enemies":"Giant Head","floor":40.0,"turns":1.0},{"damage":0.0,"enemies":"4 Shapes","floor":42.0,"turns":1.0},{"damage":0.0,"enemies":"Writhing Mass","floor":45.0,"turns":2.0},{"damage":0.0,"enemies":"Sphere and 2 Shapes","floor":46.0,"turns":1.0},{"damage":0.0,"enemies":"R_Hoarder","floor":47.0,"turns":4.0},{"damage":0.0,"enemies":"Donu and Deca","floor":50.0,"turns":4.0},{"damage":0.0,"enemies":"Cultist","floor":52.0,"turns":1.0},{"damage":0.0,"enemies":"Jaw Worm","floor":53.0,"turns":2.0},{"damage":0.0,"enemies":"2 Louse","floor":55.0,"turns":1.0},{"damage":0.0,"enemies":"Looter","floor":56.0,"turns":1.0},{"damage":0.0,"enemies":"3 Sentries","floor":57.0,"turns":2.0},{"damage":0.0,"enemies":"Red Slaver","floor":61.0,"turns":1.0},{"damage":0.0,"enemies":"Blue Slaver","floor":62.0,"turns":1.0},{"damage":0.0,"enemies":"Lagavulin","floor":63.0,"turns":1.0},{"damage":3.0,"enemies":"Gremlin Gang","floor":64.0,"turns":2.0},{"damage":0.0,"enemies":"Replay:BlueRogue","floor":65.0,"turns":2.0},{"damage":0.0,"enemies":"Slime Boss","floor":67.0,"turns":1.0},{"damage":0.0,"enemies":"Chosen","floor":69.0,"turns":1.0},{"damage":0.0,"enemies":"2 Thieves","floor":71.0,"turns":2.0},{"damage":0.0,"enemies":"Snecko","floor":72.0,"turns":2.0},{"damage":0.0,"enemies":"Replay:Snechameleon","floor":74.0,"turns":2.0},{"damage":0.0,"enemies":"Snake Plant","floor":76.0,"turns":2.0},{"damage":0.0,"enemies":"Masked Bandits","floor":79.0,"turns":1.0},{"damage":0.0,"enemies":"Sentry and Sphere","floor":81.0,"turns":1.0},{"damage":0.0,"enemies":"Cultist and Chosen","floor":82.0,"turns":2.0},{"damage":0.0,"enemies":"Pondfish","floor":84.0,"turns":2.0},{"damage":0.0,"enemies":"Orb Walker","floor":86.0,"turns":2.0},{"damage":0.0,"enemies":"3 Shapes","floor":87.0,"turns":2.0},{"damage":0.0,"enemies":"3 Darklings","floor":89.0,"turns":1.0},{"damage":0.0,"enemies":"Sphere and 2 Shapes","floor":90.0,"turns":1.0},{"damage":0.0,"enemies":"R_Hoarder","floor":91.0,"turns":5.0},{"damage":0.0,"enemies":"Jaw Worm Horde","floor":97.0,"turns":1.0},{"damage":0.0,"enemies":"4 Shapes","floor":98.0,"turns":1.0},{"damage":0.0,"enemies":"Nemesis","floor":99.0,"turns":1.0},{"damage":0.0,"enemies":"hubris:GrandSnecko","floor":101.0,"turns":2.0},{"damage":0,"enemies":"Cultist","floor":103,"turns":1},{"damage":0,"enemies":"2 Louse","floor":105,"turns":1},{"damage":0,"enemies":"Jaw Worm","floor":106,"turns":1},{"damage":0,"enemies":"Blue Slaver","floor":107,"turns":1},{"damage":0,"enemies":"3 Sentries","floor":108,"turns":2},{"damage":0,"enemies":"Large Slime","floor":110,"turns":1},{"damage":0,"enemies":"2 Fungi Beasts","floor":113,"turns":1},{"damage":0,"enemies":"Lagavulin","floor":115,"turns":1},{"damage":0,"enemies":"Blue Slaver","floor":116,"turns":1},{"damage":0,"enemies":"Slime Boss","floor":118,"turns":2},{"damage":0,"enemies":"Chosen","floor":120,"turns":2},{"damage":0,"enemies":"Shell Parasite","floor":121,"turns":2},{"damage":0,"enemies":"Sentry and Sphere","floor":124,"turns":2},{"damage":0,"enemies":"Snake Plant","floor":125,"turns":2},{"damage":0,"enemies":"Replay:Snechameleon","floor":126,"turns":1},{"damage":0,"enemies":"Book of Stabbing","floor":130,"turns":2},{"damage":0,"enemies":"Replay:Snechameleon","floor":132,"turns":2},{"damage":0,"enemies":"Chosen and Byrds","floor":133,"turns":2},{"damage":2,"enemies":"hubris:MusketHawk","floor":135,"turns":3},{"damage":0,"enemies":"3 Shapes","floor":137,"turns":2},{"damage":0,"enemies":"Orb Walker","floor":138,"turns":2},{"damage":0,"enemies":"Spire Growth","floor":139,"turns":2},{"damage":0,"enemies":"Writhing Mass","floor":149,"turns":2},{"damage":0,"enemies":"Jaw Worm Horde","floor":150,"turns":2},{"damage":0,"enemies":"Time Eater","floor":152,"turns":3},{"damage":0,"enemies":"Shield and Spear","floor":156,"turns":2},{"damage":45,"enemies":"The Heart","floor":157,"turns":7}],"seed_played":"2411988991011983571","potions_obtained":[{"floor":5.0,"key":"blueLaboratory:LouseDecoction"},{"floor":6.0,"key":"FearPotion"},{"floor":12.0,"key":"blueLaboratory:AbyssPotion"},{"floor":30.0,"key":"blueLaboratory:SuffocatingSmog"},{"floor":40.0,"key":"blueLaboratory:FrostheartPotion"},{"floor":45.0,"key":"blueLaboratory:FrostheartPotion"},{"floor":67.0,"key":"blueLaboratory:BlinkPotion"},{"floor":132,"key":"AttackPotion"}],"is_trial":false,"path_per_floor":["M","M","?","M","M","E","R","$","T","?","R","M","$","M","R","B",null,"M","M","?","?","AVR","R","E","M","T","$","M","M","M","NM","R","B",null,"M","M","$","?","M","E","R","M","T","R","M","M","E","?","R","B",null,"M","M","T","M","M","E","?","?","T","M","M","E","M","E","R","B",null,"M","?","M","M","$","E","R","M","T","T","?","?","M","M","R_BF","B",null,"M","M","?","M","M","E","R","AVR","T","T","$","M","M","E","R_BF","B",null,"M","AVR","M","M","M","E","R","M","T","R","M","?","E","M","R","B",null,"M","M","AVR","T","M","M","E","R","T","R","E","$","E","M","R","B",null,"M","M","M","$","AVR","R","?","R","T","R","$","T","M","M","R","B",null,"R","$","E","B",null],"character_chosen":"THE_SILENT","items_purchased":["Boot","Infinite Blades","hubris:SlightOfHand","Bird Faced Urn","ReplayTheSpireMod:Ninjato","Anchor","ReplayTheSpireMod:Scrap Shanks","Specialist","Replay:Baseball","Accuracy","Vajra","Bronze Scales","hubris:SlimyHat","ClockworkSouvenir"],"campfire_rested":2,"item_purchase_floors":[0,0,0,0,27,27,37,73,73,96,131,131,155,155],"current_hp_per_floor":[67,69,69,63,54,49,49,49,49,53,53,57,57,59,59,52,70,65,69,69,69,69,69,70,70,70,70,70,70,70,61,61,64,70,70,70,70,70,70,70,70,70,70,70,70,70,70,70,70,70,70,70,70,70,70,70,70,70,75,75,75,75,75,74,75,75,75,75,75,75,75,75,75,75,75,75,75,82,82,82,82,82,82,82,82,82,82,82,82,82,82,82,82,82,82,82,82,82,82,82,82,82,82,82,82,82,82,82,82,82,61,61,61,61,61,61,61,61,69,69,69,69,69,69,69,69,69,69,69,69,69,77,77,77,77,77,77,77,77,77,77,77,77,77,77,77,77,77,77,77,77,77,77,77,77,77,44],"gold":898,"neow_bonus":"","is_daily":false,"chose_seed":false,"campfire_upgraded":20,"win_rate":0.0,"timestamp":1609009151,"path_taken":["M","?","?","M","M","E","R","$","T","?","R","?","$","M","R","BOSS","M","M","?","?","AVR","R","E","M","T","$","M","M","M","NM","R","BOSS","M","M","$","?","M","E","R","M","T","R","M","?","E","?","R","BOSS","M","M","?","M","M","E","?","?","T","M","M","E","M","E","R","BOSS","M","?","M","M","$","E","R","M","T","?","?","?","M","M","R_BF","BOSS","M","M","?","M","M","E","R","AVR","T","?","?","?","M","E","R_BF","BOSS","M","AVR","M","M","M","E","R","M","T","R","M","?","E","M","R","BOSS","M","M","AVR","?","M","?","E","R","T","R","E","$","E","M","R","BOSS","M","M","M","?","AVR","R","?","R","T","R","$","?","?","M","R","BOSS","R","$","E","BOSS"],"items_purchased_type":["Relic","Card","Card","Relic","Relic","Relic","Card","Card","Relic","Card","Relic","Relic","Relic","Relic"],"build_version":"2020-12-22","purchased_purges":11,"victory":true,"max_hp_per_floor":[70,70,70,70,70,70,70,70,70,70,70,70,70,70,70,70,70,70,70,70,70,70,70,70,70,70,70,70,70,70,70,70,70,70,70,70,70,70,70,70,70,70,70,70,70,70,70,70,70,70,70,70,70,70,70,70,70,70,75,75,75,75,75,75,75,75,75,75,75,75,75,75,75,75,75,75,75,82,82,82,82,82,82,82,82,82,82,82,82,82,82,82,82,82,82,82,82,82,82,82,82,82,82,82,82,82,82,82,82,82,61,61,61,61,61,61,61,61,69,69,69,69,69,69,69,69,69,69,69,69,69,77,77,77,77,77,77,77,77,77,77,77,77,77,77,77,77,77,77,77,77,77,77,77,77,77,77],"relic_stats":{"Regal Pillow":0,"counters":[128,312],"HoveringKite":[119],"Eternal Feather":0,"Pen Nib":[23],"PreservedInsect":1000,"Snake Skull":[0],"Whetstone":["Strike_G","Slice","Strike_G"],"Boot":[383],"Smiling Mask":325,"Nunchaku":[15],"Centennial Puzzle":[9],"Tough Bandages":[675],"Dream Catcher":0,"Mummified Hand":[283],"Shuriken":[63],"Bird Faced Urn":[37],"Bronze Scales":[120],"Tiny Chest":5,"Black Star":12,"obtain_stats":[{"hubris:CrystalStatue":26,"Calipers":102,"HoveringKite":17,"Vajra":131,"Whetstone":45,"Bottled Tornado":94,"Boot":0,"Centennial Puzzle":60,"infinitespire:ShieldingShard":12,"Strawberry":78,"Replay:Wax Seal":57,"Oddly Smooth Stone":40,"Tingsha":22,"Eternal Feather":95,"infinitespire:Beetle Shell":22,"Ring of Chaos":34,"Pen Nib":115,"War Paint":21,"Akabeko":77,"Du-Vu Doll":23,"infinitespire:EvilPickle":85,"Replay:Baseball":73,"Snecko Scales":34,"infinitespire:Broken Mirror":63,"infinitespire:Lychee Nut":111,"Shuriken":119,"MutagenicStrength":70,"Bird Faced Urn":0,"Bronze Scales":131,"Simple Rune":9,"hubris:PeanutButter":26,"Onion Ring":81,"hubris:ToyBattleship":3,"Black Star":51,"Ring of the Serpent":22,"infinitespire:PuzzleCube":24,"Meat on the Bone":145,"Lantern":130,"Regal Pillow":156,"Snake Skull":123,"Juzu Bracelet":36,"hubris:SlimyHat":61,"Replay:Mystery Machine":63,"Ancient Tea Set":9,"Smiling Mask":99,"ClockworkSouvenir":38,"Replay:Rubber Ducky":77,"Tough Bandages":94,"Replay:Bandana":126,"Nunchaku":132,"Dream Catcher":156,"hubris:Icosahedron":21,"hubris:Backtick":102,"Mummified Hand":6,"Ninja Scroll":115,"Pantograph":64,"hubris:ScarierMask":28,"Tiny Chest":31,"WingedGreaves":74,"Red Mask":79,"infinitespire:Eraser":38,"InkBottle":108,"Ring of the Snake":0,"ReplayTheSpireMod:Ninjato":27,"Quantum Egg":91,"PreservedInsect":60,"Replay:WaspNest":57,"Orichalcum":30,"Odd Mushroom":56,"Calling Bell":119,"Anchor":27,"hubris:Spice":28,"hubris:BundleOfHerbs":141,"Bag of Marbles":148,"Bottled Lightning":65,"infinitespire:Midas Blood":91},{"hubris:CrystalStatue":58,"Calipers":101,"HoveringKite":7,"Vajra":117,"Whetstone":19,"Bottled Tornado":44,"Boot":46,"Centennial Puzzle":77,"infinitespire:ShieldingShard":5,"Strawberry":88,"Replay:Wax Seal":77,"Oddly Smooth Stone":67,"Tingsha":8,"Eternal Feather":97,"infinitespire:Beetle Shell":56,"Ring of Chaos":63,"Pen Nib":109,"War Paint":8,"Akabeko":88,"Du-Vu Doll":9,"infinitespire:EvilPickle":92,"Replay:Baseball":86,"Snecko Scales":14,"infinitespire:Broken Mirror":80,"infinitespire:Lychee Nut":107,"Shuriken":111,"MutagenicStrength":31,"Bird Faced Urn":46,"Bronze Scales":117,"Simple Rune":4,"hubris:PeanutButter":10,"Onion Ring":37,"hubris:ToyBattleship":48,"Black Star":72,"Ring of the Serpent":56,"infinitespire:PuzzleCube":57,"Meat on the Bone":123,"Lantern":117,"Regal Pillow":127,"Snake Skull":113,"Juzu Bracelet":15,"hubris:SlimyHat":28,"Replay:Mystery Machine":80,"Ancient Tea Set":51,"Smiling Mask":100,"ClockworkSouvenir":15,"Replay:Rubber Ducky":33,"Tough Bandages":97,"Replay:Bandana":116,"Nunchaku":118,"Dream Catcher":127,"hubris:Icosahedron":56,"hubris:Backtick":101,"Mummified Hand":51,"Ninja Scroll":109,"Pantograph":29,"hubris:ScarierMask":10,"Tiny Chest":62,"WingedGreaves":87,"Red Mask":89,"infinitespire:Eraser":65,"InkBottle":106,"Ring of the Snake":0,"ReplayTheSpireMod:Ninjato":58,"Quantum Egg":97,"PreservedInsect":28,"Replay:WaspNest":77,"Orichalcum":12,"Odd Mushroom":25,"Calling Bell":111,"Anchor":58,"hubris:Spice":10,"hubris:BundleOfHerbs":123,"Bag of Marbles":123,"Bottled Lightning":82,"infinitespire:Midas Blood":97},{"hubris:CrystalStatue":181,"Calipers":260,"HoveringKite":33,"Vajra":283,"Whetstone":73,"Bottled Tornado":115,"Boot":121,"Centennial Puzzle":221,"infinitespire:ShieldingShard":20,"Strawberry":238,"Replay:Wax Seal":221,"Oddly Smooth Stone":202,"Tingsha":36,"Eternal Feather":255,"infinitespire:Beetle Shell":174,"Ring of Chaos":195,"Pen Nib":269,"War Paint":36,"Akabeko":238,"Du-Vu Doll":41,"infinitespire:EvilPickle":244,"Replay:Baseball":234,"Snecko Scales":61,"infinitespire:Broken Mirror":224,"infinitespire:Lychee Nut":267,"Shuriken":272,"MutagenicStrength":94,"Bird Faced Urn":121,"Bronze Scales":283,"Simple Rune":17,"hubris:PeanutButter":44,"Onion Ring":102,"hubris:ToyBattleship":129,"Black Star":214,"Ring of the Serpent":174,"infinitespire:PuzzleCube":178,"Meat on the Bone":296,"Lantern":283,"Regal Pillow":305,"Snake Skull":276,"Juzu Bracelet":62,"hubris:SlimyHat":87,"Replay:Mystery Machine":224,"Ancient Tea Set":145,"Smiling Mask":258,"ClockworkSouvenir":62,"Replay:Rubber Ducky":96,"Tough Bandages":255,"Replay:Bandana":281,"Nunchaku":285,"Dream Catcher":305,"hubris:Icosahedron":174,"hubris:Backtick":260,"Mummified Hand":145,"Ninja Scroll":269,"Pantograph":89,"hubris:ScarierMask":44,"Tiny Chest":193,"WingedGreaves":236,"Red Mask":239,"infinitespire:Eraser":199,"InkBottle":266,"Ring of the Snake":0,"ReplayTheSpireMod:Ninjato":181,"Quantum Egg":255,"PreservedInsect":87,"Replay:WaspNest":221,"Orichalcum":50,"Odd Mushroom":83,"Calling Bell":272,"Anchor":181,"hubris:Spice":44,"hubris:BundleOfHerbs":296,"Bag of Marbles":296,"Bottled Lightning":228,"infinitespire:Midas Blood":255}],"InkBottle":[46],"Ring of the Snake":[210],"Meat on the Bone":12},"card_choices":[{"not_picked":["ReplayTheSpireMod:Shiv Toss","Hidden Blade"],"picked":"Blade Dance","floor":1.0},{"not_picked":["Caltrops","Well Laid Plans"],"picked":"Backflip","floor":2.0},{"not_picked":["hubris:SlightOfHand","Calculated Gamble","Slice"],"picked":"SKIP","floor":4.0},{"not_picked":["Blade Dance","Caltrops"],"picked":"After Image","floor":5.0},{"not_picked":["Escape Plan","Hidden Blade","All Out Attack"],"picked":"SKIP","floor":6.0},{"not_picked":["Hidden Blade","Well Laid Plans"],"picked":"ReplayTheSpireMod:Speed Training","floor":12.0},{"not_picked":["All Out Attack","Noxious Fumes","Deflect"],"picked":"SKIP","floor":14.0},{"not_picked":["Bullet Time","Malaise"],"picked":"Adrenaline","floor":16.0},{"not_picked":["Hidden Blade","Dagger Spray"],"picked":"Blade Dance+1","floor":18.0},{"not_picked":["Dagger Spray+1","Reflex","Underhanded Strike+1"],"picked":"SKIP","floor":19.0},{"not_picked":["Expertise","Backflip"],"picked":"A Thousand Cuts","floor":24.0},{"not_picked":["Sucker Punch","hubris:SlightOfHand","Underhanded Strike+1"],"picked":"SKIP","floor":25.0},{"not_picked":["Deflect","Blade Dance"],"picked":"Concentrate","floor":28.0},{"not_picked":["Deflect","Hidden Blade","Poisoned Stab+1"],"picked":"SKIP","floor":29.0},{"not_picked":["Outmaneuver+1","Dodge and Roll","Setup"],"picked":"SKIP","floor":30.0},{"not_picked":["Eviscerate+1","Bane","Underhanded Strike+1"],"picked":"SKIP","floor":31.0},{"not_picked":["hubris:Counter+1","Outmaneuver","Flying Knee+1"],"picked":"SKIP","floor":35.0},{"not_picked":["Dodge and Roll","Poisoned Stab+1","Choke"],"picked":"SKIP","floor":36.0},{"not_picked":["Slice","Flying Knee"],"picked":"Blade Dance+1","floor":38.0},{"not_picked":["infinitespire:Neurotoxin","Hidden Blade"],"picked":"ReplayTheSpireMod:Shiv Toss+1","floor":39.0},{"not_picked":["ReplayTheSpireMod:The Works","ReplayTheSpireMod:Exploit Weakness"],"picked":"Cloak And Dagger","floor":40.0},{"not_picked":["Bane","Reflex+1","Prepared"],"picked":"SKIP","floor":42.0},{"not_picked":["ReplayTheSpireMod:Shiv Toss+1","Outmaneuver","Deadly Poison+1"],"picked":"SKIP","floor":45.0},{"not_picked":["Bouncing Flask","Dagger Throw","hubris:TrickCloak+1"],"picked":"SKIP","floor":46.0},{"not_picked":["Poisoned Stab+1","Prepared+1","Dagger Throw"],"picked":"SKIP","floor":47.0},{"not_picked":["Backflip","Deadly Poison","Poisoned Stab"],"picked":"SKIP","floor":52.0},{"not_picked":["Deflect","Underhanded Strike"],"picked":"hubris:Sniper","floor":53.0},{"not_picked":["Bane","Skewer","Hidden Blade"],"picked":"SKIP","floor":55.0},{"not_picked":["Bouncing Flask","ReplayTheSpireMod:The Works"],"picked":"Cloak And Dagger","floor":56.0},{"not_picked":["Predator","Caltrops","All Out Attack"],"picked":"SKIP","floor":57.0},{"not_picked":["Blade Dance","Slice","Prepared"],"picked":"SKIP","floor":61.0},{"not_picked":["Blade Dance","Deflect","Quick Slash"],"picked":"SKIP","floor":62.0},{"not_picked":["Dagger Throw","Slice","Well Laid Plans"],"picked":"SKIP","floor":63.0},{"not_picked":["ReplayTheSpireMod:The Works","Distraction","Acrobatics"],"picked":"SKIP","floor":64.0},{"not_picked":["Setup","Distraction","Well Laid Plans"],"picked":"SKIP","floor":65.0},{"not_picked":["ReplayTheSpireMod:Haul","ReplayTheSpireMod:Echoes of Time"],"picked":"infinitespire:Fortify","floor":68.0},{"not_picked":["Acrobatics+1","Dodge and Roll","Prepared"],"picked":"SKIP","floor":69.0},{"not_picked":["Tactician","Well Laid Plans","Sucker Punch"],"picked":"SKIP","floor":71.0},{"not_picked":["Poisoned Stab","ReplayTheSpireMod:Scrap Shanks","Distraction"],"picked":"SKIP","floor":72.0},{"not_picked":["Dodge and Roll","hubris:Sniper","Bullet Time"],"picked":"SKIP","floor":74.0},{"not_picked":["Poisoned Stab","PiercingWail","Flechettes"],"picked":"SKIP","floor":76.0},{"not_picked":["Sneak Up+1","Fluid Movement+1","hubris:Sniper+1"],"picked":"SKIP","floor":81.0},{"not_picked":["Masterful Stab","Backflip+1","Poisoned Stab"],"picked":"SKIP","floor":82.0},{"not_picked":["Dagger Spray+1","hubris:SlightOfHand+1","Replay:Poison Smokescreen+1"],"picked":"SKIP","floor":86.0},{"not_picked":["Dagger Spray","Backflip","Quick Slash+1"],"picked":"SKIP","floor":87.0},{"not_picked":["Eviscerate+1","Quick Slash+1","Dagger Spray+1"],"picked":"SKIP","floor":89.0},{"not_picked":["Flying Knee","Eviscerate+1","Flechettes+1"],"picked":"SKIP","floor":90.0},{"not_picked":["Cloak And Dagger","Endless Agony","Dagger Throw"],"picked":"SKIP","floor":91.0},{"not_picked":["Flechettes+1","Flying Knee","Atom Bomb"],"picked":"SKIP","floor":97.0},{"not_picked":["Underhanded Strike+1","Leg Sweep","Sucker Punch+1"],"picked":"SKIP","floor":98.0},{"not_picked":["Outmaneuver+1","Venomology","Dagger Throw"],"picked":"SKIP","floor":99.0},{"not_picked":["Wraith Form v2","Night Terror"],"picked":"Storm of Steel","floor":101.0},{"not_picked":["Dagger Spray","Outmaneuver","Deflect"],"picked":"SKIP","floor":103},{"not_picked":["Choke","Backflip"],"picked":"Cloak And Dagger","floor":105},{"not_picked":["Deflect","Dagger Throw","ReplayTheSpireMod:The Works"],"picked":"SKIP","floor":106},{"not_picked":["Blade Dance","hubris:TrickCloak","Slice"],"picked":"SKIP","floor":107},{"not_picked":["Poisoned Stab","Replay:Poison Smokescreen","Deflect"],"picked":"SKIP","floor":108},{"not_picked":["Draining Mist","Masterful Stab","Blade Dance"],"picked":"SKIP","floor":110},{"not_picked":["Poisoned Stab","Reflex","PiercingWail"],"picked":"SKIP","floor":113},{"not_picked":["Leg Sweep","Endless Agony"],"picked":"Terror","floor":115},{"not_picked":["Dagger Spray","Underhanded Strike","ReplayTheSpireMod:The Works"],"picked":"SKIP","floor":116},{"not_picked":["Quick Slash+1","Prepared","hubris:SlightOfHand"],"picked":"SKIP","floor":120},{"not_picked":["Flying Knee","Acrobatics","Hidden Blade+1"],"picked":"SKIP","floor":121},{"not_picked":["Riddle With Holes+1","ReplayTheSpireMod:Speed Training+1","Deflect+1"],"picked":"SKIP","floor":124},{"not_picked":["Dagger Throw","Prepared","Quick Slash"],"picked":"SKIP","floor":125},{"not_picked":["Endless Agony+1","Skewer","Slice"],"picked":"SKIP","floor":126},{"not_picked":["ReplayTheSpireMod:Necrosis","Hidden Blade","Riddle With Holes+1"],"picked":"SKIP","floor":130},{"not_picked":["Deflect","All Out Attack","Acrobatics"],"picked":"SKIP","floor":132},{"not_picked":["Poisoned Stab","Dagger Spray","Blade Dance"],"picked":"SKIP","floor":133},{"not_picked":["Underhanded Strike","Crippling Poison","PiercingWail"],"picked":"SKIP","floor":137},{"not_picked":["Deflect+1","PiercingWail","Dagger Spray+1"],"picked":"SKIP","floor":138},{"not_picked":["hubris:Counter+1","Sucker Punch","Heel Hook+1"],"picked":"SKIP","floor":139},{"not_picked":["Poison Darts","Dagger Spray","Dodge and Roll+1"],"picked":"SKIP","floor":149},{"not_picked":["hubris:SpiceAddiction","Crippling Poison+1","Hidden Blade"],"picked":"SKIP","floor":150},{"not_picked":["Bane","Dagger Spray","Sneak Up+1"],"picked":"SKIP","floor":156}],"player_experience":2662905,"relics_obtained":[{"floor":6.0,"key":"Mummified Hand"},{"floor":9.0,"key":"Ancient Tea Set"},{"floor":24.0,"key":"infinitespire:PuzzleCube"},{"floor":26.0,"key":"hubris:CrystalStatue"},{"floor":31.0,"key":"Tiny Chest"},{"floor":38.0,"key":"infinitespire:Eraser"},{"floor":40.0,"key":"Oddly Smooth Stone"},{"floor":54.0,"key":"PreservedInsect"},{"floor":57.0,"key":"Replay:Wax Seal"},{"floor":57.0,"key":"Replay:WaspNest"},{"floor":60.0,"key":"Centennial Puzzle"},{"floor":63.0,"key":"infinitespire:Broken Mirror"},{"floor":63.0,"key":"Replay:Mystery Machine"},{"floor":65.0,"key":"Bottled Lightning"},{"floor":65.0,"key":"Whetstone"},{"floor":74.0,"key":"WingedGreaves"},{"floor":77.0,"key":"Akabeko"},{"floor":78.0,"key":"Strawberry"},{"floor":79.0,"key":"Red Mask"},{"floor":91.0,"key":"Quantum Egg"},{"floor":91.0,"key":"infinitespire:Midas Blood"},{"floor":94.0,"key":"Tough Bandages"},{"floor":95.0,"key":"Eternal Feather"},{"floor":99.0,"key":"Smiling Mask"},{"floor":108,"key":"InkBottle"},{"floor":111,"key":"infinitespire:Lychee Nut"},{"floor":115,"key":"Ninja Scroll"},{"floor":115,"key":"Pen Nib"},{"floor":119,"key":"Shuriken"},{"floor":119,"key":"hubris:Spice"},{"floor":123,"key":"Snake Skull"},{"floor":126,"key":"Replay:Bandana"},{"floor":128,"key":"hubris:PeanutButter"},{"floor":130,"key":"Lantern"},{"floor":132,"key":"Nunchaku"},{"floor":132,"key":"hubris:Spice"},{"floor":145,"key":"Meat on the Bone"},{"floor":148,"key":"Bag of Marbles"},{"floor":156,"key":"Regal Pillow"},{"floor":156,"key":"Dream Catcher"}],"event_choices":[{"damage_healed":4.0,"max_hp_gain":0.0,"max_hp_loss":0.0,"gold_gain":0.0,"event_name":"betterSkull:BetterSkull","player_choice":"LEAVE ","floor":10.0,"gold_loss":0.0,"damage_taken":0.0,"cards_upgraded":[],"relics_obtained":[]},{"cards_removed":["Strike_G"],"damage_healed":0.0,"max_hp_gain":0.0,"max_hp_loss":0.0,"gold_gain":0.0,"event_name":"betterNote:BetterNote","player_choice":"Give","floor":20.0,"gold_loss":0.0,"damage_taken":0.0,"cards_obtained":["Strike_R"]},{"damage_healed":0.0,"max_hp_gain":0.0,"max_hp_loss":0.0,"gold_gain":0.0,"event_name":"Accursed Blacksmith","player_choice":"Forge","floor":48.0,"gold_loss":0.0,"damage_taken":0.0,"cards_upgraded":["A Thousand Cuts"]},{"damage_healed":0.0,"max_hp_gain":5.0,"max_hp_loss":0.0,"gold_gain":0.0,"event_name":"Big Fish","player_choice":"Donut","floor":59.0,"gold_loss":0.0,"damage_taken":0.0},{"damage_healed":0.0,"max_hp_gain":0.0,"max_hp_loss":0.0,"gold_gain":0.0,"event_name":"Drug Dealer","player_choice":"Inject Mutagens","floor":70.0,"gold_loss":0.0,"damage_taken":0.0,"relics_obtained":["MutagenicStrength"]},{"damage_healed":0.0,"max_hp_gain":0.0,"max_hp_loss":0.0,"gold_gain":0.0,"event_name":"Masked Bandits","player_choice":"Fought Bandits","floor":79.0,"gold_loss":0.0,"damage_taken":0.0},{"damage_healed":0.0,"max_hp_gain":0.0,"max_hp_loss":0.0,"gold_gain":0.0,"event_name":"Ghosts","player_choice":"Ignored","floor":80.0,"gold_loss":0.0,"damage_taken":0.0},{"damage_healed":0,"gold_gain":0,"player_choice":"Full Heal","damage_taken":0,"max_hp_gain":0,"max_hp_loss":0,"event_name":"Wheel of Change","floor":143,"gold_loss":0}],"is_beta":false,"boss_relics":[{"not_picked":["Ectoplasm","energizedSpire:StickyHand","Painkiller Herb"]},{"not_picked":["energizedSpire:EnergizedDie","Coffee Dripper"],"picked":"Ring of Chaos"},{"not_picked":["Kintsugi","SacredBark"],"picked":"Black Star"},{"not_picked":["Painkiller Herb","energizedSpire:SpiderWeb","hubris:HollowSoul"]},{"not_picked":["ReplayTheSpireMod:DimensionalGlitch","ReplayTheSpireMod:SealedPack"],"picked":"HoveringKite"},{"not_picked":["energizedSpire:EnergizedDie","Runic Pyramid"],"picked":"hubris:Backtick"},{"not_picked":["Pandora\u0027s Box","Astrolabe"],"picked":"Calling Bell"},{"not_picked":["hubris:Spice","Fusion Hammer","Velvet Choker"]},{"not_picked":["energizedSpire:RedRose","hubris:Spice","hubris:Spice"]}],"items_purged_floors":[8,13,22,27,37,93,96,104,122,131,140],"is_endless":true,"potions_floor_spawned":[5,6,12,14,18,24,28,30,31,39,40,45,52,56,57,61,62,65,67,72,74,76,81,82,90,97,99,106,110,113,115,126,130,132,137,138,150],"ascension_level":0}}