{"host":"64agj841g523yxf2","time":1609015361,"event":{"mods":["BaseMod","Hermit","Minty Spire (QoL Compilation)","Remilia??????","Replay The Spire","StSLib","SuperFastMode","Td1madao Mod","The Bug Knight","The Construct","The Cursed","The Disciple","The Hierophant","The Mystic","The Necromancer","The Poker Player","The Senshi","The Servant 0.9.4","Yuyuko"],"gold_per_floor":[116,130,143,157,157,157,157,46,46,46,60,60,71,89,89,193,193,208,208,224,240,91,91,107,107,107,140,151,164,191,106,106,106,106],"floor_reached":33,"playtime":3484,"items_purged":["Pain"],"score":263,"play_id":"bd752bb2-2431-4bd9-becc-9f29ad41e1e9","local_time":"20201226214241","is_ascension_mode":false,"campfire_choices":[{"floor":6.0,"key":"REST"},{"data":"SecondHand","floor":10.0,"key":"SMITH"},{"data":"Parity","floor":12.0,"key":"SMITH"},{"data":"PrimeTime","floor":15.0,"key":"SMITH"},{"data":"Echoward","floor":23,"key":"SMITH"},{"data":"HandsUpB","floor":25,"key":"SMITH"},{"floor":32,"key":"REST"}],"circlet_count":0,"master_deck":["Strike_Br","Strike_Br","Strike_Br","Strike_Br","Defend_Br","Defend_Br","Defend_Br","Defend_Br","SecondHand+1","PatternShift","LockedMercury","PrimeTime+1","AlternateTimeline","HandsUpB","ReapSow+14","Parity+1","LockedTornado","Echoward+1","Fragmentalize","ReapSow","Sickly","WindUp+1","HandsUpC","HandsUpB+1","ExoVibe","LockedBlood"],"relics":["Chronometer","WarpedTongs","Replay:Bottled Snecko","construct:ClawGrip","Ring of Peace","ReplayTheSpireMod:Ring of Challenge","Lee\u0027s Waffle","Toy Ornithopter","Anchor","Replay:Ringing Soul"],"acts_visited":["Exordium","TheCity"],"potions_floor_usage":[21,27,33],"damage_taken":[{"damage":4.0,"enemies":"Cultist","floor":1.0,"turns":4.0},{"damage":0.0,"enemies":"2 Louse","floor":2.0,"turns":3.0},{"damage":1.0,"enemies":"Jaw Worm","floor":3.0,"turns":4.0},{"damage":6.0,"enemies":"2 Fungi Beasts","floor":4.0,"turns":4.0},{"damage":0.0,"enemies":"Gremlin Gang","floor":11.0,"turns":5.0},{"damage":0.0,"enemies":"Blue Slaver","floor":13.0,"turns":3.0},{"damage":0.0,"enemies":"Large Slime","floor":14.0,"turns":5.0},{"damage":18.0,"enemies":"The Guardian","floor":16.0,"turns":14.0},{"damage":10.0,"enemies":"3 Byrds","floor":18.0,"turns":6.0},{"damage":14.0,"enemies":"Shell Parasite","floor":20.0,"turns":8.0},{"damage":10,"enemies":"Sentry and Sphere","floor":21,"turns":4},{"damage":21,"enemies":"Snake Plant","floor":24,"turns":5},{"damage":56,"enemies":"Book of Stabbing","floor":27,"turns":8},{"damage":0,"enemies":"Cultist and Chosen","floor":28,"turns":6},{"damage":0,"enemies":"Centurion and Healer","floor":29,"turns":8},{"damage":10,"enemies":"Sentry and Sphere","floor":30,"turns":5},{"damage":59,"enemies":"Automaton","floor":33,"turns":11}],"seed_played":"-1007240142583027998","potions_obtained":[{"floor":1.0,"key":"Elixir"},{"floor":11.0,"key":"PowerPotion"},{"floor":14.0,"key":"SkillPotion"},{"floor":16.0,"key":"FearPotion"},{"floor":21,"key":"ColorlessPotion"},{"floor":29,"key":"DuplicationPotion"}],"is_trial":false,"path_per_floor":["M","M","M","M","$","R","?","$","T","R","M","R","M","M","R","B",null,"M","?","M","M","$","R","M","R","T","E","M","M","M","?","R","B"],"character_chosen":"CHRONO_CLASS","items_purchased":["ReapSow+1","Lee\u0027s Waffle"],"campfire_rested":2,"item_purchase_floors":[8,22],"current_hp_per_floor":[67,67,66,60,60,71,71,71,71,71,71,71,71,71,71,53,71,61,61,47,37,78,78,57,57,57,6,6,15,9,9,32,0,0],"gold":106,"neow_bonus":"TEN_PERCENT_HP_BONUS","is_daily":false,"chose_seed":false,"campfire_upgraded":5,"win_rate":0.0,"timestamp":1609015361,"path_taken":["M","M","?","M","?","R","?","$","T","R","?","R","M","M","R","BOSS","M","?","M","M","$","R","M","R","T","E","M","M","M","?","R","BOSS"],"items_purchased_type":["Card","Relic"],"build_version":"2020-12-22","purchased_purges":1,"victory":false,"max_hp_per_floor":[71,71,71,71,71,71,71,71,71,71,71,71,71,71,71,71,71,71,71,71,71,78,78,78,78,78,78,78,78,78,78,78,78,78],"card_choices":[{"not_picked":["WakeUpCall","Recurrance"],"picked":"LockedMercury","floor":1.0},{"not_picked":["Engulf","ResonantCall"],"picked":"PrimeTime","floor":2.0},{"not_picked":["LockedBlood","HandsUpB"],"picked":"AlternateTimeline","floor":3.0},{"not_picked":["LockedMercury","LockedMedicine"],"picked":"HandsUpB","floor":4.0},{"not_picked":["CrunchTime","Echonomics"],"picked":"Parity","floor":11.0},{"not_picked":["PrimeTime","LockedThread"],"picked":"LockedTornado","floor":13.0},{"not_picked":["Stagnate","LockedMawBank"],"picked":"Echoward","floor":14.0},{"not_picked":["LockedCalendar","BackFourSeconds"],"picked":"Fragmentalize","floor":16.0},{"not_picked":["TiringSlam","Recurrance"],"picked":"ReapSow","floor":18.0},{"not_picked":["LockedScales","TickedOff"],"picked":"WindUp+1","floor":20.0},{"not_picked":["FormalWear","Engulf"],"picked":"HandsUpC","floor":21},{"not_picked":["ReapSow","LockedMawBank"],"picked":"HandsUpB","floor":24},{"not_picked":["HandsUpB","LockedTurtyl"],"picked":"ExoVibe","floor":27},{"not_picked":["WakeUpCall","LockedAnchor"],"picked":"LockedBlood","floor":28},{"not_picked":["LockedScales","Engulf","Facsimile"],"picked":"SKIP","floor":29},{"not_picked":["PrimeTime","Engulf+1","WindUp"],"picked":"SKIP","floor":30}],"player_experience":264734,"relics_obtained":[{"floor":9.0,"key":"Replay:Bottled Snecko"},{"floor":19.0,"key":"Ring of Peace"},{"floor":19.0,"key":"ReplayTheSpireMod:Ring of Challenge"},{"floor":26,"key":"Toy Ornithopter"},{"floor":27,"key":"Anchor"}],"event_choices":[{"damage_healed":0.0,"max_hp_gain":0.0,"max_hp_loss":0.0,"gold_gain":0.0,"event_name":"Accursed Blacksmith","player_choice":"Rummage","floor":7.0,"gold_loss":0.0,"damage_taken":0.0,"relics_obtained":["WarpedTongs"],"cards_obtained":["Pain"]},{"damage_healed":0,"gold_gain":0,"player_choice":"Obtained Relic","damage_taken":0,"relics_obtained":["Replay:Ringing Soul"],"max_hp_gain":0,"max_hp_loss":0,"event_name":"Addict","floor":31,"gold_loss":85}],"is_beta":false,"boss_relics":[{"not_picked":["SlaversCollar","ReplayTheSpireMod:DimensionalGlitch"],"picked":"construct:ClawGrip"}],"items_purged_floors":[8],"is_endless":false,"potions_floor_spawned":[1,11,14,16,21,29,30],"killed_by":"Automaton","ascension_level":0}}