{"host":"d61vkvf8c80cu18y","time":1609021372,"event":{"mods":["2.2 Compatiblity","AchievementEnabler","AlwaysNeverKeys","Aspiration","BaseMod","Better Altar","Better Note","Better Sensory Stone","Better Skull","Better Third Choice","BetterRewards","Challenge The Spire","Colored Powertips","Conspire","Curses Come First","Custom Start","Downfall","Emptier Cage","Energized Spire","Force Act Four","GifTheSpireLib","Gremlin Mod","GungeonMod","Hermit","Highlight Path","Hubris","Infinite Spire","Ironclad Rager","Jess\u0027s Bottle","Marked Mod","Minty Spire (QoL Compilation)","Quick Restart","RNG Fix","Rare Cards Sparkle","Relic Filter","Replay The Spire","Retaliation","Shade Mod","Shop Mod","Spicy Shops","Spikes Relics","StSLib","Stuff the Spire","Swap Starting Deck Mod","The Blue Laboratory","The Bug Knight","The Cursed","The Forsaken","The Marked","The Runesmith","The Sage","The Servant 0.9.4","TheVacant","Thieving Mod","Virulent Crown","thorton"],"gold_per_floor":[99,118,129,148,163,163,186,213,198,165,90,103,130,144,156,253,253,103,116,116,132,150,150,450,2,2,33,49,49,49,49],"floor_reached":30,"playtime":3595,"items_purged":[],"score":314,"play_id":"ce585a43-d4e8-4efd-9e02-4253658da436","local_time":"20201226162252","is_ascension_mode":false,"campfire_choices":[{"floor":11.0,"key":"REST"},{"data":"sneckomod:CheapStock","floor":18.0,"key":"SMITH"},{"floor":26,"key":"REST"},{"data":"sneckomod:DangerNoodle","floor":26,"key":"SMITH"},{"floor":29,"key":"REST"},{"data":"sneckomod:DangerNoodle","floor":29,"key":"SMITH"}],"circlet_count":0,"master_deck":["sneckomod:Strike","sneckomod:Strike","sneckomod:Strike","sneckomod:Defend","sneckomod:Defend","sneckomod:Defend","sneckomod:TailWhip","sneckomod:SnekBite","sneckomod:Unknown","sneckomod:Unknown","sneckomod:Unknown1Cost","sneckomod:CheapStock+1","sneckomod:UnknownClassTHE_SAGE","sneckomod:UnknownCommonAttack","sneckomod:UnknownUncommonAttack","sneckomod:ImprovisedGuard","sneckomod:SoulExchange","sneckomod:UnknownBlock","sneckomod:UnknownCommonAttack","sneckomod:UnknownStrike","sneckomod:UnknownX","sneckomod:Nope","sneckomod:DangerNoodle+1","sneckomod:SoulDraw+1","sneckomod:UnknownVulnerable","sneckomod:UnknownStrike","sneckomod:SerpentIdol","sneckomod:DangerNoodle+1","sneckomod:UnknownUncommonAttack","Mayhem","sneckomod:UnknownUncommonPower","sneckomod:TrashToTreasure+1","sneckomod:Unknown1Cost+1"],"relics":["sneckomod:SneckoSoul","hubris:Icosahedron","ReplayFunnel","DemoMod:GundromedaStrain","downfall:HeartBlessingBlue","infinitespire:Magic Flask","theForsaken:PaleLantern","downfall:HeartBlessingRed","downfall:HeartBlessingGreen","Old Coin","hubris:TinFlute"],"acts_visited":["Exordium","TheCity"],"potions_floor_usage":[28,28],"damage_taken":[{"damage":0.0,"enemies":"conspire:RoseBush","floor":2.0,"turns":3.0},{"damage":25.0,"enemies":"Cultist","floor":3.0,"turns":4.0},{"damage":18.0,"enemies":"Jaw Worm","floor":4.0,"turns":4.0},{"damage":13.0,"enemies":"Gremlin Gang","floor":5.0,"turns":4.0},{"damage":36.0,"enemies":"Lagavulin","floor":8.0,"turns":8.0},{"damage":0.0,"enemies":"downfall:FleeingMerchant","floor":9.0,"turns":4.0},{"damage":12.0,"enemies":"3 Louse","floor":10.0,"turns":3.0},{"damage":14.0,"enemies":"Exordium Thugs","floor":12.0,"turns":6.0},{"damage":16.0,"enemies":"Replay:BlueRogue","floor":13.0,"turns":5.0},{"damage":5.0,"enemies":"Large Slime","floor":14.0,"turns":6.0},{"damage":25.0,"enemies":"conspire:2 RoseBushes","floor":15.0,"turns":2.0},{"damage":3.0,"enemies":"downfall:Silent","floor":16.0,"turns":6.0},{"damage":16.0,"enemies":"Shell Parasite","floor":19.0,"turns":4.0},{"damage":15.0,"enemies":"3 Byrds","floor":21.0,"turns":4.0},{"damage":6.0,"enemies":"3 Cultists","floor":22.0,"turns":3.0},{"damage":0,"enemies":"downfall:FleeingMerchant","floor":25,"turns":4},{"damage":6,"enemies":"HollowMod:Nosk","floor":27,"turns":6},{"damage":17,"enemies":"Cultist and Chosen","floor":28,"turns":7},{"damage":127,"enemies":"Gremlin Leader","floor":30,"turns":8}],"seed_played":"8637184128377806017","potions_obtained":[{"floor":3.0,"key":"blueLaboratory:FrostheartPotion"},{"floor":8.0,"key":"Guardian:BlockOnCardUsePotion"},{"floor":12.0,"key":"Fire Potion"},{"floor":13.0,"key":"ColorlessPotion"},{"floor":14.0,"key":"SteroidPotion"},{"floor":21.0,"key":"DuplicationPotion"},{"floor":27,"key":"DDmod:CleansePotion"}],"is_trial":false,"path_per_floor":["R","M","M","M","M","?","T","E","$","M","R","M","E","M","M","B",null,"R","M","?","M","M","?","T","$","R","E","M","R","E"],"character_chosen":"THE_SNECKO","items_purchased":["sneckomod:UnknownUncommonAttack","LiquidMemories","Mayhem","sneckomod:UnknownUncommonPower"],"campfire_rested":3,"item_purchase_floors":[25,25,25,25],"current_hp_per_floor":[100,100,91,76,64,64,64,28,28,17,61,48,100,96,71,68,117,117,101,101,87,82,82,82,84,120,121,105,122,0,0],"gold":49,"neow_bonus":"TEN_PERCENT_HP_BONUS","is_daily":false,"chose_seed":false,"campfire_upgraded":3,"win_rate":0.0,"timestamp":1609021372,"path_taken":["R","M","M","?","M","?","T","E","$","M","R","M","E","M","M","BOSS","R","?","?","M","M","?","T","$","R","E","?","R","E"],"items_purchased_type":["Card","Potion","Card","Card"],"build_version":"2020-12-22","purchased_purges":0,"victory":false,"max_hp_per_floor":[100,100,101,102,103,103,103,103,103,104,114,115,116,117,117,117,117,117,117,117,118,119,119,119,121,121,121,122,122,122,122],"card_choices":[{"not_picked":["sneckomod:DiceBlock","sneckomod:SoulDraw"],"picked":"sneckomod:CheapStock","floor":2.0},{"not_picked":["sneckomod:DiceCrush","sneckomod:SoulDraw"],"picked":"sneckomod:UnknownClassTHE_SAGE","floor":3.0},{"not_picked":["sneckomod:DiceBlock","sneckomod:UnknownUncommonSkill"],"picked":"sneckomod:UnknownCommonAttack","floor":4.0},{"not_picked":["sneckomod:Unknown1Cost","sneckomod:RainOfDice"],"picked":"sneckomod:UnknownUncommonAttack","floor":5.0},{"not_picked":["sneckomod:QuickMove","sneckomod:UnknownClassTHE_CHAMP_GRAY"],"picked":"sneckomod:ImprovisedGuard","floor":8.0},{"not_picked":["sneckomod:Unknown2Cost","sneckomod:UnknownClassTHE_CURSED_PURPLE"],"picked":"sneckomod:SoulExchange","floor":9.0},{"not_picked":["sneckomod:UnknownVulnerable","sneckomod:WideSting"],"picked":"sneckomod:UnknownBlock","floor":10.0},{"not_picked":["sneckomod:UnknownCommonSkill","sneckomod:WideSting"],"picked":"sneckomod:UnknownCommonAttack","floor":12.0},{"not_picked":["sneckomod:UnknownVulnerable","sneckomod:WideSting"],"picked":"sneckomod:UnknownStrike","floor":13.0},{"not_picked":["sneckomod:Unknown1Cost","sneckomod:QuickMove"],"picked":"sneckomod:UnknownX","floor":14.0},{"not_picked":["sneckomod:SoulDraw","sneckomod:UnknownExhaust"],"picked":"sneckomod:Nope","floor":15.0},{"not_picked":["sneckomod:UnknownRareSkill","sneckomod:Mudshield"],"picked":"sneckomod:DangerNoodle","floor":16.0},{"not_picked":["sneckomod:UnknownCommonAttack","sneckomod:WideSting"],"picked":"sneckomod:SoulDraw+1","floor":19.0},{"not_picked":["sneckomod:RainOfDice","sneckomod:DiceBlock"],"picked":"sneckomod:UnknownVulnerable","floor":21.0},{"not_picked":["sneckomod:WideSting","sneckomod:SoulRoll"],"picked":"sneckomod:UnknownStrike","floor":22.0},{"not_picked":["sneckomod:UnknownClassRUNESMITH_BEIGE","sneckomod:SerpentIdol+1"],"picked":"sneckomod:DangerNoodle","floor":25},{"not_picked":["sneckomod:QuickBite","sneckomod:UnknownExhaust"],"picked":"sneckomod:TrashToTreasure+1","floor":27},{"not_picked":["sneckomod:SoulDraw+1","sneckomod:UnknownCommonSkill"],"picked":"sneckomod:Unknown1Cost+1","floor":28}],"player_experience":410120,"relics_obtained":[{"floor":7.0,"key":"ReplayFunnel"},{"floor":8.0,"key":"DemoMod:GundromedaStrain"},{"floor":13.0,"key":"infinitespire:Magic Flask"},{"floor":24.0,"key":"Old Coin"},{"floor":27,"key":"hubris:TinFlute"}],"event_choices":[{"damage_healed":0.0,"max_hp_gain":0.0,"max_hp_loss":0.0,"gold_gain":0.0,"event_name":"betterNote:BetterNote","player_choice":"Ignored","floor":20.0,"gold_loss":0.0,"damage_taken":0.0,"cards_obtained":["Gremlin:Duplicate"]},{"damage_healed":0.0,"max_hp_gain":0.0,"max_hp_loss":0.0,"gold_gain":0.0,"event_name":"The Library","player_choice":"Read","floor":23.0,"gold_loss":0.0,"damage_taken":0.0,"cards_obtained":["sneckomod:SerpentIdol"]}],"is_beta":false,"boss_relics":[{"not_picked":["hubris:HollowSoul","aspiration:ServantSkillbook"],"picked":"theForsaken:PaleLantern"}],"items_purged_floors":[],"is_endless":false,"potions_floor_spawned":[3,8,13,14,21,27],"killed_by":"Gremlin Leader","ascension_level":0}}