{"host":"pr6x8hyknev46vut","time":1609023296,"event":{"mods":["BaseMod","Colored Map","Downfall","Googly Eyes","Hermit","Highlight Path","Minty Spire (QoL Compilation)","Permanent Neow","Replay The Spire","Shop Mod","StSLib","The Bug Knight","The Construct","The Cursed","The Disciple","The Necromancer","The Runesmith","The Servant 0.9.4","[IsaacMod]????"],"gold_per_floor":[0,11,311,327,346,271,342,361,391,402,402,429,429,442,457,555,555,555,567,567,567],"floor_reached":20,"playtime":1130,"items_purged":["Slimebound:Icky"],"score":186,"play_id":"6c68695b-91bc-4e21-b3d5-39edd08036e2","local_time":"20201226235456","is_ascension_mode":false,"campfire_choices":[{"floor":1,"key":"RECALL"},{"data":"Toxic_Smoke_Screen","floor":6,"key":"SMITH"},{"data":"Summon_Death_Knight","floor":13,"key":"SMITH"},{"data":"Blood_Wake","floor":18,"key":"SMITH"}],"circlet_count":0,"master_deck":["Strike_W","Strike_W","Strike_W","Strike_W","Defend_W","Defend_W","Defend_W","Defend_W","Negative_Energy_Arrows","Bone_Wall","Summon_Death_Knight+1","Bone_Spikes","Slimebound:Icky","Blood_Wake+1","Toxic_Smoke_Screen+1","Toxic_Smoke_Screen","Necrotic_Claws","Death_Knell","Bone_Shift","Bone_Armor","Scare","Cloudkill","Grasp_Heart","Cloudkill","Summon_Lich+1"],"relics":["Vampire_Amulet","HushsDoor","downfall:HeartBlessingRed","Divine Protection","Pantograph","PillsDrop","Lantern","Replay:Bronze Core","SatanicBible","MoneyPower"],"acts_visited":["Exordium","TheCity"],"potions_floor_usage":[16,16,19],"damage_taken":[{"damage":0,"enemies":"Small Slimes","floor":2,"turns":4},{"damage":11,"enemies":"Jaw Worm","floor":4,"turns":4},{"damage":0,"enemies":"Cultist","floor":5,"turns":3},{"damage":2,"enemies":"3 Louse","floor":8,"turns":3},{"damage":14,"enemies":"3 Sentries","floor":9,"turns":10},{"damage":0,"enemies":"Exordium Wildlife","floor":10,"turns":5},{"damage":8,"enemies":"Gremlin Nob","floor":12,"turns":4},{"damage":1,"enemies":"Exordium Thugs","floor":14,"turns":3},{"damage":2,"enemies":"Gremlin Gang","floor":15,"turns":3},{"damage":63,"enemies":"downfall:Defect","floor":16,"turns":10},{"damage":0,"enemies":"Chosen","floor":19,"turns":2},{"damage":0,"enemies":"Snecko","floor":20,"turns":2}],"seed_played":"1431379662014367984","potions_obtained":[{"floor":2,"key":"Explosive Potion"},{"floor":9,"key":"BlessingOfTheForge"},{"floor":10,"key":"SteroidPotion"},{"floor":14,"key":"Guardian:BlockOnCardUsePotion"},{"floor":16,"key":"SneckoOil"},{"floor":19,"key":"Fruit Juice"}],"is_trial":false,"path_per_floor":["R_BF","M","?","M","M","R","T","M","E","M","?","E","R","M","M","B",null,"R","M","M"],"character_chosen":"NECROMANCER","items_purchased":["Grasp_Heart","Cloudkill","SatanicBible","Regen Potion"],"campfire_rested":0,"item_purchase_floors":[17,17,17,17],"current_hp_per_floor":[75,75,75,66,68,68,68,72,64,68,65,59,59,62,68,14,50,50,55,0,0],"gold":567,"neow_bonus":"THREE_RARE_CARDS","is_daily":false,"chose_seed":false,"campfire_upgraded":3,"win_rate":0.0,"timestamp":1609023296,"path_taken":["R_BF","M","?","M","?","R","T","M","E","M","?","E","R","M","M","BOSS","R","M","M"],"items_purchased_type":["Card","Card","Relic","Potion"],"build_version":"2020-12-22","purchased_purges":1,"victory":false,"max_hp_per_floor":[75,75,75,75,75,75,75,75,75,75,75,75,75,75,75,75,50,50,55,55,55],"card_choices":[{"not_picked":[],"picked":"SuicideKing","floor":0},{"not_picked":["Skeleton_Dragon","Requiem"],"picked":"Summon_Death_Knight","floor":0},{"not_picked":["Bone_Bullets","Consume_Illness"],"picked":"Bone_Spikes","floor":2},{"not_picked":["Shade_Step","Stop_Heart"],"picked":"Blood_Wake","floor":4},{"not_picked":["Bone_Spikes","Negative_Energy_Shield"],"picked":"Toxic_Smoke_Screen","floor":5},{"not_picked":["Summon_Lich","Deaths_Shadow"],"picked":"Toxic_Smoke_Screen","floor":8},{"not_picked":["Negative_Energy_Sphere","Life_Tap"],"picked":"Necrotic_Claws","floor":9},{"not_picked":["Bomb","Chill_Blood"],"picked":"Death_Knell","floor":10},{"not_picked":["Summon_Vampire_Lady","Necromantic_Selection"],"picked":"Bone_Shift","floor":12},{"not_picked":["Vampiric_Strike","Requiem"],"picked":"Bone_Armor","floor":14},{"not_picked":["Life_Tap","Thousand_Bone_Knives"],"picked":"Scare","floor":15},{"not_picked":["Summon_Death_Knight","Summon_Vampire_Lady"],"picked":"Cloudkill","floor":16},{"not_picked":["Summon_Undead_Army","Death_March_Dance+1"],"picked":"Summon_Lich+1","floor":19}],"player_experience":24168,"relics_obtained":[{"floor":7,"key":"Divine Protection"},{"floor":9,"key":"Pantograph"},{"floor":12,"key":"Lantern"}],"event_choices":[{"damage_healed":0,"gold_gain":0,"player_choice":"Success","damage_taken":3,"relics_obtained":["PillsDrop"],"max_hp_gain":0,"max_hp_loss":0,"event_name":"Scrap Ooze","floor":11,"gold_loss":0}],"is_beta":false,"boss_relics":[{"not_picked":["Replay:Ancient Bell","Snecko Eye"],"picked":"Replay:Bronze Core"},{"not_picked":[]}],"items_purged_floors":[17],"is_endless":false,"potions_floor_spawned":[2,9,10,14,16,19],"killed_by":"Snecko","ascension_level":0}}