{"host":"5f8ute538gzudddu","time":1609014265,"event":{"mods":["BaseMod","Highlight Path","Minty Spire (QoL Compilation)","Relic Stats","StSLib"],"gold_per_floor":[20,20,36,36,50,86,86,124,151,151,192,207,222,246,246,342,342,363,1,20,40,63,63,63],"floor_reached":23,"playtime":1264,"items_purged":["Strike_P"],"score":480,"play_id":"90f8cc3b-c757-4a27-907c-5885fbcbe88c","local_time":"20201226122425","is_ascension_mode":true,"campfire_choices":[{"floor":10.0,"key":"REST"},{"data":"WheelKick","floor":15.0,"key":"SMITH"}],"circlet_count":0,"master_deck":["AscendersBane","Strike_P","Strike_P","Strike_P","Defend_P+1","Eruption+1","Vigilance+1","Weave","ThirdEye","WaveOfTheHand","Vault","WheelKick+1","Wallop","Worship","EmptyBody","Prostrate","ThirdEye","Swivel","Consecrate","Scrape","Consecrate","Pray"],"relics":["PureWater","Golden Idol","Strawberry","Dream Catcher","War Paint","Unceasing Top","Coffee Dripper","PrismaticShard"],"acts_visited":["Exordium","TheCity"],"potions_floor_usage":[16,16,21,22,23],"damage_taken":[{"damage":7.0,"enemies":"Small Slimes","floor":1.0,"turns":4.0},{"damage":0.0,"enemies":"2 Louse","floor":3.0,"turns":2.0},{"damage":0.0,"enemies":"Cultist","floor":5.0,"turns":4.0},{"damage":35.0,"enemies":"Gremlin Nob","floor":6.0,"turns":4.0},{"damage":15.0,"enemies":"Lagavulin","floor":8.0,"turns":8.0},{"damage":0.0,"enemies":"3 Sentries","floor":11.0,"turns":3.0},{"damage":11.0,"enemies":"3 Louse","floor":12.0,"turns":3.0},{"damage":5.0,"enemies":"Exordium Thugs","floor":13.0,"turns":2.0},{"damage":0.0,"enemies":"2 Fungi Beasts","floor":14.0,"turns":3.0},{"damage":12,"enemies":"Slime Boss","floor":16,"turns":9},{"damage":0,"enemies":"Shell Parasite","floor":18,"turns":7},{"damage":0,"enemies":"3 Byrds","floor":20,"turns":7},{"damage":17,"enemies":"Snake Plant","floor":21,"turns":6},{"damage":28,"enemies":"Cultist and Chosen","floor":22,"turns":5},{"damage":10,"enemies":"Slavers","floor":23,"turns":1}],"seed_played":"4991386908022042010","potions_obtained":[{"floor":1.0,"key":"Dexterity Potion"},{"floor":5.0,"key":"Strength Potion"},{"floor":13.0,"key":"BlessingOfTheForge"},{"floor":14.0,"key":"AttackPotion"},{"floor":20,"key":"LiquidMemories"},{"floor":22,"key":"Strength Potion"}],"is_trial":false,"path_per_floor":["M","?","M","?","M","E","?","E","T","R","E","M","M","M","R","B",null,"M","$","M","M","M","E"],"character_chosen":"WATCHER","items_purchased":["PrismaticShard","AttackPotion","Consecrate"],"campfire_rested":1,"item_purchase_floors":[19,19,19],"current_hp_per_floor":[54,54,54,54,54,26,26,11,11,31,31,20,15,15,15,3,53,53,53,53,36,8,0,0],"gold":63,"neow_bonus":"REMOVE_TWO","is_daily":false,"chose_seed":false,"campfire_upgraded":1,"win_rate":0.0,"timestamp":1609014265,"path_taken":["M","?","M","?","M","E","?","E","T","R","E","?","M","M","R","BOSS","M","$","M","M","M","E"],"items_purchased_type":["Relic","Potion","Card"],"build_version":"2020-12-22","purchased_purges":1,"victory":false,"max_hp_per_floor":[68,62,62,62,62,69,69,69,69,69,69,69,69,69,69,69,69,69,69,69,69,69,69,69],"relic_stats":{"Dream Catcher":1,"counters":[15,68],"Golden Idol":76,"War Paint":["Defend_P","Vigilance"],"obtain_stats":[{"Dream Catcher":8,"Golden Idol":2,"Strawberry":6,"Coffee Dripper":17,"PureWater":0,"War Paint":9,"PrismaticShard":19,"Unceasing Top":11},{"Dream Catcher":5,"Golden Idol":1,"Strawberry":4,"Coffee Dripper":10,"PureWater":0,"War Paint":5,"PrismaticShard":11,"Unceasing Top":6},{"Dream Catcher":22,"Golden Idol":4,"Strawberry":14,"Coffee Dripper":42,"PureWater":0,"War Paint":22,"PrismaticShard":49,"Unceasing Top":25}],"Unceasing Top":[11]},"card_choices":[{"not_picked":["JustLucky","Protect"],"picked":"Weave","floor":1.0},{"not_picked":["EmptyBody","Protect"],"picked":"ThirdEye","floor":3.0},{"not_picked":["Crescendo","Prostrate"],"picked":"WaveOfTheHand","floor":5.0},{"not_picked":["FlyingSleeves","EmptyFist"],"picked":"Vault","floor":6.0},{"not_picked":["Collect","Meditate"],"picked":"WheelKick","floor":8.0},{"not_picked":["SashWhip","WindmillStrike"],"picked":"Wallop","floor":10.0},{"not_picked":["Protect","Crescendo"],"picked":"Worship","floor":11.0},{"not_picked":["EmptyFist","BowlingBash"],"picked":"EmptyBody","floor":12.0},{"not_picked":["Crescendo","Collect"],"picked":"Prostrate","floor":13.0},{"not_picked":["FearNoEvil","FlyingSleeves"],"picked":"ThirdEye","floor":14.0},{"not_picked":["ThirdEye","FearNoEvil"],"picked":"Swivel","floor":18},{"not_picked":["FollowUp","Evaluate"],"picked":"Scrape","floor":20},{"not_picked":["Clothesline","Fusion"],"picked":"Consecrate","floor":21},{"not_picked":["Cold Snap","Static Discharge+1"],"picked":"Pray","floor":22}],"player_experience":920927,"relics_obtained":[{"floor":6.0,"key":"Strawberry"},{"floor":8.0,"key":"Dream Catcher"},{"floor":9.0,"key":"War Paint"},{"floor":11.0,"key":"Unceasing Top"}],"event_choices":[{"damage_healed":0.0,"max_hp_gain":0.0,"max_hp_loss":6.0,"gold_gain":0.0,"event_name":"Golden Idol","player_choice":"Lose Max HP","floor":2.0,"gold_loss":0.0,"damage_taken":0.0,"relics_obtained":["Golden Idol"]},{"damage_healed":0.0,"max_hp_gain":0.0,"max_hp_loss":0.0,"gold_gain":0.0,"event_name":"Living Wall","player_choice":"Grow","floor":4.0,"gold_loss":0.0,"damage_taken":0.0,"cards_upgraded":["Eruption"]},{"cards_removed":["Defend_P"],"damage_healed":0.0,"max_hp_gain":0.0,"max_hp_loss":0.0,"gold_gain":0.0,"event_name":"Wheel of Change","player_choice":"Card Removal","floor":7.0,"gold_loss":0.0,"damage_taken":0.0}],"is_beta":false,"boss_relics":[{"not_picked":["Empty Cage","Runic Dome"],"picked":"Coffee Dripper"}],"items_purged_floors":[19],"is_endless":false,"potions_floor_spawned":[1,5,13,14,20,22],"killed_by":"Slavers","ascension_level":20}}