{"host":"58n3gh7notb9e445","time":1609005342,"event":{"mods":["BaseMod","Googly Eyes","Hermit","Hubris","Minty Spire (QoL Compilation)","Replay The Spire","StSLib","The Servant 0.9.4","slay the spire mod where everything is the same but ironclad has a cowboy hat"],"gold_per_floor":[111,111,125,125,50,50,82,100,100,112,60,60,60,92,92,194,194,204,7,19,109,125,125,125,154,203,223,223,223,223],"floor_reached":29,"playtime":1626,"items_purged":["hubris:Sniper"],"score":276,"play_id":"82361fc8-a72b-4ac7-94e8-f66033796744","local_time":"20201226175542","is_ascension_mode":false,"campfire_choices":[{"data":"Poisoned Stab","floor":6,"key":"SMITH"},{"data":"Flechettes","floor":12,"key":"SMITH"},{"data":"Dramatic Entrance","floor":15,"key":"SMITH"},{"data":"Madness","floor":23,"key":"SMITH"},{"floor":28,"key":"REST"}],"circlet_count":0,"master_deck":["Survivor","Neutralize","Well Laid Plans","Flechettes+1","Dramatic Entrance+1","Poisoned Stab+1","Deflect","Night Terror","Bane+1","Concentrate","Night Terror","Phantasmal Killer","Poison Darts","All Out Attack+1","Underhanded Strike+1","Doppelganger","ReplayTheSpireMod:Tripwire","ReplayTheSpireMod:Scrap Shanks+1","Catalyst","Madness+1","Finesse","Replay:Sssssssssstrike+1","PiercingWail","CommonCold","Fluid Movement","Distraction"],"relics":["Ring of the Snake","NeowsBlessing","Strawberry","Replay:Bottled Flurry","Molten Egg 2","Pandora\u0027s Box","Tiny Chest","Pantograph","Happy Flower","Pet Ghost"],"acts_visited":["Exordium","TheCity"],"potions_floor_usage":[8,16,18,20,22,25,27,29],"damage_taken":[{"damage":0,"enemies":"Cultist","floor":1,"turns":1},{"damage":0,"enemies":"Jaw Worm","floor":3,"turns":1},{"damage":0,"enemies":"Lagavulin","floor":7,"turns":1},{"damage":0,"enemies":"2 Louse","floor":8,"turns":1},{"damage":2,"enemies":"Exordium Wildlife","floor":10,"turns":3},{"damage":12,"enemies":"3 Sentries","floor":14,"turns":10},{"damage":42,"enemies":"Hexaghost","floor":16,"turns":16},{"damage":10,"enemies":"2 Thieves","floor":18,"turns":3},{"damage":6,"enemies":"3 Byrds","floor":20,"turns":3},{"damage":0,"enemies":"Snake Plant","floor":22,"turns":1},{"damage":15,"enemies":"Book of Stabbing","floor":25,"turns":4},{"damage":7,"enemies":"Sentry and Sphere","floor":27,"turns":4},{"damage":20,"enemies":"Shelled Parasite and Fungi","floor":29,"turns":6}],"seed_played":"-6159350203470197980","potions_obtained":[{"floor":1,"key":"Explosive Potion"},{"floor":8,"key":"Fruit Juice"},{"floor":10,"key":"Weak Potion"},{"floor":14,"key":"SkillPotion"},{"floor":16,"key":"Swift Potion"},{"floor":18,"key":"AttackPotion"},{"floor":25,"key":"DuplicationPotion"},{"floor":27,"key":"Regen Potion"}],"is_trial":false,"path_per_floor":["M","?","M","?","$","R","E","M","T","M","$","R","$","E","R","B",null,"M","$","M","?","M","R","?","E","T","M","R","M"],"character_chosen":"THE_SILENT","items_purchased":["Deflect","ReplayTheSpireMod:Scrap Shanks+1","Tiny Chest"],"campfire_rested":1,"item_purchase_floors":[11,19,19],"current_hp_per_floor":[70,70,70,70,70,70,77,82,82,80,80,80,80,68,68,26,82,72,72,66,33,33,33,33,18,18,11,35,30,30],"gold":223,"neow_bonus":"THREE_ENEMY_KILL","is_daily":false,"chose_seed":false,"campfire_upgraded":4,"win_rate":0.0,"timestamp":1609005342,"path_taken":["M","?","?","?","$","R","E","M","T","M","$","R","$","E","R","BOSS","M","$","M","?","?","R","?","E","T","M","R","M"],"items_purchased_type":["Card","Card","Relic"],"build_version":"2020-12-22","purchased_purges":1,"victory":false,"max_hp_per_floor":[70,70,70,70,70,70,77,82,82,82,82,82,82,82,82,82,82,82,82,82,82,82,82,82,82,82,82,82,82,82],"card_choices":[{"not_picked":["Eviscerate","Flechettes"],"picked":"Well Laid Plans","floor":1},{"not_picked":["Backstab","Quick Slash"],"picked":"Flechettes","floor":3},{"not_picked":["ReplayTheSpireMod:The Works","Underhanded Strike","Distraction"],"picked":"SKIP","floor":7},{"not_picked":["Blade Dance","Outmaneuver","Quick Slash"],"picked":"SKIP","floor":8},{"not_picked":["Dagger Throw","Distraction","hubris:Sniper"],"picked":"SKIP","floor":10},{"not_picked":["Prepared","Slice+1","Backflip"],"picked":"SKIP","floor":14},{"not_picked":["ReplayTheSpireMod:Necrosis","Grand Finale+1"],"picked":"Night Terror","floor":16},{"not_picked":["Underhanded Strike+1","Endless Agony+1","ReplayTheSpireMod:Tripwire"],"picked":"SKIP","floor":18},{"not_picked":["Quick Slash+1","Deflect"],"picked":"Catalyst","floor":20},{"not_picked":["Bane+1","Blade Dance+1"],"picked":"PiercingWail","floor":22},{"not_picked":["Deflect+1","Prepared"],"picked":"Fluid Movement","floor":25},{"not_picked":["Blade Dance","Bane+1"],"picked":"Distraction","floor":27}],"player_experience":142984,"relics_obtained":[{"floor":7,"key":"Strawberry"},{"floor":9,"key":"Replay:Bottled Flurry"},{"floor":14,"key":"Molten Egg 2"},{"floor":25,"key":"Happy Flower"},{"floor":26,"key":"Pet Ghost"}],"event_choices":[{"cards_removed":["Strike_G"],"damage_healed":0,"gold_gain":0,"player_choice":"Purged","damage_taken":0,"max_hp_gain":0,"max_hp_loss":0,"event_name":"Purifier","floor":2,"gold_loss":0},{"damage_healed":0,"gold_gain":0,"player_choice":"3 cards matched","damage_taken":0,"max_hp_gain":0,"max_hp_loss":0,"event_name":"Match and Keep!","floor":4,"gold_loss":0,"cards_obtained":["hubris:Sniper","Dramatic Entrance","Poisoned Stab"]},{"damage_healed":0,"gold_gain":90,"player_choice":"CARD GOLD CARD CARD ","damage_taken":33,"max_hp_gain":0,"max_hp_loss":0,"event_name":"Knowing Skull","floor":21,"potions_obtained":[],"gold_loss":0,"cards_obtained":["Madness","Finesse","Replay:Sssssssssstrike"]}],"is_beta":false,"boss_relics":[{"not_picked":["hubris:RunicObelisk","Replay:Bronze Core"],"picked":"Pandora\u0027s Box"}],"items_purged_floors":[5],"is_endless":false,"potions_floor_spawned":[1,8,10,14,16,18,25,27],"killed_by":"Shelled Parasite and Fungi","ascension_level":0}}