{"host":"vdf1n25tgqc7msgq","time":1609013851,"event":{"mods":["ATMod(阿瑾Mod)","AchievementEnabler","BaseMod","Colored Powertips","KinomotoSakuraMod(木之本樱)","Marisa（F雨　魔理沙）","Minty Spire (QoL Compilation)","Quick Restart","Remilia（蕾米莉亚）","StSLib","The Servant 0.9.4","UnlockEverythingMod","Yakumo Yukari mod","Youmu（魂魄妖梦）","[功能]商店购物价格优惠80%"],"gold_per_floor":[114,130,130,140,140,167,180,355,355,212,212,223,233,253,253,356,356,345,444,268,288,288,288,302,302,302,318,318,399,298,312,312,410,410,430,444,494,507,458,458,484,495,495,527,527,527,527,544,544,544],"floor_reached":51,"playtime":3194,"items_purged":["Doubt","Defend_R","Defend_R","Defend_R","Defend_R","Bash","Strike_R","Strike_R","Strike_R","Strike_R","Strike_R","Twin Strike","Writhe","Decay"],"score":809,"play_id":"0d4b00c9-5a53-4f63-a978-149a33534643","local_time":"20201226151731","is_ascension_mode":false,"campfire_choices":[{"data":"AT_ShrugMaster","floor":15,"key":"SMITH"},{"data":"Dual Wield","floor":23,"key":"SMITH"},{"floor":25,"key":"RECALL"},{"data":"Panache","floor":32,"key":"SMITH"},{"data":"AT_ShrugMaster","floor":40,"key":"SMITH"},{"data":"Demon Form","floor":45,"key":"SMITH"},{"data":"Juggernaut","floor":47,"key":"SMITH"},{"floor":49,"key":"REST"}],"circlet_count":0,"master_deck":["AT_ShrugMaster+1","Dual Wield+1","Perfected Strike","Pommel Strike","Juggernaut+1","AT_ShrugMaster+1","AT_BodySlamDance+1","Panache+1","Body Slam+1","Demon Form+1","Dual Wield+1"],"relics":["Black Blood","AT_ATBox","NeowsBlessing","Oddly Smooth Stone","Self Forming Clay","Darkstone Periapt","Strawberry","Pear","StrikeDummy","Sling","Toy Ornithopter","Shuriken","Membership Card","White Beast Statue","Ancient Tea Set","Runic Pyramid","Gambling Chip","Red Skull","AT_SpeedBoots","TheAbacus","AT_ForceNature","Ornamental Fan","AT_RedTearstoneRing"],"acts_visited":["Exordium","TheCity","TheBeyond"],"potions_floor_usage":[6,6,6,12,13,13,14,16,18,21,24,27,27,31,33,33,33,35,36,37,37,37,38,41,41,44,44,48,50,50,50],"damage_taken":[{"damage":0,"enemies":"Small Slimes","floor":1,"turns":1},{"damage":0,"enemies":"Cultist","floor":2,"turns":1},{"damage":0,"enemies":"2 Louse","floor":4,"turns":1},{"damage":12,"enemies":"3 Sentries","floor":6,"turns":10},{"damage":6,"enemies":"Blue Slaver","floor":7,"turns":5},{"damage":13,"enemies":"3 Louse","floor":12,"turns":5},{"damage":7,"enemies":"Looter","floor":13,"turns":3},{"damage":18,"enemies":"Lots of Slimes","floor":14,"turns":5},{"damage":62,"enemies":"The Guardian","floor":16,"turns":12},{"damage":25,"enemies":"2 Thieves","floor":18,"turns":4},{"damage":13,"enemies":"Chosen","floor":21,"turns":6},{"damage":30,"enemies":"Centurion and Healer","floor":24,"turns":6},{"damage":3,"enemies":"3 Cultists","floor":27,"turns":4},{"damage":1,"enemies":"Sentry and Sphere","floor":31,"turns":3},{"damage":0,"enemies":"Champ","floor":33,"turns":4},{"damage":20,"enemies":"3 Shapes","floor":35,"turns":5},{"damage":15,"enemies":"Orb Walker","floor":36,"turns":2},{"damage":3,"enemies":"Mind Bloom Boss Battle","floor":37,"turns":4},{"damage":30,"enemies":"Transient","floor":38,"turns":5},{"damage":18,"enemies":"Reptomancer","floor":41,"turns":2},{"damage":15,"enemies":"Writhing Mass","floor":42,"turns":2},{"damage":30,"enemies":"Nemesis","floor":44,"turns":3},{"damage":16,"enemies":"4 Shapes","floor":48,"turns":2},{"damage":23,"enemies":"Awakened One","floor":50,"turns":3}],"seed_played":"3794455485536757385","potions_obtained":[{"floor":1,"key":"DuplicationPotion"},{"floor":2,"key":"EssenceOfSteel"},{"floor":4,"key":"Weak Potion"},{"floor":7,"key":"BloodPotion"},{"floor":7,"key":"Weak Potion"},{"floor":12,"key":"CultistPotion"},{"floor":12,"key":"LiquidMemories"},{"floor":14,"key":"Swift Potion"},{"floor":16,"key":"ColorlessPotion"},{"floor":21,"key":"Fruit Juice"},{"floor":24,"key":"HeartOfIron"},{"floor":24,"key":"AttackPotion"},{"floor":27,"key":"FearPotion"},{"floor":27,"key":"SkillPotion"},{"floor":31,"key":"EssenceOfSteel"},{"floor":33,"key":"Energy Potion"},{"floor":33,"key":"GamblersBrew"},{"floor":35,"key":"DuplicationPotion"},{"floor":35,"key":"Explosive Potion"},{"floor":36,"key":"AttackPotion"},{"floor":37,"key":"LiquidBronze"},{"floor":38,"key":"Regen Potion"},{"floor":38,"key":"BlessingOfTheForge"},{"floor":41,"key":"Dexterity Potion"},{"floor":41,"key":"Fire Potion"},{"floor":44,"key":"Strength Potion"},{"floor":48,"key":"Fruit Juice"},{"floor":48,"key":"FearPotion"}],"is_trial":false,"path_per_floor":["M","M","?","M","?","E","M","?","T","$","?","M","M","M","R","B",null,"M","?","$","M","?","R","M","R","T","M","?","T","$","M","R","B",null,"M","M","?","M","$","R","E","M","T","E","R","?","R","M","R","B",null],"character_chosen":"IRONCLAD","items_purchased":["Darkstone Periapt","Strawberry","PowerPotion","Pear","StrikeDummy","Sling","Swift Potion","Swift Potion","BlessingOfTheForge","AT_ShrugMaster","Membership Card","White Beast Statue","Ancient Tea Set","Panache","Red Skull","AT_SpeedBoots","TheAbacus","Fire Potion"],"campfire_rested":1,"item_purchase_floors":[10,10,10,20,20,20,20,20,20,20,30,30,30,30,39,39,39,39],"current_hp_per_floor":[80,80,80,80,80,74,74,74,74,81,81,74,73,78,78,22,87,74,74,84,88,94,94,81,81,81,100,106,106,106,114,114,114,114,106,108,114,96,96,96,105,102,102,94,94,89,89,95,119,108],"gold":544,"neow_bonus":"THREE_ENEMY_KILL","is_daily":false,"chose_seed":false,"campfire_upgraded":6,"win_rate":0.0,"timestamp":1609013851,"path_taken":["M","M","?","M","?","E","?","?","T","$","?","M","M","M","R","BOSS","M","?","$","M","?","R","M","R","T","M","?","?","$","?","R","BOSS","M","M","?","M","$","R","E","M","T","E","R","?","R","M","R","BOSS"],"items_purchased_type":["Relic","Relic","Potion","Relic","Relic","Relic","Potion","Potion","Potion","Card","Relic","Relic","Relic","Card","Relic","Relic","Relic","Potion"],"build_version":"2020-12-22","purchased_purges":14,"victory":true,"max_hp_per_floor":[80,80,80,80,80,80,80,80,80,87,87,87,87,87,87,87,87,87,87,97,102,108,108,108,108,108,108,114,114,114,114,114,114,114,114,114,114,114,114,114,114,114,114,114,114,114,114,119,119,119],"card_choices":[{"not_picked":["Wild Strike","Anger","Clothesline"],"picked":"SKIP","floor":1},{"not_picked":["Power Through","Headbutt","Havoc"],"picked":"SKIP","floor":2},{"not_picked":["Evolve","Warcry"],"picked":"AT_ShrugMaster","floor":4},{"not_picked":["Offering","AT_ManFootWork"],"picked":"Dual Wield","floor":6},{"not_picked":["Body Slam","Clash"],"picked":"Perfected Strike","floor":7},{"not_picked":["Warcry","Cleave"],"picked":"Pommel Strike","floor":12},{"not_picked":["Battle Trance","AT_IchimonjiDouble"],"picked":"Twin Strike","floor":13},{"not_picked":["Clothesline","Flame Barrier","Armaments"],"picked":"SKIP","floor":14},{"not_picked":["Reaper","AT_Dispersion"],"picked":"Juggernaut","floor":16},{"not_picked":["Twin Strike","AT_ManFootWork","Combust"],"picked":"SKIP","floor":18},{"not_picked":["Rampage","Power Through","Feel No Pain"],"picked":"SKIP","floor":21},{"not_picked":["Uppercut","Havoc"],"picked":"AT_BodySlamDance+1","floor":24},{"not_picked":["Clash","Heavy Blade","Wild Strike+1"],"picked":"SKIP","floor":27},{"not_picked":["Pummel","Carnage+1"],"picked":"Body Slam+1","floor":31},{"not_picked":["Reaper","Impervious"],"picked":"Demon Form","floor":33},{"not_picked":["Warcry","Havoc+1","Shrug It Off+1"],"picked":"SKIP","floor":35},{"not_picked":["Body Slam","Heavy Blade","Headbutt+1"],"picked":"SKIP","floor":36},{"not_picked":["Cleave","Rage+1","Body Slam"],"picked":"SKIP","floor":38},{"not_picked":["Armaments+1","Whirlwind+1","True Grit+1"],"picked":"SKIP","floor":41},{"not_picked":["Evolve+1","Iron Wave"],"picked":"Dual Wield+1","floor":42},{"not_picked":["Second Wind+1","Rupture+1","Shrug It Off+1"],"picked":"SKIP","floor":44},{"not_picked":["Berserk","Warcry+1","Entrench"],"picked":"SKIP","floor":48}],"player_experience":0,"relics_obtained":[{"floor":6,"key":"Oddly Smooth Stone"},{"floor":9,"key":"Self Forming Clay"},{"floor":29,"key":"Shuriken"},{"floor":37,"key":"Gambling Chip"},{"floor":41,"key":"AT_ForceNature"},{"floor":43,"key":"Ornamental Fan"},{"floor":44,"key":"AT_RedTearstoneRing"}],"event_choices":[{"damage_healed":0,"gold_gain":0,"player_choice":"Leave","damage_taken":0,"max_hp_gain":0,"max_hp_loss":0,"event_name":"The Cleric","floor":3,"gold_loss":0},{"damage_healed":0,"gold_gain":0,"player_choice":"Ignored","damage_taken":0,"max_hp_gain":0,"max_hp_loss":0,"event_name":"WeMeetAgain","floor":5,"gold_loss":0},{"damage_healed":0,"gold_gain":175,"player_choice":"AGREE","damage_taken":0,"max_hp_gain":0,"max_hp_loss":0,"event_name":"Liars Game","floor":8,"gold_loss":0,"cards_obtained":["Doubt"]},{"damage_healed":0,"gold_gain":0,"player_choice":"Ignored","damage_taken":0,"max_hp_gain":0,"max_hp_loss":0,"event_name":"Golden Wing","floor":11,"gold_loss":0},{"damage_healed":0,"gold_gain":99,"player_choice":"Stole From Cult","damage_taken":0,"max_hp_gain":0,"max_hp_loss":0,"event_name":"Nest","floor":19,"gold_loss":0},{"damage_healed":0,"gold_gain":0,"player_choice":"Opened","damage_taken":0,"relics_obtained":["Toy Ornithopter"],"max_hp_gain":0,"max_hp_loss":0,"event_name":"The Mausoleum","floor":22,"gold_loss":0,"cards_obtained":["Writhe"]},{"damage_healed":0,"gold_gain":0,"player_choice":"Smashed Altar","damage_taken":0,"max_hp_gain":0,"max_hp_loss":0,"event_name":"Forgotten Altar","floor":28,"gold_loss":0,"cards_obtained":["Decay"]},{"damage_healed":0,"gold_gain":0,"player_choice":"Fight","damage_taken":0,"max_hp_gain":0,"max_hp_loss":0,"event_name":"MindBloom","floor":37,"gold_loss":0},{"damage_healed":0,"gold_gain":0,"player_choice":"Damaged","damage_taken":11,"max_hp_gain":0,"max_hp_loss":0,"event_name":"Wheel of Change","floor":46,"gold_loss":0}],"is_beta":false,"boss_relics":[{"not_picked":["SacredBark","Runic Dome"],"picked":"Black Blood"},{"not_picked":["Coffee Dripper","Fusion Hammer"],"picked":"Runic Pyramid"}],"items_purged_floors":[10,10,10,10,10,10,10,10,10,10,10,20,30,30],"is_endless":false,"potions_floor_spawned":[1,2,4,7,7,12,12,14,16,21,24,24,27,27,31,31,33,33,35,35,36,36,37,38,38,41,41,42,42,44,44,48,48],"ascension_level":0}}