{"host":"adv1uqz3812gqgbw","time":1609013955,"event":{"mods":["Ascension Reborn","BaseMod","Better Note","Colored Powertips","Custom Start","Dio Mod","GifTheSpireLib","Hermit","Minty Spire (QoL Compilation)","Robot Space Explorer","StSLib","The Runesmith","Uncapped"],"gold_per_floor":[453,453,553,592,625,739,739,195,195,195,276,276,383,468,468,790,790,842,842,927,988,1065,1191,1203,1296,1308,1362,1374,1471,1529,69,69,394,394,430,593,593,593,678,772,39,127,127,241,280,361,361,135,135,135],"floor_reached":51,"playtime":3164,"items_purged":[],"score":1595,"play_id":"b6a02b1a-18c0-4d73-aa02-ab5c5419e5e2","local_time":"20201226181915","daily_mods":["Time Dilation","DeadlyEvents","Elite Swarm","Lethality","Midas"],"is_ascension_mode":false,"campfire_choices":[{"floor":7,"key":"DIG"},{"floor":10,"key":"DIG"},{"floor":12,"key":"DIG"},{"floor":15,"key":"DIG"},{"floor":24,"key":"DIG"},{"floor":28,"key":"DIG"},{"floor":32,"key":"DIG"},{"floor":49,"key":"DIG"}],"circlet_count":16,"master_deck":["hermit:Gambit+1","hermit:Gambit+1","hermit:Gambit+1","hermit:Cheat+1","hermit:Cheat+1","hermit:CalledShot+1","hermit:CalledShot+1","hermit:Snapshot+1","hermit:Snapshot+1","hermit:Snapshot+1","hermit:CursedWeapon+1","hermit:CursedWeapon+1","hermit:CursedWeapon+1","RobotSpaceExplorer:MiniBoosters+1","RobotSpaceExplorer:MiniBoosters+1","Master of Strategy+1","Master of Strategy+1","Master of Strategy+1","Crescendo+1","ClearTheMind+1","Adrenaline+1","Adrenaline+1","Backstab+1","Backstab+1","Flex+1","Flex+1","Seeing Red+1","Seeing Red+1","Steam Power+1","Steam Power+1"],"relics":["hermit:Momento","Bag of Marbles","Bag of Preparation","Runesmith:AutoHammer","Anchor","Ancient Tea Set","Bottled Flame","RobotSpaceExplorer:BottledGravity","Bottled Lightning","RobotSpaceExplorer:PlasmaHourglass","Omamori","FossilizedHelix","RobotSpaceExplorer:FoglandsKnife","Frozen Eye","Fusion Hammer","hermit:CharredGlove","Thread and Needle","Medical Kit","Lantern","Lee\u0027s Waffle","HandDrill","Damaru","Darkstone Periapt","Du-Vu Doll","Dream Catcher","Cursed Key","Pear","Shovel","Strawberry","TwistedFunnel","Unceasing Top","WristBlade","Vajra","Philosopher\u0027s Stone","Potion Belt","Ice Cream","Mark of Pain","hermit:DentedPlate","Ginger","GoldenEye","Gremlin Horn","Happy Flower","Bottled Tornado","Black Star","Blood Vial","Bird Faced Urn","Blue Candle","Brimstone","Bronze Scales","CaptainsWheel","Coffee Dripper","PreservedInsect","Prayer Wheel","Runic Pyramid","Smiling Mask","The Courier","Membership Card","hermit:Spyglass","hermit:ClaspedLocket","Peace Pipe","SacredBark","Mango","Singing Bowl","Turnip","Mercury Hourglass","Old Coin","Golden Idol","hermit:RyeStalk","Boot","Runesmith:Locket","Oddly Smooth Stone","Torii","Matryoshka","Akabeko","Pantograph","Toxic Egg 2","hermit:RedScarf","Nunchaku","Art of War","Mummified Hand","WingedGreaves","MealTicket","CeramicFish","StoneCalendar","StrikeDummy","MawBank","Regal Pillow","Toy Ornithopter","Molten Egg 2","Pocketwatch","Tiny Chest","InkBottle","Centennial Puzzle","Shuriken","TungstenRod","Pen Nib","Runesmith:Nanobots","TheAbacus","Lizard Tail","Incense Burner","Kunai","Calipers","Orichalcum","Sundial","Circlet","Question Card","Letter Opener","hermit:DentedPlate","Frozen Egg 2","HornCleat","White Beast Statue","Meat on the Bone","Sling"],"acts_visited":["Exordium","TheCity","TheBeyond"],"potions_floor_usage":[50,50,50],"damage_taken":[{"damage":0.0,"enemies":"2 Louse","floor":1.0,"turns":1.0},{"damage":0.0,"enemies":"Small Slimes","floor":4.0,"turns":1.0},{"damage":1.0,"enemies":"Cultist","floor":5.0,"turns":1.0},{"damage":0.0,"enemies":"3 Sentries","floor":6.0,"turns":1.0},{"damage":0,"enemies":"Lagavulin","floor":11,"turns":1},{"damage":2,"enemies":"3 Sentries","floor":13,"turns":1},{"damage":0,"enemies":"Lagavulin","floor":14,"turns":1},{"damage":0,"enemies":"Slime Boss","floor":16,"turns":1},{"damage":0,"enemies":"3 Byrds","floor":18,"turns":1},{"damage":0,"enemies":"Slavers","floor":20,"turns":1},{"damage":0,"enemies":"Shell Parasite","floor":21,"turns":1},{"damage":0,"enemies":"Snake Plant","floor":22,"turns":1},{"damage":0,"enemies":"Gremlin Leader","floor":23,"turns":1},{"damage":0,"enemies":"Book of Stabbing","floor":25,"turns":1},{"damage":0,"enemies":"Centurion and Healer","floor":27,"turns":1},{"damage":0,"enemies":"Gremlin Leader","floor":29,"turns":1},{"damage":0,"enemies":"Shelled Parasite and Fungi","floor":30,"turns":1},{"damage":0,"enemies":"StardustCrusaders","floor":33,"turns":1},{"damage":0,"enemies":"Orb Walker","floor":35,"turns":1},{"damage":0,"enemies":"Mind Bloom Boss Battle","floor":36,"turns":1},{"damage":0,"enemies":"Reptomancer","floor":39,"turns":1},{"damage":0,"enemies":"Giant Head","floor":40,"turns":1},{"damage":0,"enemies":"Nemesis","floor":42,"turns":1},{"damage":0,"enemies":"Reptomancer","floor":44,"turns":1},{"damage":0,"enemies":"3 Shapes","floor":45,"turns":1},{"damage":0,"enemies":"Giant Head","floor":46,"turns":1},{"damage":0,"enemies":"Time Eater","floor":50,"turns":1}],"seed_played":"7242597946898777030","potions_obtained":[{"floor":4.0,"key":"Block Potion"},{"floor":11,"key":"ColorlessPotion"},{"floor":16,"key":"SteroidPotion"},{"floor":18,"key":"DuplicationPotion"},{"floor":21,"key":"Fire Potion"},{"floor":44,"key":"FearPotion"}],"is_trial":true,"path_per_floor":["M","?","?","M","M","E","R","$","T","R","E","R","E","E","R","B",null,"M","?","E","M","M","E","R","E","T","M","R","E","M","$","R","B",null,"M","?","?","T","E","E","$","E","T","E","M","E","T","$","R","B",null],"character_chosen":"HERMIT","items_purchased":["Oddly Smooth Stone","Torii","Matryoshka","Akabeko","Pantograph","Toxic Egg 2","Shuriken","TungstenRod","Pen Nib","Runesmith:Nanobots","TheAbacus","Lizard Tail","Incense Burner","Kunai","Calipers","Orichalcum","Sundial","Circlet","Circlet","Question Card","Meat on the Bone","Circlet","Circlet","Circlet","Circlet","Circlet","Sling"],"campfire_rested":0,"item_purchase_floors":[8,8,8,8,8,8,31,31,31,31,31,31,31,31,31,31,31,31,31,31,41,41,41,41,41,48,48],"current_hp_per_floor":[149,149,149,153,156,159,159,159,159,159,161,161,161,165,165,167,167,171,171,173,177,181,183,183,185,185,189,189,191,195,195,195,197,229,233,235,235,235,237,239,239,241,241,243,247,249,249,249,249,249],"gold":135,"neow_bonus":"","is_daily":false,"chose_seed":false,"campfire_upgraded":0,"win_rate":0.0,"timestamp":1609013955,"path_taken":["M","?","?","M","?","E","R","$","T","R","E","R","E","?","R","BOSS","M","?","?","M","M","E","R","E","T","?","R","E","M","$","R","BOSS","M","?","?","?","?","E","$","E","T","E","?","?","?","$","R","BOSS"],"items_purchased_type":["Relic","Relic","Relic","Relic","Relic","Relic","Relic","Relic","Relic","Relic","Relic","Relic","Relic","Relic","Relic","Relic","Relic","Undefined","Undefined","Relic","Relic","Undefined","Undefined","Undefined","Undefined","Undefined","Relic"],"build_version":"2020-12-22","purchased_purges":0,"victory":true,"max_hp_per_floor":[149,149,149,153,157,159,159,159,159,159,161,161,163,165,165,167,167,171,171,173,177,181,183,183,185,185,189,189,191,195,195,195,197,229,233,235,235,235,237,239,239,241,241,243,247,249,249,249,249,249],"card_choices":[{"not_picked":["hermit:HighCaliber","hermit:LuckOfTheDraw","hermit:Shortfuse"],"picked":"Singing Bowl","floor":1.0},{"not_picked":["hermit:Roulette","hermit:WideOpen","hermit:FullyLoaded"],"picked":"Singing Bowl","floor":1.0},{"not_picked":["hermit:Malice","hermit:Enervate","hermit:Roulette"],"picked":"Singing Bowl","floor":4.0},{"not_picked":["hermit:WideOpen","hermit:Cheat","hermit:Roulette"],"picked":"Singing Bowl","floor":4.0},{"not_picked":["hermit:Coalescence","hermit:BodyArmor","hermit:Ricochet"],"picked":"Singing Bowl","floor":5.0},{"not_picked":["hermit:Headshot","hermit:LuckOfTheDraw","hermit:Coalescence"],"picked":"Singing Bowl","floor":5.0},{"not_picked":["hermit:Adapt","hermit:OverwhelmingPower","hermit:Reprieve"],"picked":"Singing Bowl","floor":6.0},{"not_picked":["hermit:Roughhouse","hermit:FromBeyond+1","hermit:Purgatory"],"picked":"Singing Bowl","floor":11},{"not_picked":["hermit:Adapt","hermit:Roughhouse","hermit:FinalCanter"],"picked":"Singing Bowl","floor":13},{"not_picked":["hermit:BlackWind","hermit:FromBeyond+1","hermit:Gambit+1"],"picked":"Singing Bowl","floor":14},{"not_picked":["hermit:Magnum","hermit:Dissolve+1","hermit:EternalForm"],"picked":"Singing Bowl","floor":16},{"not_picked":["hermit:Feint+1","hermit:TrackingShot","hermit:SprayPray"],"picked":"Singing Bowl","floor":18},{"not_picked":["hermit:SprayPray+1","hermit:Feint+1","hermit:HighCaliber"],"picked":"Singing Bowl","floor":18},{"not_picked":["hermit:OverwhelmingPower","hermit:DeadOrAlive","hermit:FromBeyond+1"],"picked":"Singing Bowl","floor":20},{"not_picked":["hermit:Misfire+1","hermit:WideOpen","hermit:FlashPowder+1"],"picked":"Singing Bowl","floor":21},{"not_picked":["hermit:Roulette","hermit:WideOpen","hermit:Ricochet+1"],"picked":"Singing Bowl","floor":21},{"not_picked":["hermit:GoldenBullet","hermit:Headshot+1","hermit:TrackingShot"],"picked":"Singing Bowl","floor":22},{"not_picked":["hermit:Scavenge+1","hermit:Roulette","hermit:CalledShot+1"],"picked":"Singing Bowl","floor":22},{"not_picked":["hermit:Purgatory","hermit:Magnum","hermit:Roughhouse"],"picked":"Singing Bowl","floor":23},{"not_picked":["hermit:HeroicBravado+1","hermit:Magnum+1","hermit:HighNoon"],"picked":"Singing Bowl","floor":25},{"not_picked":["hermit:ItchyTrigger+1","hermit:Desperado+1","hermit:Virtue+1"],"picked":"Singing Bowl","floor":27},{"not_picked":["hermit:Snipe+1","hermit:Showdown+1","hermit:HoleUp+1"],"picked":"Singing Bowl","floor":27},{"not_picked":["hermit:Reprieve+1","hermit:FromBeyond+1","hermit:Roughhouse+1"],"picked":"Singing Bowl","floor":29},{"not_picked":["hermit:Midnight+1","hermit:Feint+1","hermit:Desperado+1"],"picked":"Singing Bowl","floor":30},{"not_picked":["hermit:HoleUp+1","hermit:Snipe+1","hermit:Desperado+1"],"picked":"Singing Bowl","floor":30},{"not_picked":["hermit:OverwhelmingPower","hermit:RoundhouseKick+1","hermit:EternalForm","hermit:Roughhouse+1"],"picked":"Singing Bowl","floor":33},{"not_picked":["hermit:CalledShot+1","hermit:Quickdraw+1","hermit:BodyArmor+1","hermit:EyeOfTheStorm+1"],"picked":"Singing Bowl","floor":35},{"not_picked":["hermit:Glare+1","hermit:TrackingShot+1","hermit:Snipe+1","hermit:Midnight+1"],"picked":"Singing Bowl","floor":35},{"not_picked":["hermit:Glare+1","hermit:Roulette+1","hermit:Feint+1","hermit:Vantage+1"],"picked":"Singing Bowl","floor":36},{"not_picked":["hermit:Dissolve+1","hermit:Purgatory+1","hermit:FromBeyond+1","hermit:OverwhelmingPower+1"],"picked":"Singing Bowl","floor":39},{"not_picked":["hermit:RoundhouseKick+1","hermit:Roughhouse+1","hermit:Reprieve+1","hermit:Gambit+1"],"picked":"Singing Bowl","floor":40},{"not_picked":["hermit:OverwhelmingPower+1","hermit:Adapt+1","hermit:HeroicBravado+1","hermit:RoundhouseKick+1"],"picked":"Singing Bowl","floor":42},{"not_picked":["hermit:Dissolve+1","hermit:Roughhouse+1","hermit:Gambit+1","hermit:FinalCanter+1"],"picked":"Singing Bowl","floor":44},{"not_picked":["hermit:Scavenge+1","hermit:Misfire+1","hermit:Ricochet+1","hermit:Headshot+1"],"picked":"Singing Bowl","floor":45},{"not_picked":["hermit:LowProfile+1","hermit:Ricochet+1","hermit:Brawl+1","hermit:CalledShot+1"],"picked":"Singing Bowl","floor":45},{"not_picked":["hermit:HeroicBravado+1","hermit:EternalForm+1","hermit:HighNoon+1","hermit:FatalDesire+1"],"picked":"Singing Bowl","floor":46}],"player_experience":319773,"relics_obtained":[{"floor":6.0,"key":"hermit:RyeStalk"},{"floor":6.0,"key":"Boot"},{"floor":7,"key":"Runesmith:Locket"},{"floor":10,"key":"hermit:RedScarf"},{"floor":11,"key":"Nunchaku"},{"floor":11,"key":"Art of War"},{"floor":12,"key":"Mummified Hand"},{"floor":13,"key":"WingedGreaves"},{"floor":13,"key":"MealTicket"},{"floor":14,"key":"CeramicFish"},{"floor":14,"key":"StoneCalendar"},{"floor":15,"key":"StrikeDummy"},{"floor":20,"key":"MawBank"},{"floor":20,"key":"Regal Pillow"},{"floor":23,"key":"Toy Ornithopter"},{"floor":24,"key":"Molten Egg 2"},{"floor":25,"key":"Pocketwatch"},{"floor":25,"key":"Tiny Chest"},{"floor":28,"key":"InkBottle"},{"floor":29,"key":"Centennial Puzzle"},{"floor":32,"key":"Letter Opener"},{"floor":36,"key":"Circlet"},{"floor":39,"key":"Circlet"},{"floor":39,"key":"Frozen Egg 2"},{"floor":40,"key":"HornCleat"},{"floor":40,"key":"White Beast Statue"},{"floor":42,"key":"Circlet"},{"floor":42,"key":"Circlet"},{"floor":44,"key":"Circlet"},{"floor":44,"key":"Circlet"},{"floor":46,"key":"Circlet"},{"floor":46,"key":"Circlet"},{"floor":49,"key":"Circlet"}],"event_choices":[{"damage_healed":0.0,"max_hp_gain":0.0,"max_hp_loss":0.0,"gold_gain":0.0,"event_name":"Golden Idol","player_choice":"Take Wound","floor":2.0,"gold_loss":0.0,"damage_taken":0.0,"relics_obtained":["Golden Idol"],"cards_obtained":["Injury"]},{"damage_healed":0.0,"max_hp_gain":0.0,"max_hp_loss":0.0,"gold_gain":100.0,"event_name":"Golden Shrine","player_choice":"Pray","floor":3.0,"gold_loss":0.0,"damage_taken":0.0},{"damage_healed":0,"gold_gain":0,"player_choice":"Ignored","damage_taken":0,"max_hp_gain":0,"max_hp_loss":0,"event_name":"betterNote:BetterNote","floor":19,"gold_loss":0,"cards_obtained":["Double Energy"]},{"damage_healed":0,"gold_gain":0,"player_choice":"Fight","damage_taken":0,"max_hp_gain":0,"max_hp_loss":0,"event_name":"MindBloom","floor":36,"gold_loss":0},{"damage_healed":59,"gold_gain":0,"player_choice":"Writhe","damage_taken":0,"max_hp_gain":0,"max_hp_loss":0,"event_name":"Winding Halls","floor":37,"gold_loss":0,"cards_obtained":["Writhe"]}],"is_beta":false,"boss_relics":[{"not_picked":[]},{"not_picked":["Empty Cage","Fusion Hammer"],"picked":"hermit:DentedPlate"}],"items_purged_floors":[],"is_endless":false,"potions_floor_spawned":[4,11,16,18,21,22,29,33,36,42,44,45,46],"ascension_level":0}}