{"host":"jwvz9sqego1wo43x","time":1609000339,"event":{"mods":["AchievementEnabler","BaseMod","Colored Map","Downfall","GifTheSpireLib","Minty Spire (QoL Compilation)","StSLib"],"gold_per_floor":[99,99,99,99,99,130,130,147,147,51,36,46,46,62,82,183,183,133,153,171,186,586,586,634,652,680,680,780,791,741,775,795,899,899,849,863,883,897,897,897,897,913,863,913,788,806,819,833,850,850],"floor_reached":51,"playtime":2385,"items_purged":[],"score":799,"play_id":"3595dc1a-7f15-46f7-8abe-cde0a499777e","local_time":"20201226163219","is_ascension_mode":true,"campfire_choices":[{"data":"Slimebound:Split","floor":1,"key":"SMITH"},{"data":"Slimebound:SlimeBrawl","floor":13,"key":"SMITH"},{"data":"Slimebound:Nibble","floor":18,"key":"SMITH"},{"data":"Slimebound:CheckThePlaybook","floor":30,"key":"PURGE"},{"data":"Slimebound:SlimeBarrage","floor":35,"key":"SMITH"},{"data":"Slimebound:Darklings","floor":43,"key":"SMITH"},{"data":"expansioncontent:DecasProtection","floor":45,"key":"SMITH"}],"circlet_count":0,"master_deck":["Slimebound:Strike_Slimebound","Slimebound:Strike_Slimebound","Slimebound:Strike_Slimebound","Slimebound:Tackle","Slimebound:Defend_Slimebound","Slimebound:Defend_Slimebound","Slimebound:Defend_Slimebound","Slimebound:Defend_Slimebound","Slimebound:Split+1","Slimebound:CorrosiveSpit","Slimebound:Nibble+1","Slimebound:SpikyOuterGoop+1","Slimebound:LeechingTouch","Slimebound:SlimeBrawl+1","Slimebound:PressTheAttack","Slimebound:Recollect","Slimebound:GoopSpray","Slimebound:OneTwoCombo","Slimebound:ViciousTackle+1","Slimebound:SlimeBarrage+1","Slimebound:SlimeSpikes","Slimebound:ForwardTackle","Slimebound:SlimeTap","Slimebound:AcidTongue+1","Slimebound:MinionMaster+1","Slimebound:SelfFormingGoo+1","Slimebound:SpikyOuterGoop+1","expansioncontent:DecasProtection+1","Slimebound:Darklings+1","Slimebound:SlimeSpikes+1","Slimebound:CheckThePlaybook"],"relics":["Slimebound:AbsorbEndCombatUpgraded","downfall:HeartsMalice","Slimebound:GreedOozeRelic","Frozen Egg 2","Matryoshka","Happy Flower","Slimebound:ScrapOozeRelic","Old Coin","Singing Bowl","White Beast Statue","Smiling Mask","Slimebound:MaxSlimesRelic","downfall:GremlinWheel","Mummified Hand","Coffee Dripper","Shuriken","Torii","downfall:HeartBlessingGreen"],"acts_visited":["Exordium","TheCity","TheBeyond"],"potions_floor_usage":[11,19,22,22,28,37,50],"damage_taken":[{"damage":0,"enemies":"Jaw Worm","floor":2,"turns":1},{"damage":0,"enemies":"Small Slimes","floor":4,"turns":1},{"damage":0,"enemies":"Gremlin Nob","floor":6,"turns":1},{"damage":12,"enemies":"2 Louse","floor":8,"turns":2},{"damage":16,"enemies":"downfall:FleeingMerchant","floor":10,"turns":4},{"damage":25,"enemies":"downfall:FleeingMerchant","floor":11,"turns":4},{"damage":13,"enemies":"Exordium Thugs","floor":12,"turns":3},{"damage":3,"enemies":"Large Slime","floor":14,"turns":3},{"damage":5,"enemies":"3 Louse","floor":15,"turns":2},{"damage":25,"enemies":"downfall:Watcher","floor":16,"turns":5},{"damage":16,"enemies":"Spheric Guardian","floor":19,"turns":3},{"damage":8,"enemies":"Chosen","floor":20,"turns":3},{"damage":14,"enemies":"Snake Plant","floor":21,"turns":3},{"damage":6,"enemies":"Colosseum Nobs","floor":22,"turns":3},{"damage":13,"enemies":"Chosen and Byrds","floor":25,"turns":4},{"damage":45,"enemies":"Gremlin Leader","floor":26,"turns":4},{"damage":12,"enemies":"Gremlin Leader","floor":28,"turns":3},{"damage":27,"enemies":"Shelled Parasite and Fungi","floor":29,"turns":3},{"damage":35,"enemies":"Slavers","floor":31,"turns":3},{"damage":25,"enemies":"Centurion and Healer","floor":32,"turns":3},{"damage":16,"enemies":"downfall:Defect","floor":33,"turns":4},{"damage":14,"enemies":"Orb Walker","floor":36,"turns":3},{"damage":36,"enemies":"3 Darklings","floor":37,"turns":3},{"damage":20,"enemies":"Transient","floor":38,"turns":5},{"damage":44,"enemies":"Writhing Mass","floor":42,"turns":3},{"damage":13,"enemies":"Mind Bloom Boss Battle","floor":44,"turns":3},{"damage":12,"enemies":"Spire Growth","floor":46,"turns":3},{"damage":17,"enemies":"Sphere and 2 Shapes","floor":47,"turns":3},{"damage":10,"enemies":"3 Darklings","floor":48,"turns":3},{"damage":8,"enemies":"Spire Growth","floor":49,"turns":2},{"damage":21,"enemies":"downfall:Ironclad","floor":50,"turns":5}],"seed_played":"-7620714873067224949","potions_obtained":[{"floor":6,"key":"Fire Potion"},{"floor":8,"key":"FearPotion"},{"floor":12,"key":"GamblersBrew"},{"floor":15,"key":"DistilledChaos"},{"floor":16,"key":"DuplicationPotion"},{"floor":19,"key":"Fruit Juice"},{"floor":20,"key":"FairyPotion"},{"floor":22,"key":"Ancient Potion"},{"floor":25,"key":"Slimebound:ThreeZeroPotion"},{"floor":28,"key":"Swift Potion"},{"floor":37,"key":"PowerPotion"}],"is_trial":false,"path_per_floor":["R","M","?","M","?","E","T","M","?","$","$","M","R","M","M","B",null,"R","M","M","M","?","?","T","M","E","?","?","M","R","E","M","B",null,"R","M","M","M","?","?","T","M","R","?","R","M","M","M","M","B",null],"character_chosen":"SLIMEBOUND","items_purchased":["Slimebound:SlimeBrawl"],"campfire_rested":0,"item_purchase_floors":[10],"current_hp_per_floor":[60,60,60,60,60,60,60,58,58,58,47,44,44,43,40,31,60,60,65,65,65,65,65,65,67,45,45,51,52,52,49,59,63,63,63,58,42,67,67,67,67,45,45,52,52,68,71,73,75,75],"gold":850,"neow_bonus":"THREE_ENEMY_KILL","is_daily":false,"chose_seed":false,"campfire_upgraded":6,"win_rate":0.0,"timestamp":1609000339,"path_taken":["R","M","?","M","?","E","T","M","?","?","$","M","R","M","M","BOSS","R","M","M","M","?","?","T","?","E","?","?","M","R","E","M","BOSS","R","M","M","M","?","?","T","M","R","?","R","M","M","?","M","BOSS"],"items_purchased_type":["Card"],"build_version":"2020-12-22","purchased_purges":0,"victory":true,"max_hp_per_floor":[60,60,60,60,60,60,60,60,60,60,60,60,60,60,60,60,60,60,65,65,65,65,65,65,67,69,63,63,63,63,63,63,63,63,63,65,65,67,67,67,67,69,69,69,69,69,71,73,75,75],"card_choices":[{"not_picked":["Slimebound:SplitMire","Slimebound:SplitAcid"],"picked":"Slimebound:Nibble","floor":2},{"not_picked":["Slimebound:DivideAndConquer","Slimebound:ItLooksTasty","Slimebound:SamplingLick"],"picked":"SKIP","floor":4},{"not_picked":["Slimebound:ComboTackle","Slimebound:RainOfGoop","Slimebound:RollThrough"],"picked":"SKIP","floor":6},{"not_picked":["Slimebound:ComboTackle","Slimebound:SplitMire"],"picked":"Slimebound:SpikyOuterGoop+1","floor":8},{"not_picked":["Slimebound:ViciousTackle","Slimebound:SplitBruiser"],"picked":"Slimebound:LeechingTouch","floor":10},{"not_picked":["Slimebound:ViciousTackle","Slimebound:WasteNot"],"picked":"Slimebound:PressTheAttack","floor":11},{"not_picked":["Slimebound:SplitMire","Slimebound:RainOfGoop"],"picked":"Slimebound:Recollect","floor":12},{"not_picked":["Slimebound:SplitAcid","Slimebound:DivideAndConquer"],"picked":"Slimebound:GoopSpray","floor":14},{"not_picked":["Slimebound:FinishingTackle","Slimebound:TongueLash","Slimebound:ForwardTackle"],"picked":"SKIP","floor":15},{"not_picked":["Slimebound:MassRepurpose","Slimebound:OozeBath"],"picked":"Slimebound:OneTwoCombo","floor":16},{"not_picked":["Slimebound:BestDefense+1","Slimebound:SlimeSpikes"],"picked":"Slimebound:ViciousTackle+1","floor":19},{"not_picked":["Slimebound:ForwardTackle","Slimebound:HauntingLick"],"picked":"Slimebound:SlimeBarrage","floor":20},{"not_picked":["Slimebound:SamplingLick","Slimebound:ViciousTackle"],"picked":"Slimebound:SlimeSpikes","floor":21},{"not_picked":["Slimebound:GrowthPunch","Slimebound:Equalize"],"picked":"Slimebound:ForwardTackle","floor":22},{"not_picked":["Slimebound:Schlurp","Slimebound:RollThrough","Slimebound:LivingWall"],"picked":"Singing Bowl","floor":25},{"not_picked":["Slimebound:GoopSpray","Slimebound:LeechingTouch","Slimebound:LivingWall"],"picked":"Singing Bowl","floor":26},{"not_picked":["Slimebound:Replication","Slimebound:FinishingTackle"],"picked":"Slimebound:SlimeTap","floor":29},{"not_picked":["Slimebound:Prepare","Slimebound:Gluttony+1"],"picked":"Slimebound:AcidTongue+1","floor":31},{"not_picked":["Slimebound:DivideAndConquer","Slimebound:LeechEnergy+1"],"picked":"Slimebound:MinionMaster+1","floor":32},{"not_picked":["Slimebound:OozeBath","Slimebound:Overexert+1"],"picked":"Slimebound:SelfFormingGoo+1","floor":33},{"not_picked":["Slimebound:Equalize","Slimebound:GoopSpray","Slimebound:LeechingTouch+1"],"picked":"Singing Bowl","floor":36},{"not_picked":["Slimebound:GrowthPunch+1","Slimebound:ViciousTackle"],"picked":"Slimebound:SpikyOuterGoop+1","floor":37},{"not_picked":["Slimebound:ItLooksTasty+1","Slimebound:ViciousTackle","Slimebound:LeechEnergy"],"picked":"Singing Bowl","floor":38},{"not_picked":["expansioncontent:DefensiveMode+1","expansioncontent:AwakenDeath+1"],"picked":"expansioncontent:DecasProtection","floor":39},{"not_picked":["Slimebound:RollThrough","Slimebound:ViciousTackle+1","Slimebound:SplitAcid+1"],"picked":"Singing Bowl","floor":42},{"not_picked":["Slimebound:ProtectTheBoss+1","Slimebound:SplitAcid+1"],"picked":"Slimebound:SlimeSpikes+1","floor":44},{"not_picked":["Slimebound:Prepare+1","Slimebound:PressTheAttack+1"],"picked":"Slimebound:CheckThePlaybook","floor":46},{"not_picked":["Slimebound:GoopSpray+1","Slimebound:ViciousTackle","Slimebound:SplitAcid"],"picked":"Singing Bowl","floor":47},{"not_picked":["Slimebound:GrowthPunch+1","Slimebound:Schlurp","Slimebound:SlimeSpikes+1"],"picked":"Singing Bowl","floor":48},{"not_picked":["Slimebound:GrowthPunch","Slimebound:BestDefense+1","Slimebound:FlameTackle"],"picked":"Singing Bowl","floor":49}],"player_experience":485173,"relics_obtained":[{"floor":6,"key":"Matryoshka"},{"floor":7,"key":"Regal Pillow"},{"floor":7,"key":"Happy Flower"},{"floor":22,"key":"Old Coin"},{"floor":22,"key":"Singing Bowl"},{"floor":24,"key":"White Beast Statue"},{"floor":24,"key":"Smiling Mask"},{"floor":26,"key":"Slimebound:MaxSlimesRelic"},{"floor":28,"key":"downfall:GremlinWheel"},{"floor":31,"key":"Mummified Hand"},{"floor":41,"key":"Shuriken"},{"floor":44,"key":"Torii"}],"event_choices":[{"damage_healed":0,"gold_gain":0,"player_choice":"Ignored","damage_taken":0,"max_hp_gain":0,"max_hp_loss":0,"event_name":"Ghosts","floor":23,"gold_loss":0}],"is_beta":false,"boss_relics":[{"not_picked":["Cursed Key","Snecko Eye"],"picked":"Slimebound:AbsorbEndCombatUpgraded"},{"not_picked":["Calling Bell","Runic Dome"],"picked":"Coffee Dripper"}],"items_purged_floors":[],"is_endless":false,"potions_floor_spawned":[6,8,12,15,16,19,20,22,25,26,28,29,31,32,33,36,37,38,42,44,46,47,48,49],"ascension_level":1}}