{"host":"7nu0fnckee4tlfez","time":1609013212,"event":{"mods":["2.2 Compatiblity","AchievementEnabler","BaseMod","Colored Map","Lobotomy","LobotomyExtend","Marisa£¨Ùöéë¡¡Øª×âÞÞ£©","Minty Spire (QoL Compilation)","SuperFastMode"],"gold_per_floor":[118,138,148,148,158,187,187,212,265,265,277,277,297,308,308,410,410,421,432,432,53,53,53],"floor_reached":22,"playtime":1412,"items_purged":["Strike_G"],"score":223,"play_id":"4d6ceb74-0647-4a31-b978-116b15d7e69a","local_time":"20201227050652","is_ascension_mode":false,"campfire_choices":[{"floor":7.0,"key":"REST"},{"data":"Dagger Spray","floor":12.0,"key":"SMITH"},{"data":"Prepared","floor":15.0,"key":"SMITH"}],"circlet_count":0,"master_deck":["Strike_G","Strike_G","Strike_G+1","Strike_G","Defend_G","Defend_G","Defend_G","Defend_G","Defend_G","Survivor","Neutralize","Wellcheers","Prepared","PiercingWail","BigBird","Dagger Spray+1","CrumblingArmor","Dagger Spray","QueenOfHatred","Cloak And Dagger","Bloodbath","Outmaneuver","UniverseFragment","Prepared","ShyLook","Prepared+1","LittleHelper","Dodge and Roll","OldLady","Phantasmal Killer","Freischutz","Flying Knee","Dagger Throw+1"],"relics":["Ring of the Snake","CogitoBucket","LetterFromLob","Ancient Tea Set","HornCleat","Happy Flower","WristBlade","LuminousBracelet","Orichalcum","Whetstone"],"acts_visited":["Exordium","TheCity"],"potions_floor_usage":[16,16,16,19],"damage_taken":[{"damage":3.0,"enemies":"Jaw Worm","floor":1.0,"turns":4.0},{"damage":2.0,"enemies":"2 Louse","floor":2.0,"turns":4.0},{"damage":4.0,"enemies":"Small Slimes","floor":3.0,"turns":5.0},{"damage":3.0,"enemies":"3 Louse","floor":5.0,"turns":3.0},{"damage":28.0,"enemies":"Gremlin Nob","floor":6.0,"turns":5.0},{"damage":34.0,"enemies":"Lagavulin","floor":8.0,"turns":8.0},{"damage":8.0,"enemies":"Blue Slaver","floor":11.0,"turns":5.0},{"damage":4.0,"enemies":"Exordium Thugs","floor":13.0,"turns":5.0},{"damage":7.0,"enemies":"3 Louse","floor":14.0,"turns":6.0},{"damage":51,"enemies":"The Guardian","floor":16,"turns":16},{"damage":33,"enemies":"Shell Parasite","floor":18,"turns":11},{"damage":17,"enemies":"2 Thieves","floor":19,"turns":10},{"damage":55,"enemies":"2 Thieves","floor":22,"turns":3}],"seed_played":"-4739969123933063924","potions_obtained":[{"floor":2.0,"key":"Poison Potion"},{"floor":3.0,"key":"Dexterity Potion"},{"floor":5.0,"key":"Weak Potion"},{"floor":11.0,"key":"Strength Potion"},{"floor":13.0,"key":"PowerPotion"},{"floor":18,"key":"EssenceOfSteel"}],"is_trial":false,"path_per_floor":["M","M","M","?","M","E","R","E","T","?","M","R","M","M","R","B",null,"M","M","?","$","?"],"character_chosen":"THE_SILENT","items_purchased":["Orichalcum","Whetstone"],"campfire_rested":1,"item_purchase_floors":[21,21],"current_hp_per_floor":[67,70,67,72,72,48,70,45,45,45,47,47,53,49,49,26,75,50,56,56,56,0,0],"gold":53,"neow_bonus":"","is_daily":false,"chose_seed":false,"campfire_upgraded":2,"win_rate":0.0,"timestamp":1609013212,"path_taken":["M","M","M","?","M","E","R","E","T","?","M","R","M","M","R","BOSS","M","M","?","$","?"],"items_purchased_type":["Relic","Relic"],"build_version":"2020-12-22","purchased_purges":1,"victory":false,"max_hp_per_floor":[70,70,70,75,75,75,75,75,75,75,75,75,75,75,75,75,75,75,90,90,90,90,90],"card_choices":[{"not_picked":["Bloodbath","WallGazer"],"picked":"Wellcheers","floor":1.0},{"not_picked":["Heel Hook","Skewer"],"picked":"Prepared","floor":1.0},{"not_picked":["Murderer","CherryBlossoms"],"picked":"PunishingBird","floor":2.0},{"not_picked":["Acrobatics","Well Laid Plans"],"picked":"PiercingWail","floor":2.0},{"not_picked":["SnowQueen","VoidDream"],"picked":"BigBird","floor":3.0},{"not_picked":["Masterful Stab","Deflect"],"picked":"Dagger Spray","floor":3.0},{"not_picked":["BeautyBeast","WallGazer"],"picked":"CrumblingArmor","floor":5.0},{"not_picked":["Dagger Throw","Bane"],"picked":"Dagger Spray","floor":5.0},{"not_picked":["Mercenary","LittlePrince"],"picked":"QueenOfHatred","floor":6.0},{"not_picked":["Venomology","PiercingWail"],"picked":"Cloak And Dagger","floor":6.0},{"not_picked":["FairyFestival","Murderer"],"picked":"Bloodbath","floor":8.0},{"not_picked":["Calculated Gamble","Choke"],"picked":"Outmaneuver","floor":8.0},{"not_picked":["Rudolta","OSAHOGD"],"picked":"UniverseFragment","floor":11.0},{"not_picked":["Underhanded Strike","Footwork"],"picked":"Prepared","floor":11.0},{"not_picked":["Variant","Scorched"],"picked":"ShyLook","floor":13.0},{"not_picked":["Malaise","Outmaneuver"],"picked":"Prepared","floor":13.0},{"not_picked":["OSAHOGD","Porccubus"],"picked":"LittleHelper","floor":14.0},{"not_picked":["Cloak And Dagger","Riddle With Holes"],"picked":"Dodge and Roll","floor":14.0},{"not_picked":["Murderer","CherryBlossoms"],"picked":"OldLady","floor":16},{"not_picked":["Corpse Explosion","Glass Knife"],"picked":"Phantasmal Killer","floor":16},{"not_picked":["SingingMachine","Variant"],"picked":"Freischutz","floor":18},{"not_picked":["Dagger Spray","Bane"],"picked":"Flying Knee","floor":18},{"not_picked":["Reflex","Eviscerate"],"picked":"Dagger Throw","floor":19}],"player_experience":38843,"relics_obtained":[{"floor":1.0,"key":"LetterFromLob"},{"floor":6.0,"key":"Ancient Tea Set"},{"floor":8.0,"key":"HornCleat"},{"floor":9.0,"key":"Happy Flower"}],"event_choices":[{"damage_healed":0.0,"max_hp_gain":5.0,"max_hp_loss":0.0,"gold_gain":0.0,"event_name":"Big Fish","player_choice":"Donut","floor":4.0,"gold_loss":0.0,"damage_taken":0.0},{"cards_removed":["PunishingBird"],"damage_healed":0.0,"max_hp_gain":0.0,"max_hp_loss":0.0,"gold_gain":0.0,"event_name":"Living Wall","player_choice":"Forget","floor":10.0,"gold_loss":0.0,"damage_taken":0.0},{"damage_healed":0,"gold_gain":0,"player_choice":"Ignored","damage_taken":0,"max_hp_gain":0,"max_hp_loss":0,"event_name":"Cursed Tome","floor":20,"gold_loss":0}],"is_beta":false,"boss_relics":[{"not_picked":["Ring of the Serpent","SlaversCollar"],"picked":"WristBlade"}],"items_purged_floors":[21],"is_endless":false,"potions_floor_spawned":[2,3,5,11,13,18],"killed_by":"2 Thieves","ascension_level":0}}