{"host":"enmin8e0t0h2jpek","time":1609012612,"event":{"mods":["AchievementEnabler","BaseMod","Colored Map","Colored Powertips","DeckTracker","Highlight Path","Minty Spire (QoL Compilation)","Quick Restart","Rare Cards Sparkle","Relic Stats","Replay The Spire","Shop Mod","StSLib","SuperFastMode","The Sage","slay the spire mod where everything is the same but ironclad has a cowboy hat"],"gold_per_floor":[113,113,125,125,139,139,158,158,185,185,185,58,58,58,76,87,87,183,283,299,309,309,309,329,329,532,532,532,532,545,562,562,562,562],"floor_reached":33,"playtime":2189,"items_purged":["Spreading Infection"],"score":237,"play_id":"cfe10cef-d6fd-40b2-95cd-247fc0276d0a","local_time":"20201226205652","is_ascension_mode":false,"campfire_choices":[{"data":"Thunderclap","floor":6,"key":"SMITH"},{"data":"Seeing Red","floor":8,"key":"SMITH"},{"data":"Bash","floor":10,"key":"SMITH"},{"floor":25,"key":"REST"},{"data":"Demon Form","floor":27,"key":"SMITH"},{"data":"Perfected Strike","floor":29,"key":"SMITH"}],"circlet_count":0,"master_deck":["Strike_R","Strike_R","Strike_R","Strike_R","Strike_R","Defend_R","Defend_R","Defend_R","Defend_R","Bash+1","Armaments","Heavy Blade+1","Bandage Up","Seeing Red+1","Thunderclap+1","Pummel","Amnesia","ReplayTheSpireMod:Muscle Training+1","Clothesline","Twin Strike","Demon Form+1","Flame Barrier","Pommel Strike","Perfected Strike+1","ReplayTheSpireMod:Splinters","Thunderclap+1","Dropkick","Anger","RitualDagger"],"relics":["Burning Blood","MealTicket","ReplayTheSpireMod:Ring of Challenge","Replay:Wanted Poster","Bottled Lightning","Garlic"],"acts_visited":["Exordium","TheCity"],"potions_floor_usage":[],"damage_taken":[{"damage":10,"enemies":"Small Slimes","floor":1,"turns":3},{"damage":1,"enemies":"Cultist","floor":3,"turns":3},{"damage":7,"enemies":"2 Louse","floor":5,"turns":4},{"damage":15,"enemies":"Exordium Thugs","floor":7,"turns":4},{"damage":19,"enemies":"Red Slaver","floor":15,"turns":4},{"damage":14,"enemies":"3 Louse","floor":16,"turns":4},{"damage":90,"enemies":"The Guardian","floor":18,"turns":12},{"damage":9,"enemies":"3 Byrds","floor":20,"turns":5},{"damage":43,"enemies":"2 Thieves","floor":21,"turns":5},{"damage":31,"enemies":"Snake Plant","floor":24,"turns":4},{"damage":28,"enemies":"Centurion and Healer","floor":30,"turns":6},{"damage":44,"enemies":"Sentry and Sphere","floor":31,"turns":6},{"damage":8,"enemies":"Snake Plant","floor":33,"turns":1}],"seed_played":"-625973406296975596","potions_obtained":[{"floor":3,"key":"Energy Potion"},{"floor":15,"key":"SpeedPotion"},{"floor":18,"key":"PowerPotion"},{"floor":20,"key":"BloodPotion"}],"is_trial":false,"path_per_floor":["M","?","M","?","M","R","M","R","T","R","?","$","PTL","PTL","M","M","R_BF","B",null,"M","M","T","?","M","R","?","R","T","R","M","M","?","M"],"character_chosen":"IRONCLAD","items_purchased":["ReplayTheSpireMod:Muscle Training+1"],"campfire_rested":1,"item_purchase_floors":[12],"current_hp_per_floor":[84,89,93,93,92,92,83,83,83,83,83,93,93,93,80,76,93,13,93,93,60,60,60,39,66,66,66,66,66,48,14,8,0,0],"gold":562,"neow_bonus":"TEN_PERCENT_HP_BONUS","is_daily":false,"chose_seed":false,"campfire_upgraded":5,"win_rate":0.0,"timestamp":1609012612,"path_taken":["M","?","M","?","M","R","?","R","T","R","?","?","PTL","PTL","M","M","R_BF","BOSS","M","M","?","?","M","R","?","R","T","R","M","?","?","M"],"items_purchased_type":["Card"],"build_version":"2020-12-22","purchased_purges":1,"victory":false,"max_hp_per_floor":[88,93,93,93,93,93,93,93,93,93,93,93,93,93,93,93,93,93,93,93,93,93,93,93,93,93,93,93,93,93,93,93,93,93],"relic_stats":{"counters":[13,61],"MealTicket":10,"obtain_stats":[{"Replay:Wanted Poster":19,"MealTicket":9,"Garlic":28,"Bottled Lightning":22,"ReplayTheSpireMod:Ring of Challenge":11,"Burning Blood":0},{"Replay:Wanted Poster":7,"MealTicket":4,"Garlic":10,"Bottled Lightning":9,"ReplayTheSpireMod:Ring of Challenge":4,"Burning Blood":0},{"Replay:Wanted Poster":34,"MealTicket":14,"Garlic":48,"Bottled Lightning":44,"ReplayTheSpireMod:Ring of Challenge":14,"Burning Blood":0}],"Burning Blood":70},"card_choices":[{"not_picked":["Pommel Strike","Infernal Blade"],"picked":"Armaments","floor":1},{"not_picked":["Reckless Charge","Dark Embrace"],"picked":"Heavy Blade","floor":3},{"not_picked":["Sword Boomerang","Rupture"],"picked":"Thunderclap","floor":5},{"not_picked":["Replay:Undeath\u0027s Touch","Rupture"],"picked":"Pummel","floor":7},{"not_picked":["Rupture","Searing Blow"],"picked":"Clothesline","floor":15},{"not_picked":["Headbutt","Massacre"],"picked":"Twin Strike","floor":16},{"not_picked":["Berserk","Hemogenesis"],"picked":"Demon Form","floor":18},{"not_picked":["Body Slam","Clash"],"picked":"Flame Barrier","floor":20},{"not_picked":["Pummel","Entrench"],"picked":"Pommel Strike","floor":21},{"not_picked":["Thunderclap","Second Wind"],"picked":"Perfected Strike","floor":24},{"not_picked":["Armaments","ReplayTheSpireMod:Strike From Hell"],"picked":"Thunderclap+1","floor":26},{"not_picked":["Whirlwind","ReplayTheSpireMod:Strike From Hell"],"picked":"Dropkick","floor":30},{"not_picked":["Clash","Whirlwind"],"picked":"Anger","floor":31}],"player_experience":13486,"relics_obtained":[{"floor":9,"key":"MealTicket"},{"floor":11,"key":"ReplayTheSpireMod:Ring of Challenge"},{"floor":22,"key":"Bottled Lightning"},{"floor":28,"key":"Garlic"}],"event_choices":[{"damage_healed":0,"gold_gain":0,"player_choice":"Donut","damage_taken":0,"max_hp_gain":5,"max_hp_loss":0,"event_name":"Big Fish","floor":2,"gold_loss":0},{"damage_healed":0,"gold_gain":0,"player_choice":"3 cards matched","damage_taken":0,"max_hp_gain":0,"max_hp_loss":0,"event_name":"Match and Keep!","floor":4,"gold_loss":0,"cards_obtained":["Bandage Up","Seeing Red","Spreading Infection"]},{"damage_healed":0,"gold_gain":0,"player_choice":"Joined the Cult","damage_taken":6,"max_hp_gain":0,"max_hp_loss":0,"event_name":"Nest","floor":32,"gold_loss":0,"cards_obtained":["RitualDagger"]}],"is_beta":false,"boss_relics":[{"not_picked":["SlaversCollar","Electric Blood"],"picked":"Replay:Wanted Poster"}],"items_purged_floors":[12],"is_endless":false,"potions_floor_spawned":[3,15,18,20,24],"killed_by":"Snake Plant","ascension_level":0}}