{"host":"2uzrezb18q7r18aw","time":1609005174,"event":{"mods":["Act Like it!","BaseMod","Gensokyo","Koishi","Minty Spire (QoL Compilation)","StSLib"],"gold_per_floor":[118,118,118,118,118,151,181,181,181,18,28,128,201,231,231,334,334,351,351,125,225,165,199,199,199,254,266,443,443,469,0,0,99,99,117,130,50,50,60,90,119,119,119,119,130,148,169,57,57,47],"floor_reached":51,"playtime":2357,"items_purged":["Gensokyo:AllTheWorldsEvil","Regret","Gensokyo:ImpossibleRequest"],"score":1156,"play_id":"414a793e-844b-480c-9004-4b96dd038ce7","local_time":"20201227025254","daily_mods":["SealedDeck","Heirloom","Time Dilation","Flight"],"is_ascension_mode":false,"campfire_choices":[{"data":"Koishi:FidgetySnatcher","floor":8,"key":"SMITH"},{"data":"Koishi:Catatonia","floor":15,"key":"SMITH"},{"data":"Koishi:PredatoryInstincts","floor":32,"key":"SMITH"},{"data":"Koishi:MindStellarRelief","floor":49,"key":"SMITH"}],"circlet_count":0,"master_deck":["Koishi:SubterraneanRose","Koishi:HeartfeltFancy+1","Koishi:ParalyzingFear","Koishi:StingingMind+1","Koishi:TremblingHands+1","Koishi:Catatonia+1","Koishi:PredatoryInstincts+1","Koishi:UnconsciousUprising+1","Koishi:FidgetySnatcher+1","Koishi:MindStellarRelief","Koishi:MindStellarRelief+1","Gensokyo:LittleGreenMen+1","Koishi:RoseHell+1","CurseOfTheBell","Clumsy","Koishi:RollingInRichesHeart+1","Koishi:YoukaiPolygraph+1"],"relics":["Koishi:ImaginaryFriend","Ginger","Singing Bowl","Tiny Chest","Gensokyo:Justice","InkBottle","Koishi:BloodstainedWhiteRose","Regal Pillow","The Courier","Ancient Tea Set","Lizard Tail","MealTicket","Cursed Key","Pocketwatch","DollysMirror","Calipers","CaptainsWheel","Oddly Smooth Stone","Toxic Egg 2","Gensokyo:ConquerorOfFear","Matryoshka","Akabeko","Art of War","Bottled Tornado","Koishi:TeethAndClaws","Calling Bell","Toy Ornithopter","Kunai","Turnip","Boot","Darkstone Periapt","Smiling Mask","Bottled Lightning","Koishi:LettersToReimu","Molten Egg 2","Question Card"],"acts_visited":["Exordium","Gensokyo:Gensokyo","Gensokyo:Gensokyoer"],"potions_floor_usage":[21,23,28,33,41,50],"damage_taken":[{"damage":0,"enemies":"Gensokyo:Gryphon","floor":1,"turns":3},{"damage":2,"enemies":"Gensokyo:Mamizou","floor":6,"turns":8},{"damage":0,"enemies":"Gensokyo:Aya","floor":7,"turns":5},{"damage":6,"enemies":"Gensokyo:2_Kodama","floor":11,"turns":5},{"damage":18,"enemies":"Gensokyo:Cirno","floor":14,"turns":8},{"damage":5,"enemies":"Gensokyo:Reimu","floor":16,"turns":8},{"damage":26,"enemies":"Gensokyo:3_Dogs","floor":18,"turns":5},{"damage":10,"enemies":"Gensokyo:3_Dogs","floor":21,"turns":7},{"damage":13,"enemies":"Gensokyo:Tenshi","floor":23,"turns":4},{"damage":10,"enemies":"Gensokyo:CosmicMonolith","floor":27,"turns":3},{"damage":17,"enemies":"Gensokyo:Reisen","floor":28,"turns":4},{"damage":28,"enemies":"Gensokyo:Tenshi","floor":30,"turns":3},{"damage":28,"enemies":"Gensokyo:Kaguya","floor":33,"turns":8},{"damage":2,"enemies":"Gensokyo:3_Boulders","floor":35,"turns":3},{"damage":3,"enemies":"Gensokyo:AncientGuardian","floor":36,"turns":4},{"damage":0,"enemies":"Gensokyo:Sharpion","floor":39,"turns":4},{"damage":5,"enemies":"Gensokyo:Marisa","floor":40,"turns":4},{"damage":2,"enemies":"Gensokyo:Kasen","floor":41,"turns":5},{"damage":5,"enemies":"Gensokyo:4_Bats","floor":45,"turns":4},{"damage":5,"enemies":"Gensokyo:Doremy","floor":46,"turns":4},{"damage":0,"enemies":"Gensokyo:Marisa","floor":47,"turns":3},{"damage":1,"enemies":"Gensokyo:Shinki","floor":50,"turns":10}],"seed_played":"-685321374892396692","potions_obtained":[{"floor":1,"key":"Regen Potion"},{"floor":11,"key":"DuplicationPotion"},{"floor":16,"key":"CultistPotion"},{"floor":18,"key":"LiquidBronze"},{"floor":27,"key":"Fruit Juice"},{"floor":30,"key":"Dexterity Potion"},{"floor":35,"key":"Fire Potion"},{"floor":36,"key":"BlessingOfTheForge"},{"floor":41,"key":"GamblersBrew"}],"is_trial":true,"path_per_floor":["M","$","T","?","?","E","E","R","T","COS","M","?","T","E","R","B",null,"M","T","COS","?","$","E","?","T","T","M","E","?","E","?","R","B",null,"M","M","$","T","M","E","E","?","T","?","M","E","E","$","R","B",null],"character_chosen":"KOISHI","items_purchased":["Koishi:YoukaiPolygraph+1"],"campfire_rested":0,"item_purchase_floors":[48],"current_hp_per_floor":[60,60,60,48,48,56,62,62,62,62,66,66,66,52,52,68,68,63,63,63,66,72,72,72,72,72,71,76,75,60,60,60,53,77,79,81,81,81,83,85,87,87,93,93,95,97,99,99,99,99],"gold":47,"neow_bonus":"","is_daily":false,"chose_seed":false,"campfire_upgraded":4,"win_rate":0.0,"timestamp":1609005174,"path_taken":["M","?","?","?","?","E","E","R","T","COS","?","?","?","E","R","BOSS","M","?","COS","?","$","E","?","?","T","?","E","?","E","?","R","BOSS","M","M","$","?","?","E","E","?","T","?","M","E","E","$","R","BOSS"],"items_purchased_type":["Card"],"build_version":"2020-12-22","purchased_purges":3,"victory":true,"max_hp_per_floor":[60,60,60,60,60,62,64,64,64,64,66,66,66,68,68,68,68,70,70,70,72,72,74,74,74,74,76,83,75,77,77,77,77,77,79,81,81,81,83,85,87,87,93,93,95,97,99,99,99,99],"card_choices":[{"not_picked":["Koishi:SubconsciousSweep","Koishi:UnconsciousUrges"],"picked":"Koishi:ApparitionsStalkTheNight","floor":1},{"not_picked":["Koishi:FreudianInstinct","Koishi:ParalyzingFear","Koishi:PhantomBarrier"],"picked":"Singing Bowl","floor":6},{"not_picked":["Koishi:UnansweredLove","Koishi:StingingMind","Koishi:UnconsciousUprising"],"picked":"Singing Bowl","floor":7},{"not_picked":["Koishi:DanmakuParanoia","Koishi:ReflexRadar","Koishi:Vanish"],"picked":"Singing Bowl","floor":11},{"not_picked":["Koishi:UnconsciousUrges","Koishi:DNAsFlaw","Koishi:TremblingHands"],"picked":"Singing Bowl","floor":14},{"not_picked":["Koishi:GrowingPain","Koishi:RollingInRichesHeart"],"picked":"Koishi:MindStellarRelief","floor":16},{"not_picked":["Koishi:BramblyRoseGarden","Koishi:RacingHeart","Koishi:ReflexRadar+1"],"picked":"Singing Bowl","floor":18},{"not_picked":["Koishi:ReflexRadar","Koishi:FidgetySnatcher","Koishi:VengefulSpirit"],"picked":"Singing Bowl","floor":21},{"not_picked":["Koishi:DNAsFlaw+1","Koishi:ApparitionsStalkTheNight+1","Koishi:StrangeCloudFist+1"],"picked":"Singing Bowl","floor":23},{"not_picked":["Koishi:ApparitionsStalkTheNight+1","Koishi:Vanish+1","Koishi:SpiritedAway+1"],"picked":"Singing Bowl","floor":27},{"not_picked":["Koishi:EmbersOfLove+1","Koishi:ParalyzingFear","Koishi:BramblyRoseGarden"],"picked":"Singing Bowl","floor":28},{"not_picked":["Gensokyo:SlitMouthedWoman+1","Gensokyo:MenInBlack+1"],"picked":"Gensokyo:LittleGreenMen+1","floor":29},{"not_picked":["Koishi:PhantomStrike+1","Koishi:Heartbroken","Koishi:YoukaiPolygraph"],"picked":"Singing Bowl","floor":30},{"not_picked":["Koishi:SuperEgo","Koishi:Heartbroken"],"picked":"Koishi:RoseHell+1","floor":33},{"not_picked":["Koishi:TremblingHands+1","Koishi:Bloodlust+1","Koishi:LastRemote"],"picked":"Singing Bowl","floor":35},{"not_picked":["Koishi:UnansweredLove+1","Koishi:Possession+1","Koishi:Vanish+1"],"picked":"Singing Bowl","floor":36},{"not_picked":["Koishi:UnconsciousUprising+1","Koishi:ConditionedTeleport+1","Koishi:UnansweredLove+1"],"picked":"Singing Bowl","floor":39},{"not_picked":["Koishi:Possession+1","Koishi:HeartfeltFancy+1","Koishi:HeartAttack+1"],"picked":"Singing Bowl","floor":40},{"not_picked":["Koishi:UnconsciousUprising+1","Koishi:SpiritedAway","Koishi:UnansweredLove+1"],"picked":"Singing Bowl","floor":41},{"not_picked":["Koishi:SpiritedAway+1","Koishi:PhantomBarrier+1","Koishi:ConfinedInnocent"],"picked":"Singing Bowl","floor":45},{"not_picked":["Koishi:UnconsciousUprising+1","Koishi:SubterraneanRose+1","Koishi:ReflexRadar+1"],"picked":"Singing Bowl","floor":46},{"not_picked":["Koishi:HeartfeltFancy+1","Koishi:PhilosophyOfTheDespised+1","Koishi:SprinkleStarAndHeart+1"],"picked":"Singing Bowl","floor":47}],"player_experience":584773,"relics_obtained":[{"floor":3,"key":"Singing Bowl"},{"floor":6,"key":"InkBottle"},{"floor":7,"key":"Koishi:BloodstainedWhiteRose"},{"floor":9,"key":"Regal Pillow"},{"floor":13,"key":"The Courier"},{"floor":14,"key":"Lizard Tail"},{"floor":19,"key":"Pocketwatch"},{"floor":21,"key":"Calipers"},{"floor":21,"key":"CaptainsWheel"},{"floor":23,"key":"Toxic Egg 2"},{"floor":25,"key":"Matryoshka"},{"floor":26,"key":"Akabeko"},{"floor":26,"key":"Art of War"},{"floor":27,"key":"Gensokyo:ConquerorOfFear"},{"floor":28,"key":"Bottled Tornado"},{"floor":30,"key":"Koishi:TeethAndClaws"},{"floor":34,"key":"Toy Ornithopter"},{"floor":34,"key":"Kunai"},{"floor":34,"key":"Turnip"},{"floor":38,"key":"Boot"},{"floor":38,"key":"Darkstone Periapt"},{"floor":40,"key":"Smiling Mask"},{"floor":41,"key":"Bottled Lightning"},{"floor":43,"key":"Koishi:LettersToReimu"},{"floor":46,"key":"Molten Egg 2"},{"floor":47,"key":"Question Card"}],"event_choices":[],"is_beta":false,"boss_relics":[{"not_picked":["Philosopher\u0027s Stone","SlaversCollar"],"picked":"Cursed Key"},{"not_picked":["Empty Cage","Busted Crown"],"picked":"Calling Bell"}],"items_purged_floors":[22,37,48],"is_endless":false,"potions_floor_spawned":[1,11,16,18,27,30,35,36,41,46],"ascension_level":0}}