{"host":"m3herrhkesxm9ooc","time":1609004109,"event":{"mods":["BaseMod","Hermit","Minty Spire (QoL Compilation)","StSLib","The Hierophant"],"gold_per_floor":[310,203,203,215,215,215,250,261,286,251,280,360,43,59,59,134,134,153,173,173,18,33,33,33,33],"floor_reached":24,"playtime":704,"items_purged":[],"score":367,"play_id":"d06b9ca1-b016-437b-a552-de16d4569be3","local_time":"20201227023509","is_ascension_mode":true,"campfire_choices":[{"floor":6,"key":"REST"},{"data":"hermit:LoneWolf","floor":15,"key":"SMITH"},{"floor":23,"key":"REST"}],"circlet_count":0,"master_deck":["AscendersBane","hermit:Strike_Hermit+1","hermit:Strike_Hermit","hermit:Strike_Hermit","hermit:Strike_Hermit","hermit:Defend_Hermit","hermit:Defend_Hermit","hermit:Defend_Hermit","hermit:Defend_Hermit","hermit:Snapshot","hermit:Covet","hermit:HighCaliber","hermit:Glare","hermit:Malice","hermit:LowProfile","hermit:Shortfuse+1","hermit:WideOpen","hermit:Snipe","hermit:LoneWolf+1","hermit:DeadOrAlive","hermit:Showdown","hermit:Ricochet","Enlightenment","hermit:HeroicBravado"],"relics":["hermit:Momento","Old Coin","Lantern","Nunchaku","Whetstone","Pocketwatch","Frozen Egg 2","Lee\u0027s Waffle","Pen Nib","hermit:BartenderGlass"],"acts_visited":["Exordium","TheCity"],"potions_floor_usage":[7,16,19,22,22,22,22],"damage_taken":[{"damage":3,"enemies":"2 Louse","floor":1,"turns":3},{"damage":15,"enemies":"Small Slimes","floor":4,"turns":3},{"damage":20,"enemies":"Lagavulin","floor":7,"turns":6},{"damage":0,"enemies":"Cultist","floor":8,"turns":2},{"damage":25,"enemies":"3 Sentries","floor":11,"turns":7},{"damage":9,"enemies":"2 Fungi Beasts","floor":14,"turns":2},{"damage":26,"enemies":"Hexaghost","floor":16,"turns":6},{"damage":12,"enemies":"Chosen","floor":18,"turns":3},{"damage":21,"enemies":"Shell Parasite","floor":19,"turns":3},{"damage":6,"enemies":"Snake Plant","floor":22,"turns":3},{"damage":57,"enemies":"Book of Stabbing","floor":24,"turns":4}],"seed_played":"2303687813609029538","potions_obtained":[{"floor":1,"key":"SkillPotion"},{"floor":11,"key":"FearPotion"},{"floor":14,"key":"Fire Potion"},{"floor":19,"key":"BlessingOfTheForge"}],"is_trial":false,"path_per_floor":["M","$","?","M","?","R","E","M","T","?","E","T","$","M","R","B",null,"M","M","?","$","M","R","E"],"character_chosen":"HERMIT","items_purchased":["hermit:Glare","hermit:Malice","Lee\u0027s Waffle","Pen Nib","Enlightenment","Dexterity Potion"],"campfire_rested":2,"item_purchase_floors":[2,2,13,13,21,21],"current_hp_per_floor":[61,61,50,35,35,56,36,36,36,53,28,28,78,69,69,43,69,57,36,36,36,30,53,0,0],"gold":33,"neow_bonus":"ONE_RARE_RELIC","is_daily":false,"chose_seed":false,"campfire_upgraded":1,"win_rate":0.0,"timestamp":1609004109,"path_taken":["M","$","?","M","?","R","E","?","T","?","E","?","$","M","R","BOSS","M","M","?","$","M","R","E"],"items_purchased_type":["Card","Card","Relic","Relic","Card","Potion"],"build_version":"2020-12-22","purchased_purges":0,"victory":false,"max_hp_per_floor":[71,71,71,71,71,71,71,71,71,71,71,71,78,78,78,78,78,78,78,78,78,78,78,78,78],"card_choices":[{"not_picked":["hermit:Roulette","hermit:Vantage"],"picked":"hermit:HighCaliber","floor":1},{"not_picked":["hermit:Malice","hermit:ItchyTrigger"],"picked":"hermit:LowProfile","floor":4},{"not_picked":["hermit:BodyArmor","hermit:PistolWhip"],"picked":"hermit:Shortfuse","floor":7},{"not_picked":["hermit:Midnight","hermit:HighCaliber"],"picked":"hermit:WideOpen","floor":8},{"not_picked":["hermit:Scavenge","hermit:BigShot"],"picked":"hermit:Snipe","floor":11},{"not_picked":["hermit:SprayPray","hermit:Manifest"],"picked":"hermit:LoneWolf","floor":14},{"not_picked":["hermit:OverwhelmingPower+1","hermit:Reprieve"],"picked":"hermit:DeadOrAlive","floor":16},{"not_picked":["hermit:Glare","hermit:FullyLoaded"],"picked":"hermit:Showdown","floor":18},{"not_picked":["hermit:LowProfile","hermit:Feint"],"picked":"hermit:Ricochet","floor":19},{"not_picked":["hermit:Glare","hermit:Quickdraw"],"picked":"hermit:HeroicBravado","floor":22}],"player_experience":655716,"relics_obtained":[{"floor":7,"key":"Nunchaku"},{"floor":9,"key":"Whetstone"},{"floor":11,"key":"Pocketwatch"},{"floor":12,"key":"Frozen Egg 2"}],"event_choices":[{"damage_healed":0,"gold_gain":0,"player_choice":"Success","damage_taken":11,"relics_obtained":["Lantern"],"max_hp_gain":0,"max_hp_loss":0,"event_name":"Scrap Ooze","floor":3,"gold_loss":0},{"damage_healed":0,"gold_gain":0,"player_choice":"Ignored","damage_taken":0,"max_hp_gain":0,"max_hp_loss":0,"event_name":"Transmorgrifier","floor":5,"gold_loss":0},{"damage_healed":17,"gold_gain":0,"player_choice":"Healed","damage_taken":0,"max_hp_gain":0,"max_hp_loss":0,"event_name":"The Cleric","floor":10,"gold_loss":35},{"damage_healed":0,"gold_gain":0,"player_choice":"Ignored","damage_taken":0,"max_hp_gain":0,"max_hp_loss":0,"event_name":"Vampires","floor":20,"gold_loss":0}],"is_beta":false,"boss_relics":[{"not_picked":["Pandora\u0027s Box","Runic Pyramid"],"picked":"hermit:BartenderGlass"}],"items_purged_floors":[],"is_endless":false,"potions_floor_spawned":[1,11,14,19],"killed_by":"Book of Stabbing","ascension_level":16}}