{"host":"BK","time":1609018712,"event":{"mods":["BaseMod","Highlight Path","Minty Spire (QoL Compilation)","StSLib"],"gold_per_floor":[99,99,99,99,10,10,10,10,10,10,10,10,10,10,10,10,10],"floor_reached":16,"playtime":681,"items_purged":[],"score":286,"play_id":"b58c3df7-6b53-4dc0-ac72-4ab06c6ff650","local_time":"20201226143832","is_ascension_mode":true,"campfire_choices":[{"data":"Riddle With Holes","floor":6,"key":"SMITH"},{"data":"Dagger Throw","floor":8,"key":"SMITH"},{"data":"Deadly Poison","floor":13,"key":"SMITH"},{"floor":15,"key":"REST"}],"circlet_count":0,"master_deck":["AscendersBane","Strike_G","Strike_G","Strike_G","Strike_G","Strike_G","Defend_G","Defend_G","Defend_G","Defend_G","Defend_G","Survivor","Neutralize","Dagger Throw+1","Acrobatics","Deadly Poison+1","Riddle With Holes+1","Backflip","Leg Sweep","PiercingWail","Heel Hook"],"relics":["Ectoplasm","Akabeko","Lantern","Letter Opener","Eternal Feather"],"acts_visited":["Exordium"],"potions_floor_usage":[7,10,16,16],"damage_taken":[{"damage":5,"enemies":"Small Slimes","floor":1,"turns":5},{"damage":0,"enemies":"Cultist","floor":3,"turns":4},{"damage":3,"enemies":"2 Louse","floor":4,"turns":2},{"damage":17,"enemies":"Lagavulin","floor":7,"turns":5},{"damage":20,"enemies":"Gremlin Nob","floor":10,"turns":4},{"damage":0,"enemies":"3 Sentries","floor":12,"turns":6},{"damage":0,"enemies":"2 Fungi Beasts","floor":14,"turns":2},{"damage":62,"enemies":"Slime Boss","floor":16,"turns":12}],"seed_played":"2068386727005828439","potions_obtained":[{"floor":2,"key":"Block Potion"},{"floor":2,"key":"Poison Potion"},{"floor":7,"key":"Fruit Juice"},{"floor":12,"key":"Poison Potion"}],"is_trial":false,"path_per_floor":["M","?","M","M","$","R","E","R","T","E","?","E","R","M","R","B"],"character_chosen":"THE_SILENT","items_purchased":["Riddle With Holes"],"campfire_rested":1,"item_purchase_floors":[5],"current_hp_per_floor":[54,54,54,51,51,51,34,34,34,14,14,14,26,26,57,0,0],"gold":10,"neow_bonus":"BOSS_RELIC","is_daily":false,"chose_seed":false,"campfire_upgraded":3,"win_rate":0.0,"timestamp":1609018712,"path_taken":["M","?","M","M","?","R","E","R","T","E","?","E","R","M","R","BOSS"],"items_purchased_type":["Card"],"build_version":"2020-12-18","purchased_purges":0,"victory":false,"max_hp_per_floor":[66,66,66,66,66,66,66,66,66,66,66,66,66,66,66,71,71],"card_choices":[{"not_picked":["Flying Knee","Noxious Fumes"],"picked":"Dagger Throw","floor":1},{"not_picked":["Prepared","Tools of the Trade"],"picked":"Acrobatics","floor":3},{"not_picked":["PiercingWail","Bane"],"picked":"Deadly Poison","floor":4},{"not_picked":["Choke","Outmaneuver"],"picked":"Backflip","floor":7},{"not_picked":["Caltrops","Underhanded Strike"],"picked":"Leg Sweep","floor":10},{"not_picked":["Storm of Steel","Riddle With Holes"],"picked":"PiercingWail","floor":12},{"not_picked":["Dodge and Roll","Quick Slash"],"picked":"Heel Hook","floor":14}],"player_experience":2440685,"relics_obtained":[{"floor":7,"key":"Akabeko"},{"floor":9,"key":"Lantern"},{"floor":10,"key":"Letter Opener"},{"floor":12,"key":"Eternal Feather"}],"event_choices":[{"damage_healed":0,"gold_gain":0,"player_choice":"Got Potions","damage_taken":0,"max_hp_gain":0,"max_hp_loss":0,"event_name":"Lab","floor":2,"gold_loss":0},{"damage_healed":0,"gold_gain":0,"player_choice":"Ignored","damage_taken":0,"max_hp_gain":0,"max_hp_loss":0,"event_name":"Liars Game","floor":11,"gold_loss":0}],"is_beta":true,"boss_relics":[],"items_purged_floors":[],"is_endless":false,"potions_floor_spawned":[3,7,12],"killed_by":"Slime Boss","ascension_level":20}}