{"host":"1c52r9kaxdyo25eq","time":1609019020,"event":{"mods":["AchievementEnabler","BaseMod","Minty Spire (QoL Compilation)","Rare Cards Sparkle","SuperFastMode","everything is the same but u backflip on backflip"],"gold_per_floor":[109,34,52,23,39,39,54,54,81,81,97,110,121,121,121,199,199,209,222,147,163,213,213,213,213],"floor_reached":24,"playtime":586,"items_purged":["Strike_G"],"score":380,"play_id":"e15565e0-d212-4242-ad44-ddfc348e2827","local_time":"20201227064340","is_ascension_mode":true,"campfire_choices":[{"data":"Prepared","floor":6,"key":"SMITH"},{"data":"Deadly Poison","floor":8,"key":"SMITH"},{"floor":15,"key":"REST"},{"floor":23,"key":"REST"}],"circlet_count":0,"master_deck":["AscendersBane","Strike_G","Defend_G","Defend_G","Defend_G+1","Defend_G","Survivor","Neutralize+1","Riddle With Holes","Leg Sweep","Reflex","Deadly Poison+1","Blade Dance","Prepared+1","Adrenaline","Catalyst","Catalyst"],"relics":["Ring of the Snake","Tiny Chest","WristBlade"],"acts_visited":["Exordium","TheCity"],"potions_floor_usage":[16,16,21,24],"damage_taken":[{"damage":1,"enemies":"Jaw Worm","floor":1,"turns":6},{"damage":9,"enemies":"Small Slimes","floor":3,"turns":6},{"damage":0,"enemies":"2 Louse","floor":5,"turns":4},{"damage":0,"enemies":"2 Fungi Beasts","floor":7,"turns":3},{"damage":11,"enemies":"Exordium Wildlife","floor":11,"turns":5},{"damage":6,"enemies":"Exordium Thugs","floor":12,"turns":5},{"damage":5,"enemies":"2 Fungi Beasts","floor":13,"turns":4},{"damage":16,"enemies":"The Guardian","floor":16,"turns":13},{"damage":7,"enemies":"3 Byrds","floor":18,"turns":7},{"damage":4,"enemies":"Chosen","floor":19,"turns":4},{"damage":31,"enemies":"Snecko","floor":21,"turns":4},{"damage":20,"enemies":"Slavers","floor":24,"turns":3}],"seed_played":"8356741990030988160","potions_obtained":[{"floor":3,"key":"Energy Potion"},{"floor":5,"key":"LiquidBronze"},{"floor":12,"key":"GhostInAJar"},{"floor":18,"key":"BlessingOfTheForge"},{"floor":19,"key":"ColorlessPotion"}],"is_trial":false,"path_per_floor":["M","?","M","$","M","R","M","R","T","?","M","M","M","?","R","B",null,"M","M","$","M","?","R","E"],"character_chosen":"THE_SILENT","items_purchased":["Blade Dance"],"campfire_rested":2,"item_purchase_floors":[4],"current_hp_per_floor":[58,58,49,49,49,49,49,49,49,31,20,14,9,2,20,4,46,39,35,35,4,4,22,2,2],"gold":213,"neow_bonus":"TRANSFORM_TWO_CARDS","is_daily":false,"chose_seed":false,"campfire_upgraded":2,"win_rate":0.0,"timestamp":1609019020,"path_taken":["M","?","M","$","M","R","M","R","T","?","M","M","M","?","R","BOSS","M","M","$","M","?","R","E"],"items_purchased_type":["Card"],"build_version":"2020-12-22","purchased_purges":1,"victory":false,"max_hp_per_floor":[60,60,60,60,60,60,60,60,60,60,60,60,60,60,60,60,60,60,60,60,60,60,60,60,60],"card_choices":[{"not_picked":["PiercingWail","Choke"],"picked":"Reflex","floor":1},{"not_picked":["Poisoned Stab","Heel Hook"],"picked":"Deadly Poison","floor":3},{"not_picked":["Dagger Spray","Flying Knee"],"picked":"Prepared","floor":5},{"not_picked":["Doppelganger","Poisoned Stab","Flying Knee"],"picked":"SKIP","floor":7},{"not_picked":["Prepared","Cloak And Dagger","Infinite Blades"],"picked":"SKIP","floor":11},{"not_picked":["Poisoned Stab","Bane","Leg Sweep"],"picked":"SKIP","floor":12},{"not_picked":["Dodge and Roll","Predator","Blade Dance"],"picked":"SKIP","floor":13},{"not_picked":["Tools of the Trade","Unload"],"picked":"Adrenaline","floor":16},{"not_picked":["Reflex","Flying Knee"],"picked":"Catalyst","floor":18},{"not_picked":["Deflect+1","Outmaneuver"],"picked":"Catalyst","floor":19},{"not_picked":["Concentrate","Dagger Throw","Expertise"],"picked":"SKIP","floor":21}],"player_experience":521212,"relics_obtained":[{"floor":9,"key":"Tiny Chest"}],"event_choices":[{"cards_removed":["Strike_G"],"damage_healed":0,"gold_gain":0,"player_choice":"Card Removal","damage_taken":0,"max_hp_gain":0,"max_hp_loss":0,"event_name":"The Cleric","floor":2,"gold_loss":75},{"damage_healed":0,"gold_gain":0,"player_choice":"Entered Light","damage_taken":18,"max_hp_gain":0,"max_hp_loss":0,"event_name":"Shining Light","floor":10,"gold_loss":0,"cards_upgraded":["Neutralize","Defend_G"]},{"cards_removed":["Strike_G"],"damage_healed":0,"gold_gain":0,"player_choice":"Card Removal","damage_taken":7,"max_hp_gain":0,"max_hp_loss":0,"event_name":"Golden Wing","floor":14,"gold_loss":0},{"damage_healed":0,"gold_gain":50,"player_choice":"Stole From Cult","damage_taken":0,"max_hp_gain":0,"max_hp_loss":0,"event_name":"Nest","floor":22,"gold_loss":0}],"is_beta":false,"boss_relics":[{"not_picked":["Coffee Dripper","Velvet Choker"],"picked":"WristBlade"}],"items_purged_floors":[20],"is_endless":false,"potions_floor_spawned":[3,5,12,18,19],"killed_by":"Slavers","ascension_level":20}}