{"host":"l84l8xigz5v5foa2","time":1609025558,"event":{"mods":["2.2 Compatiblity","AchievementEnabler","BaseMod","Better Note","Better Vampires","Card Filter","Colored Map","DeckTracker","Downfall","Gremlin Skip","Highlight Path","Keyboard Shortcuts","Minty Spire (QoL Compilation)","Permanent Neow","Quick Restart","Relic Filter","Relic Stats","StSLib","SuperFastMode","Transform Curses","Unknown Chances"],"gold_per_floor":[99,118,118,268,284,269,342,342,95,126,126,145,145,155,168,267,267,267,278,278,298,423,441,441,473,483,493,493,593,518,547,563,666,666,666,686,700,711,861,895,977,902,916,932,932,295,305,335,346,346],"floor_reached":51,"playtime":4148,"items_purged":["Slimebound:Icky","champ:Strike","champ:Defend"],"score":1126,"play_id":"7138f1d3-9829-41f5-849d-8af5273bfd3e","local_time":"20201227083238","is_ascension_mode":true,"campfire_choices":[{"data":"champ:Taunt","floor":1.0,"key":"SMITH"},{"data":"champ:ArenaPreparation","floor":11.0,"key":"SMITH"},{"data":"champ:Backstep","floor":13.0,"key":"SMITH"},{"data":"champ:BerserkerStyle","floor":18.0,"key":"SMITH"},{"data":"champ:GutPunch","floor":28.0,"key":"SMITH"},{"data":"champ:Backstep","floor":30.0,"key":"SMITH"},{"data":"champ:DancingMaster","floor":35.0,"key":"SMITH"},{"floor":42,"key":"RECALL"}],"circlet_count":0,"master_deck":["champ:Strike","champ:Strike+1","champ:Strike+1","champ:Defend","champ:Defend","champ:Defend","champ:Execute","champ:Taunt+1","champ:DefensiveStyle","champ:TornadoPunch","champ:BerserkerStyle+1","champ:ArenaPreparation+1","champ:Backstep+1","champ:BringItOn","champ:StanceDance","champ:GutPunch+1","champ:GutPunch+1","champ:Backstep+1","champ:DancingMaster+1","champ:Lariat","champ:DefensiveStyle","champ:AdrenalArmor+1","champ:StanceDance+1"],"relics":["champ:ChampionCrown","Bronze Scales","downfall:ShatteredFragment","ClockworkSouvenir","champ:DuelingGlove","expansioncontent:StudyCardRelic","Enchiridion","Bottled Tornado","hexamod:BolsterEngine","champ:BlackKnightHelmet","Sundial","downfall:HeartBlessingBlue","SlaversCollar","Turnip","HornCleat","downfall:HeartBlessingGreen","Meat on the Bone","Strawberry","Bag of Marbles","Orrery","Ancient Tea Set"],"acts_visited":["Exordium","TheCity","TheBeyond"],"potions_floor_usage":[40],"damage_taken":[{"damage":6.0,"enemies":"2 Louse","floor":2.0,"turns":3.0},{"damage":0.0,"enemies":"Jaw Worm","floor":5.0,"turns":5.0},{"damage":5.0,"enemies":"downfall:FleeingMerchant","floor":6.0,"turns":4.0},{"damage":17.0,"enemies":"downfall:FleeingMerchant","floor":9.0,"turns":4.0},{"damage":31.0,"enemies":"Lagavulin","floor":10.0,"turns":7.0},{"damage":0.0,"enemies":"Small Slimes","floor":12.0,"turns":2.0},{"damage":24.0,"enemies":"Gremlin Gang","floor":14.0,"turns":3.0},{"damage":10.0,"enemies":"Exordium Thugs","floor":15.0,"turns":2.0},{"damage":51.0,"enemies":"downfall:Silent","floor":16.0,"turns":5.0},{"damage":33.0,"enemies":"Shell Parasite","floor":19.0,"turns":3.0},{"damage":22.0,"enemies":"Snecko","floor":21.0,"turns":5.0},{"damage":40.0,"enemies":"downfall:FleeingMerchant","floor":22.0,"turns":4.0},{"damage":23.0,"enemies":"3 Cultists","floor":23.0,"turns":4.0},{"damage":34.0,"enemies":"Gremlin Leader","floor":25.0,"turns":3.0},{"damage":31.0,"enemies":"Centurion and Healer","floor":26.0,"turns":3.0},{"damage":17.0,"enemies":"Cultist and Chosen","floor":27.0,"turns":3.0},{"damage":40.0,"enemies":"Cultist and Chosen","floor":29.0,"turns":3.0},{"damage":26.0,"enemies":"Slavers","floor":31.0,"turns":3.0},{"damage":24.0,"enemies":"3 Cultists","floor":32.0,"turns":3.0},{"damage":35.0,"enemies":"downfall:Defect","floor":33.0,"turns":4.0},{"damage":31.0,"enemies":"3 Darklings","floor":36.0,"turns":4.0},{"damage":7.0,"enemies":"Orb Walker","floor":37.0,"turns":3.0},{"damage":29.0,"enemies":"4 Shapes","floor":38.0,"turns":5.0},{"damage":74,"enemies":"Nemesis","floor":40,"turns":5},{"damage":22,"enemies":"Writhing Mass","floor":43,"turns":5},{"damage":55,"enemies":"Sphere and 2 Shapes","floor":44,"turns":2},{"damage":65,"enemies":"Maw","floor":47,"turns":4},{"damage":50,"enemies":"Giant Head","floor":48,"turns":6},{"damage":77,"enemies":"Transient","floor":49,"turns":5},{"damage":87,"enemies":"downfall:Ironclad","floor":50,"turns":6}],"seed_played":"-1675495560172744037","potions_obtained":[{"floor":2.0,"key":"Strength Potion"},{"floor":10.0,"key":"Energy Potion"},{"floor":12.0,"key":"Explosive Potion"},{"floor":16.0,"key":"FearPotion"},{"floor":21.0,"key":"DuplicationPotion"},{"floor":23.0,"key":"champ:TechniquePotion"},{"floor":25.0,"key":"SpeedPotion"},{"floor":27.0,"key":"PowerPotion"},{"floor":31.0,"key":"Block Potion"},{"floor":37.0,"key":"Slimebound:ThreeZeroPotion"}],"is_trial":false,"path_per_floor":["R","M","?","?","M","$","T","?","$","E","R","M","R","M","M","B",null,"R","M","?","M","$","M","T","E","M","M","R","?","R","E","M","B",null,"R","M","M","M","?","E","T","R","M","M","T","$","M","E","M","B",null],"character_chosen":"THE_CHAMP","items_purchased":["ClockworkSouvenir","EntropicBrew","Strawberry","Bag of Marbles","Energy Potion","Orrery"],"campfire_rested":0,"item_purchase_floors":[9,22,46,46,46,46],"current_hp_per_floor":[90,89,99,99,99,99,99,72,67,57,57,57,57,57,52,33,100,100,92,76,76,86,83,83,83,83,83,83,83,93,92,92,92,120,120,120,120,120,120,120,120,120,120,120,120,127,127,127,127,127],"gold":346,"neow_bonus":"RANDOM_COMMON_RELIC","is_daily":false,"chose_seed":false,"campfire_upgraded":7,"win_rate":0.0,"timestamp":1609025558,"path_taken":["R","M","?","?","M","$","T","?","$","E","R","M","R","M","M","BOSS","R","M","?","M","$","M","T","E","M","M","R","?","R","E","M","BOSS","R","M","M","M","?","E","T","R","?","M","?","$","?","E","M","BOSS"],"items_purchased_type":["Relic","Potion","Relic","Relic","Potion","Relic"],"build_version":"2020-12-22","purchased_purges":3,"victory":true,"max_hp_per_floor":[90,90,100,100,100,100,100,100,100,100,100,100,100,100,100,100,100,100,100,100,100,110,110,110,110,110,110,110,110,120,120,120,120,120,120,120,120,120,120,120,120,120,120,120,120,127,127,127,127,127],"relic_stats":{"counters":[30,118],"Sundial":[4],"Bronze Scales":[227],"Turnip":[3],"obtain_stats":[{"champ:DuelingGlove":10,"champ:BlackKnightHelmet":29,"downfall:ShatteredFragment":8,"Enchiridion":20,"champ:ChampionCrown":0,"downfall:HeartBlessingGreen":42,"expansioncontent:StudyCardRelic":17,"Whetstone":31,"Bottled Tornado":24,"Ancient Tea Set":48,"ClockworkSouvenir":9,"SlaversCollar":34,"HornCleat":41,"Sundial":29,"downfall:HeartBlessingBlue":30,"Bronze Scales":0,"Strawberry":46,"Orrery":46,"Turnip":40,"Bag of Marbles":46,"hexamod:BolsterEngine":25,"Meat on the Bone":45},{"champ:DuelingGlove":5,"champ:BlackKnightHelmet":17,"downfall:ShatteredFragment":3,"Enchiridion":10,"champ:ChampionCrown":0,"downfall:HeartBlessingGreen":24,"expansioncontent:StudyCardRelic":9,"Whetstone":18,"Bottled Tornado":13,"Ancient Tea Set":28,"ClockworkSouvenir":4,"SlaversCollar":20,"HornCleat":24,"Sundial":17,"downfall:HeartBlessingBlue":17,"Bronze Scales":0,"Strawberry":26,"Orrery":26,"Turnip":24,"Bag of Marbles":26,"hexamod:BolsterEngine":14,"Meat on the Bone":26},{"champ:DuelingGlove":23,"champ:BlackKnightHelmet":63,"downfall:ShatteredFragment":12,"Enchiridion":38,"champ:ChampionCrown":0,"downfall:HeartBlessingGreen":90,"expansioncontent:StudyCardRelic":35,"Whetstone":66,"Bottled Tornado":51,"Ancient Tea Set":107,"ClockworkSouvenir":16,"SlaversCollar":73,"HornCleat":90,"Sundial":63,"downfall:HeartBlessingBlue":63,"Bronze Scales":0,"Strawberry":97,"Orrery":97,"Turnip":90,"Bag of Marbles":97,"hexamod:BolsterEngine":54,"Meat on the Bone":97}],"Meat on the Bone":24},"card_choices":[{"not_picked":["champ:CrookedStrike","champ:TornadoPunch"],"picked":"champ:DefensiveStyle","floor":2.0},{"not_picked":["champ:BerserkersShout","champ:ShieldSigil"],"picked":"champ:TornadoPunch","floor":5.0},{"not_picked":["champ:BerserkersShout","champ:HeartStrike"],"picked":"champ:BerserkerStyle","floor":6.0},{"not_picked":["champ:PerfectedStrike","champ:BringItOn","champ:SkillfulDodge"],"picked":"SKIP","floor":9.0},{"not_picked":["champ:GladiatorsShout","champ:ShieldSigil"],"picked":"champ:ArenaPreparation","floor":10.0},{"not_picked":["champ:FocusedDefense","champ:RecklessLeap"],"picked":"champ:Backstep","floor":12.0},{"not_picked":["champ:TornadoPunch","champ:BladeFlurry"],"picked":"champ:FightOn","floor":14.0},{"not_picked":["champ:LastStand","champ:IronFortress"],"picked":"champ:BringItOn","floor":15.0},{"not_picked":["champ:TornadoPunch","champ:EndlessRage"],"picked":"champ:StanceDance","floor":19.0},{"not_picked":["champ:PerfectedStrike+1","champ:BringItOn"],"picked":"champ:GutPunch","floor":21.0},{"not_picked":["champ:StanceDance+1","champ:CalledShot"],"picked":"champ:GutPunch+1","floor":22.0},{"not_picked":["champ:BerserkersShout","champ:TornadoPunch"],"picked":"champ:Backstep","floor":23.0},{"not_picked":["champ:GutPunch","champ:StanceDance","champ:PerfectedStrike"],"picked":"SKIP","floor":25.0},{"not_picked":["champ:FaceSlap+1","champ:FanOfKnives","champ:BladeFlurry"],"picked":"SKIP","floor":26.0},{"not_picked":["champ:ArenaPreparation","champ:CalledShot","champ:Balance"],"picked":"SKIP","floor":27.0},{"not_picked":["champ:Balance+1","champ:GladiatorsShout","champ:SwordSigil"],"picked":"SKIP","floor":31.0},{"not_picked":["champ:StanceDance","champ:ShieldThrow","champ:GladiatorStyle"],"picked":"SKIP","floor":32.0},{"not_picked":["champ:HoldFirm","champ:SteelEdge"],"picked":"champ:DancingMaster","floor":33.0},{"not_picked":["champ:GutPunch+1","champ:RisingSlash","champ:ShieldWall"],"picked":"SKIP","floor":36.0},{"not_picked":["champ:Backstep","champ:BladeFlurry+1","champ:BringItOn+1"],"picked":"SKIP","floor":37.0},{"not_picked":["champ:FanOfKnives","champ:FightOn"],"picked":"champ:Lariat","floor":38.0},{"not_picked":["champ:SkillfulDodge","champ:BerserkersShout"],"picked":"champ:DefensiveStyle","floor":40},{"not_picked":["champ:Backstep","champ:FightOn","champ:BerserkersShout"],"picked":"SKIP","floor":43},{"not_picked":["champ:RisingSlash","champ:CrownThrow"],"picked":"champ:AdrenalArmor+1","floor":44},{"not_picked":["champ:RageSigil","champ:CrookedStrike"],"picked":"champ:StanceDance+1","floor":46},{"not_picked":["champ:RageSigil","champ:BladeFlurry+1","champ:FanOfKnives"],"picked":"SKIP","floor":47},{"not_picked":["champ:GutPunch","champ:ViciousMockery","champ:Balance"],"picked":"SKIP","floor":48},{"not_picked":["champ:ArenaPreparation","champ:RageSigil+1","champ:BerserkersShout+1"],"picked":"SKIP","floor":49}],"player_experience":2733884,"relics_obtained":[{"floor":10.0,"key":"champ:DuelingGlove"},{"floor":20.0,"key":"Enchiridion"},{"floor":24.0,"key":"Bottled Tornado"},{"floor":25.0,"key":"hexamod:BolsterEngine"},{"floor":29.0,"key":"champ:BlackKnightHelmet"},{"floor":29.0,"key":"Sundial"},{"floor":31.0,"key":"Whetstone"},{"floor":40,"key":"Turnip"},{"floor":41,"key":"HornCleat"},{"floor":45,"key":"Meat on the Bone"},{"floor":48,"key":"Ancient Tea Set"}],"event_choices":[],"is_beta":false,"boss_relics":[{"not_picked":["Cursed Key","champ:ChampionCrownUpgraded"],"picked":"expansioncontent:StudyCardRelic"},{"not_picked":["Sozu","Calling Bell"],"picked":"SlaversCollar"}],"items_purged_floors":[9,22,46],"is_endless":false,"potions_floor_spawned":[2,10,12,16,21,23,25,27,31,37,47,49],"ascension_level":4}}