{"host":"d64axfghkv1zq619","time":1609025554,"event":{"mods":["BaseMod","Better Third Choice","Custom Start","Defuse TimeMaze Blight","Downfall","Friendly Minions","Infinite Spire","Minty Spire (QoL Compilation)","Shade Mod","Spicy Shops","StSLib","The Marked"],"gold_per_floor":[99,118,133,153,153,153,153,188,203,221,71,82,82,107,120,120,120],"floor_reached":16,"playtime":1130,"items_purged":[],"score":139,"play_id":"b282f305-ebc9-4df9-87d7-947d5f30d2a5","local_time":"20201226163234","is_ascension_mode":false,"campfire_choices":[{"floor":1,"key":"RECALL"},{"data":"theMarked:SoldierOfQuellstein","floor":11,"key":"SMITH"},{"data":"theMarked:TwofoldDefense","floor":13,"key":"SMITH"}],"circlet_count":0,"master_deck":["theMarked:Strike","theMarked:Strike","theMarked:Strike","theMarked:Strike","theMarked:Defend","theMarked:Defend","theMarked:Defend","theMarked:Defend","theMarked:SoldierOfQuellstein+1","theMarked:WardOff","theMarked:Frustration","theMarked:Frustration","theMarked:HeritageOfTheMarked","theMarked:TwofoldDefense+1","theMarked:Seal","theMarked:ReduceFriction","theMarked:BanishingWave"],"relics":["theMarked:ArtifactOfAir","infinitespire:PuzzleCube","downfall:HeartBlessingRed","downfall:HeartBlessingBlue","Bottled Lightning"],"acts_visited":["Exordium"],"potions_floor_usage":[8,14],"damage_taken":[{"damage":1,"enemies":"2 Louse","floor":2,"turns":3},{"damage":4,"enemies":"Jaw Worm","floor":3,"turns":5},{"damage":12,"enemies":"infinitespire:Voidling","floor":4,"turns":3},{"damage":9,"enemies":"3 Sentries","floor":8,"turns":7},{"damage":5,"enemies":"3 Louse","floor":9,"turns":4},{"damage":2,"enemies":"Exordium Wildlife","floor":10,"turns":4},{"damage":0,"enemies":"2 Fungi Beasts","floor":12,"turns":4},{"damage":8,"enemies":"Gremlin Nob","floor":14,"turns":3},{"damage":4,"enemies":"Exordium Thugs","floor":15,"turns":4},{"damage":81,"enemies":"downfall:Defect","floor":16,"turns":7}],"seed_played":"-2019957804337358151","potions_obtained":[{"floor":2,"key":"FairyPotion"},{"floor":4,"key":"ColorlessPotion"},{"floor":12,"key":"infinitespire:BlackPotion"},{"floor":15,"key":"LiquidBronze"}],"is_trial":false,"path_per_floor":["R","M","M","M","?","?","T","E","M","M","R","M","R","E","M","B"],"character_chosen":"THE_DEFAULT","items_purchased":[],"campfire_rested":0,"item_purchase_floors":[],"current_hp_per_floor":[77,76,72,64,69,69,69,60,55,53,63,63,63,55,51,0,0],"gold":120,"neow_bonus":"TEN_PERCENT_HP_BONUS","is_daily":false,"chose_seed":false,"campfire_upgraded":2,"win_rate":0.0,"timestamp":1609025554,"path_taken":["R","M","M","M","?","?","T","E","M","?","R","M","R","E","M","BOSS"],"items_purchased_type":[],"build_version":"2020-12-22","purchased_purges":0,"victory":false,"max_hp_per_floor":[77,77,77,77,82,82,82,82,82,82,92,92,92,92,92,92,92],"card_choices":[{"not_picked":["theMarked:TwofoldDefense","theMarked:Overcharge"],"picked":"theMarked:WardOff","floor":2},{"not_picked":["theMarked:ElectricStrings","theMarked:Static"],"picked":"theMarked:Frustration","floor":3},{"not_picked":["theMarked:ShockingTouch","theMarked:Overcharge"],"picked":"theMarked:Frustration","floor":4},{"not_picked":["theMarked:ChainLightning","theMarked:CreepingChasm"],"picked":"theMarked:TwofoldDefense","floor":8},{"not_picked":["theMarked:ResourceFulStrike","theMarked:MaelstromOfLightning","theMarked:Parkour"],"picked":"SKIP","floor":9},{"not_picked":["theMarked:ParalyzingBlade","theMarked:Parkour","theMarked:WastefulAttack"],"picked":"SKIP","floor":10},{"not_picked":["theMarked:TakeCover","theMarked:Frustration"],"picked":"theMarked:Seal","floor":12},{"not_picked":["theMarked:Static","theMarked:KeepCalmAndFightOn"],"picked":"theMarked:ReduceFriction","floor":14},{"not_picked":["theMarked:HeightenedSenses","theMarked:Opportunist"],"picked":"theMarked:BanishingWave","floor":15}],"player_experience":518651,"relics_obtained":[{"floor":8,"key":"infinitespire:PuzzleCube"},{"floor":14,"key":"Bottled Lightning"}],"event_choices":[{"damage_healed":0,"gold_gain":0,"player_choice":"Donut","damage_taken":0,"max_hp_gain":5,"max_hp_loss":0,"event_name":"Big Fish","floor":5,"gold_loss":0},{"damage_healed":0,"gold_gain":0,"cards_transformed":["theMarked:Strike"],"player_choice":"Transformed","damage_taken":0,"max_hp_gain":0,"max_hp_loss":0,"event_name":"Transmorgrifier","floor":6,"gold_loss":0,"cards_obtained":["theMarked:HeritageOfTheMarked"]}],"is_beta":false,"boss_relics":[],"items_purged_floors":[],"is_endless":false,"potions_floor_spawned":[2,4,12,15],"killed_by":"downfall:Defect","ascension_level":0}}