{"host":"ul103bh19qas5vs8","time":1609003150,"event":{"mods":["BaseMod","Downfall","Googly Eyes","Minty Spire (QoL Compilation)","Replay The Spire","Shop Mod","StSLib"],"gold_per_floor":[216,141,141,161,161,190,209,236,298,328,340,366,102,102,102,227,227,268,292,292,294,294],"floor_reached":21,"playtime":821,"items_purged":["Eruption","Indignation"],"score":287,"play_id":"2e9a87c2-ba10-4efb-800c-f955754a1256","local_time":"20201227011910","is_ascension_mode":true,"campfire_choices":[{"data":"Blasphemy","floor":15.0,"key":"SMITH"}],"circlet_count":0,"master_deck":["Vigilance","SpiritShield","BattleHymn","EmptyMind","Tantrum","WheelKick","ClearTheMind","Madness","Sanctity","Replay:AtTheReady+1","Blasphemy+1","Establishment","Protect","Slimebound:CheckThePlaybook"],"relics":["HolyWater","Replay:Wanted Poster","Pandora\u0027s Box","Ring of Fury","ReplayTheSpireMod:Ring of Collecting","Replay:WaspNest","MawBank","Ring of Peace","Membership Card","Replay:Bandana"],"acts_visited":["Exordium","TheCity"],"potions_floor_usage":[],"damage_taken":[{"damage":0.0,"enemies":"Small Slimes","floor":1.0,"turns":2.0},{"damage":2.0,"enemies":"2 Louse","floor":4.0,"turns":3.0},{"damage":30.0,"enemies":"3 Sentries","floor":6.0,"turns":4.0},{"damage":4.0,"enemies":"Jaw Worm","floor":7.0,"turns":3.0},{"damage":14.0,"enemies":"Lagavulin","floor":8.0,"turns":5.0},{"damage":0.0,"enemies":"3 Louse","floor":10.0,"turns":2.0},{"damage":4.0,"enemies":"Exordium Thugs","floor":12.0,"turns":2.0},{"damage":0,"enemies":"Slime Boss","floor":16,"turns":3},{"damage":0,"enemies":"3 Byrds","floor":18,"turns":4},{"damage":0,"enemies":"Shell Parasite","floor":19,"turns":4},{"damage":3,"enemies":"Centurion and Healer","floor":21,"turns":2}],"seed_played":"-6997655266484134792","potions_obtained":[{"floor":4.0,"key":"StancePotion"},{"floor":7.0,"key":"DistilledChaos"}],"is_trial":false,"path_per_floor":["M","$","?","M","?","E","M","E","T","M","?","M","$","?","R","B",null,"M","M","?","M"],"character_chosen":"WATCHER","items_purchased":["Membership Card","Replay:Bandana"],"campfire_rested":0,"item_purchase_floors":[13,13],"current_hp_per_floor":[72,72,72,70,70,40,36,22,22,22,22,18,18,18,18,18,72,72,72,47,44,44],"gold":294,"neow_bonus":"DOUBLE_BOSS_RELIC","is_daily":false,"chose_seed":false,"campfire_upgraded":1,"win_rate":0.0,"timestamp":1609003150,"path_taken":["M","$","?","M","?","E","M","E","T","M","?","M","$","?","R","BOSS","M","M","?","M"],"items_purchased_type":["Relic","Relic"],"build_version":"2020-12-22","purchased_purges":2,"victory":false,"max_hp_per_floor":[72,72,72,72,72,72,72,72,72,72,72,72,72,72,72,72,72,72,72,72,72,72],"card_choices":[{"not_picked":["PathToVictory","CrushJoints","Pray"],"picked":"SKIP","floor":1.0},{"not_picked":["FollowUp","ThirdEye"],"picked":"ClearTheMind","floor":4.0},{"not_picked":["ForeignInfluence","Replay:Vibes","Replay:AtTheReady"],"picked":"SKIP","floor":6.0},{"not_picked":["Halt","Evaluate"],"picked":"Sanctity","floor":7.0},{"not_picked":["FollowUp","Study","Conclude"],"picked":"SKIP","floor":8.0},{"not_picked":["FlyingSleeves","BowlingBash","SandsOfTime"],"picked":"SKIP","floor":10.0},{"not_picked":["FollowUp","Replay:Hum"],"picked":"Blasphemy","floor":12.0},{"not_picked":["Devotion","Ragnarok"],"picked":"Establishment","floor":16},{"not_picked":["Replay:Battleflow","Protect","ThirdEye"],"picked":"SKIP","floor":18},{"not_picked":["Replay:Battleflow","ThirdEye"],"picked":"Protect","floor":18},{"not_picked":["DeceiveReality","Replay:AtTheReady","CutThroughFate"],"picked":"SKIP","floor":19}],"player_experience":127642,"relics_obtained":[{"floor":5.0,"key":"Ring of Fury"},{"floor":5.0,"key":"ReplayTheSpireMod:Ring of Collecting"},{"floor":6.0,"key":"Replay:WaspNest"},{"floor":8.0,"key":"MawBank"},{"floor":9.0,"key":"Ring of Peace"}],"event_choices":[{"damage_healed":0.0,"max_hp_gain":0.0,"max_hp_loss":0.0,"gold_gain":0.0,"event_name":"Liars Game","player_choice":"Ignored","floor":14.0,"gold_loss":0.0,"damage_taken":0.0}],"is_beta":false,"boss_relics":[{"not_picked":["Honey Jar","Replay:Bronze Core"],"picked":"HolyWater"}],"items_purged_floors":[2,13],"is_endless":false,"potions_floor_spawned":[4,7],"killed_by":"Centurion and Healer","ascension_level":4}}