{"host":"hspm0s97xpvpwopl","time":1609021714,"event":{"mods":["BaseMod","Better Third Choice","Colored Map","Colored Powertips","Curses Come First","Downfall","Hermit","Minty Spire (QoL Compilation)","Relic Stats","Robot Space Explorer","Shop Mod","Spicy Shops","StSLib","The Cursed","The Runesmith"],"gold_per_floor":[111,111,111,111,126,126,142,142,142,161,161,181,36,55,55,158,158,173,104,114,114,129,129,144,144,144,178,178,178],"floor_reached":28,"playtime":1834,"items_purged":[],"score":230,"play_id":"4ddef59d-88ce-49d9-8608-22eb2d0987e4","local_time":"20201226162834","is_ascension_mode":false,"campfire_choices":[{"floor":6,"key":"REST"},{"data":"hermit:Combo","floor":8,"key":"SMITH"},{"floor":15,"key":"REST"},{"floor":23,"key":"REST"},{"floor":25,"key":"REST"}],"circlet_count":0,"master_deck":["hermit:Strike_Hermit","hermit:Strike_Hermit","hermit:Strike_Hermit","hermit:Strike_Hermit","hermit:Defend_Hermit","hermit:Defend_Hermit","hermit:Defend_Hermit","hermit:Defend_Hermit","hermit:Snapshot+1","hermit:Covet","hermit:Quickdraw","hermit:Ricochet","hermit:Combo+1","hermit:SprayPray","hermit:Brawl","hermit:Feint","hermit:Roughhouse+1","hermit:Quickdraw","Pride","hermit:Quickdraw","hermit:Feint+1","hermit:GhostlyPresence+1","hermit:GoldenBullet+1","hermit:Coalescence"],"relics":["hermit:Momento","FossilizedHelix","Toy Ornithopter","Strawberry","Membership Card","SlaversCollar","Tiny Chest","hermit:Spyglass","Pen Nib"],"acts_visited":["Exordium","TheCity"],"potions_floor_usage":[16,22,22,24,28],"damage_taken":[{"damage":0,"enemies":"Jaw Worm","floor":1,"turns":4},{"damage":0,"enemies":"Small Slimes","floor":5,"turns":3},{"damage":0,"enemies":"Cultist","floor":7,"turns":3},{"damage":0,"enemies":"Exordium Wildlife","floor":10,"turns":4},{"damage":15,"enemies":"Exordium Thugs","floor":12,"turns":4},{"damage":8,"enemies":"Lots of Slimes","floor":14,"turns":4},{"damage":79,"enemies":"Hexaghost","floor":16,"turns":11},{"damage":9,"enemies":"Chosen","floor":18,"turns":5},{"damage":41,"enemies":"Spheric Guardian","floor":20,"turns":6},{"damage":30,"enemies":"Centurion and Healer","floor":22,"turns":10},{"damage":22,"enemies":"Snecko","floor":24,"turns":6},{"damage":21,"enemies":"Slavers","floor":27,"turns":8},{"damage":28,"enemies":"Shelled Parasite and Fungi","floor":28,"turns":6}],"seed_played":"-422927952200096591","potions_obtained":[{"floor":1,"key":"Guardian:BlockOnCardUsePotion"},{"floor":12,"key":"Fire Potion"},{"floor":16,"key":"champ:CounterPotion"},{"floor":20,"key":"SkillPotion"},{"floor":22,"key":"Energy Potion"},{"floor":27,"key":"sneckomod:MuddlingPotion"}],"is_trial":false,"path_per_floor":["M","?","$","?","M","R","M","R","T","M","?","M","$","M","R","B",null,"M","$","M","?","M","R","M","R","T","E","M"],"character_chosen":"HERMIT","items_purchased":["Membership Card","Tiny Chest","hermit:Quickdraw"],"campfire_rested":4,"item_purchase_floors":[13,19,19],"current_hp_per_floor":[54,54,54,54,54,75,75,75,82,82,82,67,67,59,82,3,82,73,73,32,32,12,36,19,43,43,22,0,0],"gold":178,"neow_bonus":"ONE_RARE_RELIC","is_daily":false,"chose_seed":false,"campfire_upgraded":1,"win_rate":0.0,"timestamp":1609021714,"path_taken":["M","?","$","?","M","R","M","R","T","?","?","M","?","M","R","BOSS","M","$","M","?","M","R","M","R","T","E","?"],"items_purchased_type":["Relic","Relic","Card"],"build_version":"2020-12-22","purchased_purges":0,"victory":false,"max_hp_per_floor":[75,75,75,75,75,75,75,75,82,82,82,82,82,82,82,82,82,82,82,82,82,82,82,82,82,82,82,82,82],"relic_stats":{"counters":[13,74],"Tiny Chest":0,"Pen Nib":[1],"obtain_stats":[{"SlaversCollar":17,"Strawberry":9,"Tiny Chest":19,"Pen Nib":27,"Membership Card":13,"hermit:Momento":0,"FossilizedHelix":0,"Toy Ornithopter":4,"hermit:Spyglass":26},{"SlaversCollar":7,"Strawberry":3,"Tiny Chest":8,"Pen Nib":12,"Membership Card":5,"hermit:Momento":0,"FossilizedHelix":0,"Toy Ornithopter":1,"hermit:Spyglass":11},{"SlaversCollar":33,"Strawberry":10,"Tiny Chest":38,"Pen Nib":68,"Membership Card":18,"hermit:Momento":0,"FossilizedHelix":0,"Toy Ornithopter":4,"hermit:Spyglass":60}],"Toy Ornithopter":20},"card_choices":[{"not_picked":["hermit:Deadeye","hermit:Glare"],"picked":"hermit:Quickdraw","floor":1},{"not_picked":["hermit:Snipe","hermit:TakeCover"],"picked":"hermit:Ricochet","floor":5},{"not_picked":["hermit:FromBeyond","hermit:CalledShot"],"picked":"hermit:Combo","floor":7},{"not_picked":["hermit:DeadMansHand","hermit:BodyArmor"],"picked":"hermit:SprayPray","floor":10},{"not_picked":["hermit:BodyArmor","hermit:ItchyTrigger"],"picked":"hermit:Brawl","floor":12},{"not_picked":["hermit:Ricochet","hermit:TakeCover"],"picked":"hermit:Feint","floor":14},{"not_picked":["hermit:HighNoon","hermit:RoundhouseKick"],"picked":"hermit:Roughhouse","floor":16},{"not_picked":["hermit:PistolWhip","hermit:Snipe"],"picked":"hermit:Quickdraw","floor":18},{"not_picked":["hermit:TakeCover","hermit:ItchyTrigger"],"picked":"hermit:Feint+1","floor":20},{"not_picked":["hermit:Coalescence","hermit:CalledShot"],"picked":"hermit:GhostlyPresence+1","floor":22},{"not_picked":["hermit:Purgatory","hermit:Determination"],"picked":"hermit:GoldenBullet+1","floor":24},{"not_picked":["hermit:Roulette","hermit:HoleUp"],"picked":"hermit:Coalescence","floor":27}],"player_experience":233248,"relics_obtained":[{"floor":9,"key":"Strawberry"},{"floor":26,"key":"hermit:Spyglass"},{"floor":27,"key":"Pen Nib"}],"event_choices":[{"damage_healed":0,"gold_gain":0,"player_choice":"LEAVE","damage_taken":0,"max_hp_gain":0,"max_hp_loss":0,"event_name":"betterThird:BetterScrap","floor":2,"gold_loss":0,"cards_obtained":["Amplify"]},{"damage_healed":0,"gold_gain":0,"player_choice":"Gave Potion","damage_taken":0,"relics_obtained":["Toy Ornithopter"],"max_hp_gain":0,"max_hp_loss":0,"event_name":"WeMeetAgain","floor":4,"gold_loss":0},{"damage_healed":0,"gold_gain":0,"player_choice":"Grow","damage_taken":0,"max_hp_gain":0,"max_hp_loss":0,"event_name":"Living Wall","floor":11,"gold_loss":0,"cards_upgraded":["hermit:Snapshot"]},{"damage_healed":0,"gold_gain":0,"player_choice":"Upgraded","damage_taken":0,"max_hp_gain":0,"max_hp_loss":0,"event_name":"Upgrade Shrine","floor":21,"gold_loss":0,"cards_upgraded":["hermit:Roughhouse"]}],"is_beta":false,"boss_relics":[{"not_picked":["Velvet Choker","Philosopher\u0027s Stone"],"picked":"SlaversCollar"}],"items_purged_floors":[],"is_endless":false,"potions_floor_spawned":[1,12,16,20,22,27],"killed_by":"Shelled Parasite and Fungi","ascension_level":0}}