{"host":"a1eatafr7pisesky","time":1609000765,"event":{"mods":["BaseMod","Colored Map","DeckTracker","Highlight Path","Keyboard Shortcuts","Minty Spire (QoL Compilation)","Permanent Neow","Random Character Button","StSLib","SuperFastMode"],"gold_per_floor":[119,133,133,145,162,162,188,188,213,224,243,274,287,303,303,406,406,418,433,433,433,433,433,52,81,81,81,99,99,99],"floor_reached":29,"playtime":1246,"items_purged":["Writhe"],"score":321,"play_id":"81a9c6d3-b849-4d78-b405-e15d4dd87ec5","local_time":"20201227013925","is_ascension_mode":true,"campfire_choices":[{"data":"Creative AI","floor":6.0,"key":"SMITH"},{"data":"Dualcast","floor":8.0,"key":"SMITH"},{"floor":15.0,"key":"REST"},{"data":"Amplify","floor":23,"key":"SMITH"},{"floor":27,"key":"DIG"}],"circlet_count":0,"master_deck":["Strike_B+1","Strike_B+1","Strike_B+1","Defend_B+1","Defend_B+1","Defend_B+1","Zap+1","Dualcast+1","Conserve Battery","Creative AI+1","Undo","Force Field","Chill","Coolheaded","BootSequence","Ball Lightning","Turbo","Static Discharge","Amplify+1","Cold Snap","Steam","Creative AI","White Noise"],"relics":["Cracked Core","Juzu Bracelet","Pen Nib","Anchor","Akabeko","SacredBark","WingedGreaves","Calipers","Shovel","Pantograph","CeramicFish"],"acts_visited":["Exordium","TheCity"],"potions_floor_usage":[19],"damage_taken":[{"damage":11.0,"enemies":"Jaw Worm","floor":1.0,"turns":4.0},{"damage":0.0,"enemies":"2 Louse","floor":2.0,"turns":3.0},{"damage":7.0,"enemies":"Small Slimes","floor":4.0,"turns":3.0},{"damage":4.0,"enemies":"Looter","floor":5.0,"turns":4.0},{"damage":8.0,"enemies":"Lagavulin","floor":7.0,"turns":7.0},{"damage":0.0,"enemies":"Blue Slaver","floor":10.0,"turns":4.0},{"damage":13.0,"enemies":"Gremlin Gang","floor":11.0,"turns":4.0},{"damage":7.0,"enemies":"3 Sentries","floor":12.0,"turns":12.0},{"damage":0.0,"enemies":"Looter","floor":13.0,"turns":3.0},{"damage":1.0,"enemies":"Blue Slaver","floor":14.0,"turns":3.0},{"damage":15.0,"enemies":"Slime Boss","floor":16.0,"turns":7.0},{"damage":7.0,"enemies":"3 Byrds","floor":18.0,"turns":4.0},{"damage":14,"enemies":"Spheric Guardian","floor":19,"turns":4},{"damage":17,"enemies":"Slavers","floor":25,"turns":8},{"damage":21,"enemies":"Cultist and Chosen","floor":28,"turns":7},{"damage":3,"enemies":"Snake Plant","floor":29,"turns":4}],"seed_played":"-5857571281999707306","potions_obtained":[{"floor":4.0,"key":"SpeedPotion"},{"floor":10.0,"key":"Explosive Potion"},{"floor":11.0,"key":"ColorlessPotion"},{"floor":14.0,"key":"AttackPotion"},{"floor":16.0,"key":"Fire Potion"},{"floor":25,"key":"DuplicationPotion"},{"floor":28,"key":"SpeedPotion"}],"is_trial":false,"path_per_floor":["M","M","?","M","M","R","E","R","T","M","M","E","M","M","R","B",null,"M","M","?","?","?","R","$","E","T","R","M","M"],"character_chosen":"DEFECT","items_purchased":["Calipers"],"campfire_rested":1,"item_purchase_floors":[24],"current_hp_per_floor":[64,64,49,42,38,38,30,30,30,30,17,10,10,9,31,16,60,53,39,39,39,39,39,39,22,22,22,1,0,0],"gold":99,"neow_bonus":"RANDOM_COMMON_RELIC","is_daily":false,"chose_seed":false,"campfire_upgraded":3,"win_rate":0.0,"timestamp":1609000765,"path_taken":["M","M","?","M","M","R","E","R","T","M","M","E","M","M","R","BOSS","M","M","?","?","?","R","$","E","T","R","M","M"],"items_purchased_type":["Relic"],"build_version":"2020-12-22","purchased_purges":1,"victory":false,"max_hp_per_floor":[75,75,75,75,75,75,75,75,75,75,75,75,75,75,75,75,75,75,75,75,75,75,75,75,75,75,75,75,75,75],"card_choices":[{"not_picked":["Beam Cell","Compile Driver"],"picked":"Conserve Battery","floor":1.0},{"not_picked":["FTL","Steam Power"],"picked":"Creative AI","floor":2.0},{"not_picked":["Rebound","Streamline"],"picked":"Undo","floor":4.0},{"not_picked":["Loop","Hologram"],"picked":"Force Field","floor":5.0},{"not_picked":["Melter","Glacier"],"picked":"Chill","floor":7.0},{"not_picked":["Redo","Hologram"],"picked":"Coolheaded","floor":10.0},{"not_picked":["Steam","Ball Lightning"],"picked":"BootSequence","floor":11.0},{"not_picked":["Fission","Auto Shields"],"picked":"Ball Lightning","floor":12.0},{"not_picked":["Rebound","Sweeping Beam"],"picked":"Turbo","floor":13.0},{"not_picked":["Turbo","Consume"],"picked":"Static Discharge","floor":14.0},{"not_picked":["Hyperbeam","Machine Learning"],"picked":"Amplify","floor":16.0},{"not_picked":["Compile Driver","Steam Power","Steam+1"],"picked":"SKIP","floor":18.0},{"not_picked":["Reinforced Body","Compile Driver+1"],"picked":"Cold Snap","floor":19},{"not_picked":["Go for the Eyes+1","Streamline"],"picked":"White Noise","floor":25},{"not_picked":["Hologram","Melter","Stack+1"],"picked":"SKIP","floor":28}],"player_experience":254060,"relics_obtained":[{"floor":7.0,"key":"Pen Nib"},{"floor":9.0,"key":"Anchor"},{"floor":12.0,"key":"Akabeko"},{"floor":25,"key":"Shovel"},{"floor":26,"key":"Pantograph"},{"floor":27,"key":"CeramicFish"}],"event_choices":[{"damage_healed":0.0,"max_hp_gain":0.0,"max_hp_loss":0.0,"gold_gain":0.0,"event_name":"Shining Light","player_choice":"Entered Light","floor":3.0,"gold_loss":0.0,"damage_taken":15.0,"cards_upgraded":["Zap","Strike_B"]},{"damage_healed":0,"gold_gain":0,"cards_transformed":["Strike_B","Defend_B"],"player_choice":"Became Test Subject","damage_taken":0,"max_hp_gain":0,"max_hp_loss":0,"event_name":"Drug Dealer","floor":20,"gold_loss":0,"cards_obtained":["Steam","Creative AI"]},{"damage_healed":0,"gold_gain":0,"player_choice":"Simplicity","damage_taken":0,"max_hp_gain":0,"max_hp_loss":0,"event_name":"Back to Basics","floor":21,"gold_loss":0,"cards_upgraded":["Strike_B","Strike_B","Defend_B","Defend_B","Defend_B"]},{"damage_healed":0,"gold_gain":0,"player_choice":"Opened","damage_taken":0,"relics_obtained":["WingedGreaves"],"max_hp_gain":0,"max_hp_loss":0,"event_name":"The Mausoleum","floor":22,"gold_loss":0,"cards_obtained":["Writhe"]}],"is_beta":false,"boss_relics":[{"not_picked":["Snecko Eye","Coffee Dripper"],"picked":"SacredBark"}],"items_purged_floors":[24],"is_endless":false,"potions_floor_spawned":[4,10,11,14,16,25,28],"killed_by":"Snake Plant","ascension_level":5}}