{"host":"iz3c9fhlsuknuus5","time":1609021469,"event":{"mods":["BaseMod","Better Third Choice","Colored Map","Colored Powertips","Downfall","GifTheSpireLib","Minty Spire (QoL Compilation)","Quick Restart","StSLib"],"gold_per_floor":[99,119,132,132,147,147,229,258,275,104,104,122,7,34,50,149,149,149,166,166,166,185,185,211,211,231,241,368,368,227,113,132,228,228,228,243,243,93,104,129,129,129,148,198,198,198,122,134,148,148],"floor_reached":51,"playtime":2657,"items_purged":["Slimebound:Tackle","Slimebound:Strike_Slimebound","Slimebound:Strike_Slimebound","Slimebound:Defend_Slimebound"],"score":752,"play_id":"86384426-6374-4ae5-9cfd-fb6fc6f724ec","local_time":"20201226222429","is_ascension_mode":false,"campfire_choices":[{"data":"Slimebound:SlimeSlap","floor":1.0,"key":"SMITH"},{"data":"Slimebound:Split","floor":6.0,"key":"SMITH"},{"data":"Slimebound:RainOfGoop","floor":11.0,"key":"SMITH"},{"data":"Slimebound:SlimeSlap","floor":18.0,"key":"SMITH"},{"data":"Slimebound:CorrosiveSpit","floor":23.0,"key":"SMITH"},{"data":"Slimebound:SamplingLick","floor":25.0,"key":"SMITH"},{"floor":29.0,"key":"REST"},{"data":"Ghostly","floor":35.0,"key":"SMITH"},{"data":"Slimebound:MegaLick","floor":46.0,"key":"SMITH"}],"circlet_count":0,"master_deck":["Slimebound:Defend_Slimebound","Slimebound:Split+1","Slimebound:CorrosiveSpit+1","Slimebound:SlimeSlap+1","Slimebound:SamplingLick+1","Slimebound:SlimeSpikes","Slimebound:RainOfGoop+1","Slimebound:MegaLick+1","Slimebound:GoopSpray","Slimebound:SlimeSlap+1","Slimebound:SamplingLick+1","Slimebound:SplitMire+1","Slimebound:RainOfGoop+1","Slimebound:Dissolve","Slimebound:LivingWall","Ghostly+1","Master of Strategy"],"relics":["Slimebound:AbsorbEndCombat","Pear","Lantern","SlaversCollar","downfall:RedIOU","CeramicFish","MutagenicStrength","Anchor","Empty Cage","Shuriken","Eternal Feather","Mango"],"acts_visited":["Exordium","TheCity","TheBeyond"],"potions_floor_usage":[50,50,50],"damage_taken":[{"damage":4.0,"enemies":"Small Slimes","floor":2.0,"turns":3.0},{"damage":4.0,"enemies":"Cultist","floor":3.0,"turns":3.0},{"damage":15.0,"enemies":"Jaw Worm","floor":5.0,"turns":4.0},{"damage":27.0,"enemies":"Gremlin Nob","floor":8.0,"turns":4.0},{"damage":16.0,"enemies":"2 Fungi Beasts","floor":9.0,"turns":4.0},{"damage":9.0,"enemies":"downfall:FleeingMerchant","floor":10.0,"turns":4.0},{"damage":8.0,"enemies":"Gremlin Gang","floor":12.0,"turns":2.0},{"damage":8.0,"enemies":"downfall:FleeingMerchant","floor":13.0,"turns":4.0},{"damage":15.0,"enemies":"Blue Slaver","floor":15.0,"turns":3.0},{"damage":34.0,"enemies":"downfall:Silent","floor":16.0,"turns":6.0},{"damage":13.0,"enemies":"3 Byrds","floor":19.0,"turns":5.0},{"damage":37.0,"enemies":"Spheric Guardian","floor":22.0,"turns":5.0},{"damage":22.0,"enemies":"Snecko","floor":26.0,"turns":4.0},{"damage":28.0,"enemies":"Snake Plant","floor":27.0,"turns":3.0},{"damage":12.0,"enemies":"downfall:Augmenter","floor":28.0,"turns":3.0},{"damage":12.0,"enemies":"downfall:FleeingMerchant","floor":31.0,"turns":4.0},{"damage":12.0,"enemies":"Cultist and Chosen","floor":32.0,"turns":4.0},{"damage":26.0,"enemies":"downfall:Ironclad","floor":33.0,"turns":4.0},{"damage":18.0,"enemies":"3 Shapes","floor":36.0,"turns":7.0},{"damage":19.0,"enemies":"3 Darklings","floor":39.0,"turns":9.0},{"damage":14.0,"enemies":"Reptomancer","floor":40.0,"turns":6.0},{"damage":8.0,"enemies":"Writhing Mass","floor":43.0,"turns":4.0},{"damage":12.0,"enemies":"Mind Bloom Boss Battle","floor":44.0,"turns":3.0},{"damage":8,"enemies":"Spire Growth","floor":48,"turns":4},{"damage":29,"enemies":"Sphere and 2 Shapes","floor":49,"turns":6},{"damage":9,"enemies":"downfall:Defect","floor":50,"turns":4}],"seed_played":"2390294695175458924","potions_obtained":[{"floor":5.0,"key":"GamblersBrew"},{"floor":9.0,"key":"Explosive Potion"},{"floor":12.0,"key":"Weak Potion"},{"floor":19.0,"key":"PowerPotion"},{"floor":26.0,"key":"DuplicationPotion"},{"floor":33.0,"key":"Block Potion"},{"floor":36.0,"key":"EssenceOfSteel"},{"floor":40.0,"key":"BlessingOfTheForge"},{"floor":43.0,"key":"PowerPotion"},{"floor":44.0,"key":"SteroidPotion"}],"is_trial":false,"path_per_floor":["R","M","M","?","M","R","T","E","M","$","R","M","$","T","M","B",null,"R","M","?","?","M","R","T","R","M","M","?","R","?","$","M","B",null,"R","M","?","$","M","E","T","$","M","?","?","R","$","M","M","B",null],"character_chosen":"SLIMEBOUND","items_purchased":["Slimebound:RainOfGoop","Anchor","Master of Strategy","Slimebound:SlimyTonguePotion"],"campfire_rested":1,"item_purchase_floors":[10,31,31,47],"current_hp_per_floor":[60,60,60,60,51,51,61,50,46,59,59,63,70,70,65,45,70,70,69,69,69,42,42,42,42,38,26,20,41,41,45,49,43,70,70,68,68,68,67,66,66,66,70,84,84,84,84,84,71,80],"gold":148,"neow_bonus":"ONE_RANDOM_RARE_CARD","is_daily":false,"chose_seed":false,"campfire_upgraded":8,"win_rate":0.0,"timestamp":1609021469,"path_taken":["R","M","M","?","M","R","T","E","?","$","R","M","?","?","M","BOSS","R","M","?","?","M","R","T","R","?","M","?","R","?","$","M","BOSS","R","M","?","$","M","E","T","$","M","?","?","R","$","M","M","BOSS"],"items_purchased_type":["Card","Relic","Card","Potion"],"build_version":"2020-12-22","purchased_purges":4,"victory":true,"max_hp_per_floor":[60,60,60,60,60,60,70,70,70,70,70,70,70,70,70,70,70,70,70,70,70,70,70,70,70,70,70,70,70,70,70,70,70,70,70,70,70,70,70,70,70,70,70,84,84,84,84,84,84,84],"card_choices":[{"not_picked":["Slimebound:GoopSpray","Slimebound:ItLooksTasty"],"picked":"Slimebound:SlimeBarrage","floor":2.0},{"not_picked":["Slimebound:LeechingTouch","Slimebound:LeechEnergy"],"picked":"Slimebound:SamplingLick","floor":3.0},{"not_picked":["Slimebound:SpikyOuterGoop","Slimebound:RollThrough"],"picked":"Slimebound:SlimeSpikes","floor":5.0},{"not_picked":["Slimebound:SlimeBrawl","Slimebound:SlimeSpikes","Slimebound:GoopSpray"],"picked":"SKIP","floor":8.0},{"not_picked":["Slimebound:LeechLife","Slimebound:SplitBruiser","Slimebound:ComboTackle"],"picked":"SKIP","floor":9.0},{"not_picked":["Slimebound:GoopTackle","Slimebound:ProtectTheBoss","Slimebound:GrowthPunch"],"picked":"SKIP","floor":10.0},{"not_picked":["Slimebound:ComboTackle","Slimebound:SplitBruiser"],"picked":"Slimebound:MegaLick","floor":12.0},{"not_picked":["Slimebound:Chomp","Slimebound:SlimeSpikes","Slimebound:SlimeBrawl"],"picked":"SKIP","floor":13.0},{"not_picked":["Slimebound:SamplingLick","Slimebound:Nibble"],"picked":"Slimebound:GoopSpray","floor":15.0},{"not_picked":["Slimebound:WasteNot","Slimebound:SelfFormingGoo"],"picked":"Slimebound:SlimeSlap","floor":16.0},{"not_picked":["Slimebound:ItLooksTasty+1","Slimebound:ComboTackle"],"picked":"Slimebound:SamplingLick+1","floor":19.0},{"not_picked":["Slimebound:LeechEnergy","Slimebound:SplitBruiser+1"],"picked":"Slimebound:SplitMire+1","floor":22.0},{"not_picked":["Slimebound:TongueLash","Slimebound:Equalize"],"picked":"Slimebound:RainOfGoop","floor":26.0},{"not_picked":["Slimebound:DisruptingSlam","Slimebound:ItLooksTasty","Slimebound:LevelUp"],"picked":"SKIP","floor":27.0},{"not_picked":["Slimebound:SlimeSpikes","Slimebound:RollThrough"],"picked":"Slimebound:LivingWall","floor":28.0},{"not_picked":["Slimebound:Replication","Slimebound:SplitBruiser","Slimebound:SplitAcid"],"picked":"SKIP","floor":31.0},{"not_picked":["Slimebound:RollThrough","Slimebound:GrowthPunch","Slimebound:ForwardTackle"],"picked":"SKIP","floor":32.0},{"not_picked":["Slimebound:LivingWall","Slimebound:SplitLeeching+1","Slimebound:Grow"],"picked":"SKIP","floor":36.0},{"not_picked":["Slimebound:SplitMire+1","Slimebound:FormOfPuddle+1","Slimebound:SplitBruiser"],"picked":"SKIP","floor":39.0},{"not_picked":["Slimebound:GoopSpray","Slimebound:MinionMaster","Slimebound:Grow+1"],"picked":"SKIP","floor":40.0},{"not_picked":["Slimebound:Nibble","Slimebound:SlimeSpikes","Slimebound:RollThrough+1"],"picked":"SKIP","floor":43.0},{"not_picked":["Slimebound:FinishingTackle","Slimebound:SplitAcid","Slimebound:LeechEnergy+1"],"picked":"SKIP","floor":48},{"not_picked":["Slimebound:MassFeed","Slimebound:PressTheAttack+1","Slimebound:LeechEnergy+1"],"picked":"SKIP","floor":49}],"player_experience":216180,"relics_obtained":[{"floor":7.0,"key":"Pear"},{"floor":8.0,"key":"Lantern"},{"floor":14.0,"key":"Orichalcum"},{"floor":24.0,"key":"CeramicFish"},{"floor":28.0,"key":"MutagenicStrength"},{"floor":40.0,"key":"Shuriken"},{"floor":41.0,"key":"Eternal Feather"},{"floor":44.0,"key":"Mango"}],"event_choices":[{"cards_removed":["Slimebound:Strike_Slimebound"],"damage_healed":0.0,"max_hp_gain":0.0,"max_hp_loss":0.0,"gold_gain":0.0,"event_name":"Bonfire Elementals","player_choice":"Offered Basic","floor":4.0,"gold_loss":0.0,"damage_taken":0.0},{"damage_healed":0.0,"max_hp_gain":0.0,"max_hp_loss":0.0,"gold_gain":0.0,"event_name":"NoteForYourself","player_choice":"Ignored","floor":21.0,"gold_loss":0.0,"damage_taken":0.0},{"damage_healed":0.0,"max_hp_gain":0.0,"max_hp_loss":0.0,"gold_gain":0.0,"event_name":"Upgrade Shrine","player_choice":"Upgraded","floor":45.0,"gold_loss":0.0,"damage_taken":0.0,"cards_upgraded":["Slimebound:RainOfGoop"]}],"is_beta":false,"boss_relics":[{"not_picked":["Velvet Choker","Tiny House"],"picked":"SlaversCollar"},{"not_picked":["Coffee Dripper","Philosopher\u0027s Stone"],"picked":"Empty Cage"}],"items_purged_floors":[10,13,31,38],"is_endless":false,"potions_floor_spawned":[5,9,12,19,26,33,36,40,43,44],"ascension_level":0}}