{"host":"ixtszv54kd1m8623","time":1609000438,"event":{"mods":["Act Like it!","Aspiration","BaseMod","Beaked The Cultist","ChefMod","Colored Map","Colored Powertips","Conspire","Downfall","Gensokyo","Halation","Hermit","Hubris","Infinite Spire","Jorbs\u0027s Wanderer Trilogy","Minty Spire (QoL Compilation)","Replay The Spire","Robot Space Explorer","Shade Mod","Shop Mod","StSLib","The Blackbeard","The Bug Knight","The Cursed","The Dragon Tamer","The Marked","The Runesmith"],"gold_per_floor":[127,27,38,52,52,65,65,90,90,102,102,115,25,35,45,45,45,45],"floor_reached":16,"playtime":768,"items_purged":["hubris:Sloth"],"score":104,"play_id":"6c84e787-98e5-4c77-9d94-393bdd962f7a","local_time":"20201226083358","is_ascension_mode":false,"metric_token":1747,"campfire_choices":[{"data":"DTMod:MagiciansMark","floor":9,"key":"SMITH"},{"data":"DTMod:Training","floor":11,"key":"SMITH"}],"dtmod_dragon_data":[15,50,-1,-1,0,0],"circlet_count":0,"master_deck":["DTMod:Strike+1","DTMod:Strike","DTMod:Strike","DTMod:Strike","DTMod:DoubleHit","DTMod:TargetDefense","DTMod:TargetDefense","DTMod:TargetDefense","DTMod:TargetDefense","DTMod:SwitchingTactic+1","DTMod:BalancedStrike","Ghostly","DTMod:ComboAttack","DTMod:MagiciansMark+1","Normality","infinitespire:Starlight","DTMod:BreakAttack+1","DTMod:Adaptation","DTMod:Training+1","DTMod:Coolant","DTMod:TauntingStrike","DTMod:BurningEnergy","DTMod:Dissolve"],"relics":["DTMod:PactStone","conspire:BottledYoYo","Lantern","Whetstone"],"acts_visited":["Exordium"],"potions_floor_usage":[12,14,16],"damage_taken":[{"damage":1,"enemies":"conspire:MimicChest","floor":1,"turns":5},{"damage":0,"enemies":"Jaw Worm","floor":3,"turns":3},{"damage":0,"enemies":"Small Slimes","floor":4,"turns":3},{"damage":0,"enemies":"Cultist","floor":6,"turns":4},{"damage":14,"enemies":"Lagavulin","floor":8,"turns":7},{"damage":0,"enemies":"Blue Slaver","floor":10,"turns":5},{"damage":2,"enemies":"2 Fungi Beasts","floor":12,"turns":4},{"damage":0,"enemies":"downfall:FleeingMerchant","floor":13,"turns":4},{"damage":2,"enemies":"Gremlin Gang","floor":14,"turns":4},{"damage":0,"enemies":"Blue Slaver","floor":15,"turns":4},{"damage":53,"enemies":"downfall:Watcher","floor":16,"turns":8}],"seed_played":"6750332736940572445","potions_obtained":[{"floor":1,"key":"LiquidMemories"},{"floor":3,"key":"Languid Potion"},{"floor":8,"key":"LiquidBronze"},{"floor":12,"key":"ColorlessPotion"}],"is_trial":false,"path_per_floor":["R_BF","?","M","M","?","M","T","E","R","M","R","M","$","M","M","B"],"character_chosen":"THE_DT","items_purchased":[],"campfire_rested":0,"item_purchase_floors":[],"current_hp_per_floor":[44,44,44,44,44,45,45,39,39,45,45,43,45,43,43,0,0,0],"gold":45,"neow_bonus":"UPGRADE_CARD","is_daily":false,"chose_seed":false,"campfire_upgraded":2,"win_rate":0.0,"timestamp":1609000438,"path_taken":["R_BF","?","M","M","?","M","T","E","R","M","R","M","?","?","M","BOSS"],"items_purchased_type":[],"build_version":"2020-12-22","purchased_purges":1,"victory":false,"max_hp_per_floor":[45,45,45,45,45,45,45,45,45,45,45,45,45,45,45,45,45,45],"card_choices":[{"not_picked":["DTMod:Threaten","DTMod:MagicField"],"picked":"DTMod:BalancedStrike","floor":1},{"not_picked":["DTMod:DragonDance","DTMod:Hide"],"picked":"DTMod:ComboAttack","floor":3},{"not_picked":["DTMod:BlueScale","DTMod:Cover"],"picked":"DTMod:MagiciansMark","floor":4},{"not_picked":["infinitespire:SevenWalls","infinitespire:Menacing"],"picked":"infinitespire:Starlight","floor":5},{"not_picked":["DTMod:Hide","DTMod:CleansingStrike"],"picked":"DTMod:BreakAttack","floor":6},{"not_picked":["DTMod:Weaken","DTMod:GhostSkin"],"picked":"DTMod:Adaptation","floor":8},{"not_picked":["DTMod:HeadStart","DTMod:FlameSlash"],"picked":"DTMod:Training","floor":10},{"not_picked":["DTMod:LastStand","DTMod:BalancedStrike"],"picked":"DTMod:Coolant","floor":12},{"not_picked":["DTMod:RecklessFlurry","DTMod:StarRain"],"picked":"DTMod:TauntingStrike","floor":13},{"not_picked":["DTMod:Threaten","DTMod:MasterPlan"],"picked":"DTMod:BurningEnergy","floor":14},{"not_picked":["DTMod:Punisher","DTMod:BreakAttack"],"picked":"DTMod:Dissolve","floor":15}],"player_experience":141243,"relics_obtained":[{"floor":1,"key":"conspire:BottledYoYo"},{"floor":7,"key":"Lantern"},{"floor":8,"key":"Whetstone"}],"event_choices":[{"damage_healed":0,"gold_gain":0,"player_choice":"Argue","damage_taken":0,"max_hp_gain":0,"max_hp_loss":0,"event_name":"conspire:LoneGhost","floor":2,"gold_loss":0}],"is_beta":false,"boss_relics":[],"items_purged_floors":[13],"is_endless":false,"potions_floor_spawned":[1,3,8,12],"killed_by":"downfall:Watcher","ascension_level":0}}