{"host":"ezkqjaqywejtjag1","time":1609016890,"event":{"mods":["BaseMod","Colored Map","Infinite Spire","Minty Spire (QoL Compilation)","StSLib"],"gold_per_floor":[114,125,125,125,141,141,152,152,224,235,235,276,276,299,299,407,407,434,443,453,453,470,470,470,496,496,517,517,43,68,93,93,93,93],"floor_reached":33,"playtime":1337,"items_purged":["infinitespire:OneForAll"],"score":401,"play_id":"f16021b5-8b6e-4e4f-9e23-15fc2ae486c7","local_time":"20201226160810","daily_mods":["SealedDeck","Hoarder"],"is_ascension_mode":false,"campfire_choices":[{"data":"infinitespire:OneForAll","floor":6,"key":"SMITH"},{"data":"Reckless Charge","floor":8,"key":"SMITH"},{"floor":13,"key":"REST"},{"floor":15,"key":"REST"},{"floor":23,"key":"REST"},{"floor":28,"key":"REST"},{"data":"infinitespire:Starlight","floor":32,"key":"SMITH"}],"circlet_count":0,"master_deck":["Carnage","Carnage","Carnage","Sword Boomerang","Sword Boomerang","Sword Boomerang","Dropkick","Dropkick+1","Dropkick","Pummel","Pummel","Pummel+1","Headbutt","Headbutt","Headbutt","Thunderclap","Thunderclap","Thunderclap","Sword Boomerang","Sword Boomerang","Sword Boomerang","infinitespire:OneForAll+1","Clash","Clash","Clash","Anger","Anger","Anger","Sword Boomerang","Sword Boomerang","Sword Boomerang","Reckless Charge+1","Reckless Charge","Reckless Charge","Havoc","Havoc","Havoc","Clothesline","Clothesline","Clothesline","Anger","Anger","Anger","Clash","Clash","Clash","Double Tap","Double Tap","Double Tap","Iron Wave+1","Iron Wave+1","Iron Wave+1","infinitespire:Starlight+1","infinitespire:Starlight","infinitespire:Starlight","Twin Strike","Twin Strike","Twin Strike","Pommel Strike+1","Pommel Strike+1","Pommel Strike+1","Inflame","Inflame","Inflame","Wild Strike","Wild Strike","Wild Strike","Iron Wave","Iron Wave","Iron Wave"],"relics":["Black Blood","CeramicFish","Nilry\u0027s Codex","Potion Belt","Medical Kit","Meat on the Bone"],"acts_visited":["Exordium","TheCity"],"potions_floor_usage":[33,33,33,33],"damage_taken":[{"damage":12,"enemies":"2 Louse","floor":1,"turns":2},{"damage":0,"enemies":"Small Slimes","floor":2,"turns":1},{"damage":11,"enemies":"Jaw Worm","floor":5,"turns":2},{"damage":0,"enemies":"2 Fungi Beasts","floor":7,"turns":2},{"damage":27,"enemies":"Large Slime","floor":10,"turns":4},{"damage":10,"enemies":"Gremlin Nob","floor":12,"turns":3},{"damage":11,"enemies":"Exordium Wildlife","floor":14,"turns":2},{"damage":67,"enemies":"The Guardian","floor":16,"turns":6},{"damage":30,"enemies":"2 Thieves","floor":18,"turns":3},{"damage":0,"enemies":"Spheric Guardian","floor":20,"turns":3},{"damage":32,"enemies":"Snecko","floor":22,"turns":5},{"damage":17,"enemies":"Centurion and Healer","floor":25,"turns":3},{"damage":18,"enemies":"3 Cultists","floor":27,"turns":3},{"damage":21,"enemies":"Shelled Parasite and Fungi","floor":30,"turns":3},{"damage":15,"enemies":"Snake Plant","floor":31,"turns":4},{"damage":113,"enemies":"Champ","floor":33,"turns":9}],"seed_played":"-5765868948433697422","potions_obtained":[{"floor":2,"key":"GamblersBrew"},{"floor":20,"key":"SkillPotion"},{"floor":22,"key":"FearPotion"},{"floor":25,"key":"LiquidMemories"},{"floor":31,"key":"PowerPotion"}],"is_trial":true,"path_per_floor":["M","M","$","?","M","R","M","R","T","M","?","E","R","M","R","B",null,"M","AVR","M","?","M","R","?","M","T","M","R","$","M","M","R","B"],"character_chosen":"IRONCLAD","items_purchased":["Medical Kit","Meat on the Bone","Inflame"],"campfire_rested":4,"item_purchase_floors":[29,29,29],"current_hp_per_floor":[74,80,80,64,59,59,65,65,65,44,44,40,64,59,80,19,80,62,62,80,80,60,80,64,59,59,53,77,77,68,75,75,0,0],"gold":93,"neow_bonus":"","is_daily":false,"chose_seed":false,"campfire_upgraded":3,"win_rate":0.0,"timestamp":1609016890,"path_taken":["M","M","$","?","M","R","M","R","T","M","?","E","R","?","R","BOSS","M","AVR","M","?","M","R","?","M","T","?","R","$","M","M","R","BOSS"],"items_purchased_type":["Relic","Relic","Card"],"build_version":"2020-12-22","purchased_purges":1,"victory":false,"max_hp_per_floor":[80,80,80,80,80,80,80,80,80,80,80,80,80,80,80,80,80,80,80,80,80,80,80,80,80,80,80,80,80,80,80,80,80,80],"card_choices":[{"not_picked":["Clothesline","Heavy Blade","Blood for Blood"],"picked":"SKIP","floor":1},{"not_picked":["Pommel Strike","Armaments"],"picked":"Sword Boomerang","floor":2},{"not_picked":["Warcry","Battle Trance"],"picked":"Reckless Charge","floor":5},{"not_picked":["Headbutt","Flame Barrier"],"picked":"Havoc","floor":7},{"not_picked":["Body Slam","Metallicize"],"picked":"Clothesline","floor":10},{"not_picked":["Infernal Blade","Heavy Blade"],"picked":"Anger","floor":12},{"not_picked":["Flame Barrier","Infernal Blade"],"picked":"Clash","floor":14},{"not_picked":["Barricade","Juggernaut"],"picked":"Double Tap","floor":16},{"not_picked":["Clothesline","Entrench"],"picked":"Iron Wave+1","floor":18},{"not_picked":["Searing Blow+1","Sword Boomerang","Flame Barrier"],"picked":"SKIP","floor":20},{"not_picked":["Intimidate","Warcry+1","Evolve"],"picked":"SKIP","floor":22},{"not_picked":["Clothesline+1","Anger"],"picked":"Twin Strike","floor":25},{"not_picked":["Warcry","Searing Blow"],"picked":"Pommel Strike+1","floor":27},{"not_picked":["Searing Blow","Blood for Blood"],"picked":"Wild Strike","floor":30},{"not_picked":["Flame Barrier+1","Clash"],"picked":"Iron Wave","floor":31}],"player_experience":167300,"relics_obtained":[{"floor":12,"key":"CeramicFish"},{"floor":24,"key":"Nilry\u0027s Codex"},{"floor":26,"key":"Potion Belt"}],"event_choices":[{"damage_healed":0,"gold_gain":0,"player_choice":"Entered Light","damage_taken":16,"max_hp_gain":0,"max_hp_loss":0,"event_name":"Shining Light","floor":4,"gold_loss":0,"cards_upgraded":["Pummel","Dropkick"]},{"damage_healed":0,"gold_gain":0,"player_choice":"Simplicity","damage_taken":0,"max_hp_gain":0,"max_hp_loss":0,"event_name":"Back to Basics","floor":21,"gold_loss":0,"cards_upgraded":[]},{"damage_healed":0,"gold_gain":0,"player_choice":"Obtained Book","damage_taken":16,"max_hp_gain":0,"max_hp_loss":0,"event_name":"Cursed Tome","floor":24,"gold_loss":0}],"is_beta":false,"boss_relics":[{"not_picked":["Fusion Hammer","SlaversCollar"],"picked":"Black Blood"}],"items_purged_floors":[19],"is_endless":false,"potions_floor_spawned":[2,10,20,22,25,31],"killed_by":"Champ","ascension_level":0}}