{"host":"867cnhxguf2bzj4x","time":1609002097,"event":{"mods":["BaseMod","Downfall","GifTheSpireLib","Minty Spire (QoL Compilation)","StSLib"],"gold_per_floor":[210,210,226,47,63,63,33,33,56,56,6,6,26,44,44,149,149,160,160,259,276,276,310,310,321,321,321,321,321,149,165,165,266,266,284,284,298,298,298],"floor_reached":40,"playtime":1574,"items_purged":["Bash"],"score":592,"play_id":"eb8d9460-2c00-46ce-8c6f-42a7b35fc42f","local_time":"20201226180137","is_ascension_mode":false,"campfire_choices":[{"data":"expansioncontent:QuickStudy","floor":6,"key":"SMITH"},{"data":"Infernal Blade","floor":10,"key":"SMITH"},{"data":"Metallicize","floor":12,"key":"SMITH"},{"data":"Armaments","floor":15,"key":"SMITH"},{"floor":24,"key":"RECALL"},{"data":"Feel No Pain","floor":27,"key":"SMITH"},{"data":"Pommel Strike","floor":29,"key":"SMITH"},{"floor":32,"key":"REST"}],"circlet_count":0,"master_deck":["Strike_R+1","Strike_R+1","Strike_R+1","Strike_R+1","Defend_R+1","Defend_R+1","Defend_R+1","Defend_R+1","Infernal Blade+1","Pommel Strike+1","expansioncontent:QuickStudy+1","Feel No Pain+1","Metallicize+1","Seeing Red+1","Armaments+1","Demon Form","expansioncontent:QuickStudy+1","Battle Trance","Discovery","Trip","expansioncontent:Corrupt"],"relics":["Burning Blood","Nunchaku","Sozu","War Paint","Matryoshka","MutagenicStrength","Cursed Key"],"acts_visited":["Exordium","TheCity","TheBeyond"],"potions_floor_usage":[14,39],"damage_taken":[{"damage":10,"enemies":"Cultist","floor":1,"turns":4},{"damage":11,"enemies":"Jaw Worm","floor":3,"turns":4},{"damage":10,"enemies":"Small Slimes","floor":5,"turns":3},{"damage":7,"enemies":"Looter","floor":7,"turns":4},{"damage":6,"enemies":"Large Slime","floor":13,"turns":3},{"damage":9,"enemies":"Lots of Slimes","floor":14,"turns":3},{"damage":39,"enemies":"Hexaghost","floor":16,"turns":11},{"damage":33,"enemies":"2 Thieves","floor":18,"turns":5},{"damage":2,"enemies":"Spheric Guardian","floor":21,"turns":4},{"damage":17,"enemies":"Book of Stabbing","floor":23,"turns":7},{"damage":4,"enemies":"Centurion and Healer","floor":25,"turns":5},{"damage":12,"enemies":"Chosen and Byrds","floor":31,"turns":4},{"damage":20,"enemies":"Champ","floor":33,"turns":9},{"damage":0,"enemies":"Orb Walker","floor":35,"turns":3},{"damage":3,"enemies":"3 Shapes","floor":37,"turns":2},{"damage":50,"enemies":"Donu and Deca","floor":39,"turns":10}],"seed_played":"1913318039459806750","potions_obtained":[{"floor":1,"key":"Explosive Potion"},{"floor":13,"key":"SteroidPotion"}],"is_trial":false,"path_per_floor":["M","$","M","$","M","R","M","$","T","R","?","R","M","M","R","B",null,"M","?","?","M","?","E","R","M","T","R","?","R","$","M","R","B",null,"M","?","M","?","B",null],"character_chosen":"IRONCLAD","items_purchased":["expansioncontent:QuickStudy","Discovery"],"campfire_rested":1,"item_purchase_floors":[4,30],"current_hp_per_floor":[76,76,71,71,67,67,66,66,66,66,66,66,66,63,63,30,80,53,53,53,57,57,46,46,48,48,48,48,48,48,42,66,52,80,80,70,73,73,39],"gold":298,"neow_bonus":"HUNDRED_GOLD","is_daily":false,"chose_seed":false,"campfire_upgraded":6,"win_rate":0.0,"timestamp":1609002097,"path_taken":["M","$","M","$","M","R","M","?","T","R","?","R","M","M","R","BOSS","M","?","?","M","?","E","R","?","T","R","?","R","$","M","R","BOSS","M","?","M","?","BOSS"],"items_purchased_type":["Card","Card"],"build_version":"2020-12-22","purchased_purges":1,"victory":true,"max_hp_per_floor":[80,80,80,80,80,80,80,80,80,80,80,80,80,80,80,80,80,80,80,80,80,80,80,80,80,80,80,80,80,80,80,80,80,80,80,80,80,80,80],"card_choices":[{"not_picked":["Disarm","Blood for Blood"],"picked":"Infernal Blade","floor":1},{"not_picked":["Reckless Charge","Ghostly Armor"],"picked":"Pommel Strike","floor":3},{"not_picked":["True Grit","Wild Strike"],"picked":"Feel No Pain","floor":5},{"not_picked":["Rage","Anger"],"picked":"Metallicize","floor":7},{"not_picked":["Dark Embrace","Reckless Charge"],"picked":"Seeing Red","floor":13},{"not_picked":["Fire Breathing","Perfected Strike"],"picked":"Armaments","floor":14},{"not_picked":["Double Tap","Bludgeon"],"picked":"Demon Form","floor":16},{"not_picked":["Wild Strike","Perfected Strike+1","Sword Boomerang+1"],"picked":"SKIP","floor":18},{"not_picked":["Clothesline","Burning Pact+1","Armaments"],"picked":"SKIP","floor":21},{"not_picked":["Anger+1","Warcry"],"picked":"Battle Trance","floor":23},{"not_picked":["Sword Boomerang","Bludgeon","Anger+1"],"picked":"SKIP","floor":25},{"not_picked":["Clothesline","Cleave","Bloodletting+1"],"picked":"SKIP","floor":31},{"not_picked":["Heavy Blade","Twin Strike+1","Flex+1"],"picked":"SKIP","floor":35},{"not_picked":["expansioncontent:DarkVoid","expansioncontent:ChargeUp"],"picked":"Trip","floor":36},{"not_picked":["Sadistic Nature","expansioncontent:SlimeTackle"],"picked":"expansioncontent:Corrupt","floor":36},{"not_picked":["Clothesline","Cleave+1","Headbutt"],"picked":"SKIP","floor":37}],"player_experience":62230,"relics_obtained":[{"floor":9,"key":"Nunchaku"},{"floor":23,"key":"War Paint"},{"floor":26,"key":"Matryoshka"}],"event_choices":[{"cards_removed":["Strike_R"],"damage_healed":0,"gold_gain":0,"player_choice":"Card Removal","damage_taken":0,"max_hp_gain":0,"max_hp_loss":0,"event_name":"The Cleric","floor":11,"gold_loss":50},{"damage_healed":0,"gold_gain":0,"player_choice":"Simplicity","damage_taken":0,"max_hp_gain":0,"max_hp_loss":0,"event_name":"Back to Basics","floor":19,"gold_loss":0,"cards_upgraded":["Strike_R","Strike_R","Strike_R","Strike_R","Defend_R","Defend_R","Defend_R","Defend_R"]},{"damage_healed":0,"gold_gain":99,"player_choice":"Stole From Cult","damage_taken":0,"max_hp_gain":0,"max_hp_loss":0,"event_name":"Nest","floor":20,"gold_loss":0},{"damage_healed":0,"gold_gain":0,"player_choice":"Copied","damage_taken":0,"max_hp_gain":0,"max_hp_loss":0,"event_name":"Duplicator","floor":22,"gold_loss":0,"cards_obtained":["expansioncontent:QuickStudy"]},{"damage_healed":0,"gold_gain":0,"player_choice":"Inject Mutagens","damage_taken":0,"relics_obtained":["MutagenicStrength"],"max_hp_gain":0,"max_hp_loss":0,"event_name":"Drug Dealer","floor":28,"gold_loss":0},{"damage_healed":0,"gold_gain":0,"player_choice":"Memory 3","damage_taken":10,"max_hp_gain":0,"max_hp_loss":0,"event_name":"SensoryStone","floor":36,"gold_loss":0},{"damage_healed":0,"gold_gain":0,"player_choice":"Took Portal","damage_taken":0,"max_hp_gain":0,"max_hp_loss":0,"event_name":"SecretPortal","floor":38,"gold_loss":0}],"is_beta":false,"boss_relics":[{"not_picked":["Calling Bell","Mark of Pain"],"picked":"Sozu"},{"not_picked":["Coffee Dripper","SacredBark"],"picked":"Cursed Key"}],"items_purged_floors":[30],"is_endless":false,"potions_floor_spawned":[1,13,18,21,33,35],"ascension_level":0}}