{"host":"90jl2h70xtuoeg0i","time":1609005139,"event":{"mods":["AchievementEnabler","BaseMod","Colored Map","Colored Powertips","Highlight Path","Minty Spire (QoL Compilation)","Relic Stats","ojb\u0027s Info Mod"],"gold_per_floor":[111,129,129,150,165,208,182,182,252,271,346,346,346],"floor_reached":12,"playtime":853,"items_purged":[],"score":164,"play_id":"0bfef3d8-63f4-4808-aba3-832f52f4bec8","local_time":"20201226125219","is_ascension_mode":true,"campfire_choices":[{"floor":8,"key":"REST"}],"circlet_count":0,"master_deck":["AscendersBane","Strike_G","Strike_G","Strike_G","Strike_G","Strike_G","Defend_G","Defend_G","Defend_G","Defend_G","Defend_G","Survivor","Neutralize","Leg Sweep","Blade Dance","Flying Knee","After Image","Blade Dance","Finisher"],"relics":["Ring of the Snake","NeowsBlessing","Golden Idol","Shovel","Eternal Feather"],"acts_visited":["Exordium"],"potions_floor_usage":[6,10,12],"damage_taken":[{"damage":0,"enemies":"Small Slimes","floor":1,"turns":1},{"damage":0,"enemies":"2 Louse","floor":2,"turns":1},{"damage":0,"enemies":"Jaw Worm","floor":4,"turns":1},{"damage":2,"enemies":"2 Fungi Beasts","floor":5,"turns":4},{"damage":35,"enemies":"3 Sentries","floor":6,"turns":11},{"damage":1,"enemies":"Exordium Thugs","floor":7,"turns":4},{"damage":7,"enemies":"3 Louse","floor":10,"turns":4},{"damage":18,"enemies":"Lagavulin","floor":12,"turns":10}],"seed_played":"-2557889728652551435","potions_obtained":[{"floor":2,"key":"SkillPotion"},{"floor":4,"key":"GamblersBrew"},{"floor":5,"key":"SteroidPotion"},{"floor":7,"key":"Block Potion"}],"is_trial":false,"path_per_floor":["M","M","?","M","M","E","M","R","T","M","?","E"],"character_chosen":"THE_SILENT","items_purchased":[],"campfire_rested":1,"item_purchase_floors":[],"current_hp_per_floor":[59,59,59,59,57,22,21,39,39,32,21,3,3],"gold":346,"neow_bonus":"THREE_ENEMY_KILL","is_daily":false,"chose_seed":false,"campfire_upgraded":0,"win_rate":0.0,"timestamp":1609005139,"path_taken":["M","M","?","M","M","E","M","R","T","M","?","E"],"items_purchased_type":[],"build_version":"2020-12-22","purchased_purges":0,"victory":false,"max_hp_per_floor":[66,66,60,60,60,60,60,60,60,60,60,60,60],"relic_stats":{"Shovel":0,"counters":[8,36],"Golden Idol":23,"Eternal Feather":0,"obtain_stats":[{"Shovel":6,"NeowsBlessing":0,"Golden Idol":3,"Eternal Feather":9,"Ring of the Snake":0},{"Shovel":5,"NeowsBlessing":0,"Golden Idol":2,"Eternal Feather":6,"Ring of the Snake":0},{"Shovel":18,"NeowsBlessing":0,"Golden Idol":2,"Eternal Feather":22,"Ring of the Snake":0}],"Ring of the Snake":[16]},"card_choices":[{"not_picked":["Deflect","Quick Slash"],"picked":"Leg Sweep","floor":1},{"not_picked":["PiercingWail","Well Laid Plans","Leg Sweep"],"picked":"SKIP","floor":2},{"not_picked":["Well Laid Plans","Noxious Fumes"],"picked":"Blade Dance","floor":4},{"not_picked":["Deflect","Backflip"],"picked":"Flying Knee","floor":5},{"not_picked":["Noxious Fumes","Deflect"],"picked":"After Image","floor":6},{"not_picked":["Caltrops","Catalyst"],"picked":"Blade Dance","floor":7},{"not_picked":["Flechettes","Prepared"],"picked":"Finisher","floor":10}],"player_experience":1410549,"relics_obtained":[{"floor":6,"key":"Shovel"},{"floor":9,"key":"Eternal Feather"}],"event_choices":[{"damage_healed":0,"gold_gain":0,"player_choice":"Lose Max HP","damage_taken":0,"relics_obtained":["Golden Idol"],"max_hp_gain":0,"max_hp_loss":6,"event_name":"Golden Idol","floor":3,"gold_loss":0},{"damage_healed":0,"gold_gain":75,"player_choice":"Gather Gold","damage_taken":11,"max_hp_gain":0,"max_hp_loss":0,"event_name":"World of Goop","floor":11,"gold_loss":0}],"is_beta":false,"boss_relics":[],"items_purged_floors":[],"is_endless":false,"potions_floor_spawned":[2,4,5,7],"killed_by":"Lagavulin","ascension_level":20}}