{"host":"1g0zx6fxgd1m75qs","time":1609005303,"event":{"mods":["Act Like it!","BaseMod","GifTheSpireLib","Googly Eyes","Hallownest","Minty Spire (QoL Compilation)","StSLib","The Bug Knight"],"gold_per_floor":[113,0,0,19,19,51,51,51,77,77,77],"floor_reached":10,"playtime":1260,"items_purged":[],"score":64,"play_id":"446bbba8-b277-42fa-88af-b27ab6fbe62b","local_time":"20201226185503","is_ascension_mode":false,"campfire_choices":[{"floor":8,"key":"REST"}],"circlet_count":0,"master_deck":["HollowMod:NailStrikeStart","HollowMod:NailStrikeStart","HollowMod:NailStrikeStart","HollowMod:NailStrikeStart","HollowMod:QuickDashStart+1","HollowMod:QuickDashStart","HollowMod:QuickDashStart","HollowMod:QuickDashStart","HollowMod:FocusHealStart","HollowMod:PogoStrike","Hallownest:curseDreamersLament","HollowMod:LifebloodCocoon","HollowMod:SharpenedShadows","HollowMod:SiblingsShadow","HollowMod:HowlingWraiths","HollowMod:DashSlash"],"relics":["HollowMod:VesselMask","Prayer Wheel","Potion Belt","Sundial","Hallownest:DreamNailRelic","Pen Nib"],"acts_visited":["Hallownest:Greenpath"],"potions_floor_usage":[10],"damage_taken":[{"damage":26,"enemies":"Hallownest:monsterHuskGuard","floor":1,"turns":8},{"damage":19,"enemies":"Hallownest:2_Tiktiks_and_1_Crawlid","floor":4,"turns":6},{"damage":52,"enemies":"Hallownest:eliteVengeflyKing","floor":6,"turns":20},{"damage":38,"enemies":"Hallownest:eliteCrystalGuardian","floor":10,"turns":5}],"seed_played":"-4363157896143028343","potions_obtained":[{"floor":6,"key":"Explosive Potion"}],"is_trial":false,"path_per_floor":["M","?","?","M","?","E","?","R","T","E"],"character_chosen":"THE_BUGKNIGHT","items_purchased":[],"campfire_rested":1,"item_purchase_floors":[],"current_hp_per_floor":[57,57,57,44,44,4,4,26,26,0,0],"gold":77,"neow_bonus":"ONE_RARE_RELIC","is_daily":false,"chose_seed":false,"campfire_upgraded":0,"win_rate":0.0,"timestamp":1609005303,"path_taken":["M","?","?","M","?","E","?","R","T","E"],"items_purchased_type":[],"build_version":"2020-12-22","purchased_purges":0,"victory":false,"max_hp_per_floor":[75,75,75,75,75,75,75,75,75,75,75],"card_choices":[{"not_picked":["HollowMod:InfectedCysts","HollowMod:InfectionAssault"],"picked":"HollowMod:LifebloodCocoon","floor":1},{"not_picked":["HollowMod:WraithStrike","HollowMod:InfectedAttack"],"picked":"HollowMod:SharpenedShadows","floor":1},{"not_picked":["HollowMod:FallenFury","HollowMod:CycloneSlash"],"picked":"HollowMod:SiblingsShadow","floor":4},{"not_picked":["HollowMod:SharpenedNail","HollowMod:InfectedAttack","HollowMod:HowlingWraiths"],"picked":"SKIP","floor":4},{"not_picked":["HollowMod:SharpenedNail","HollowMod:InfectedAttack"],"picked":"HollowMod:HowlingWraiths","floor":4},{"not_picked":["HollowMod:GrimmsGift","HollowMod:NewGlowingWomb"],"picked":"HollowMod:DashSlash","floor":6}],"player_experience":399686,"relics_obtained":[{"floor":6,"key":"Sundial"},{"floor":9,"key":"Pen Nib"}],"event_choices":[],"is_beta":false,"boss_relics":[],"items_purged_floors":[],"is_endless":false,"potions_floor_spawned":[6],"killed_by":"Hallownest:eliteCrystalGuardian","ascension_level":0}}