{"host":"qwb18rbrg3wnmsho","time":1609000965,"event":{"mods":["Act Like it!","BaseMod","BetterRewards","Gensokyo","Minty Spire (QoL Compilation)","MostiFishMod","Potion Indicator Mod","Quarter Circle Forward PUNCH!","Remilia£®¿Ÿ√◊¿Ú—«£©","Replay The Spire","StSLib","The Mystic","[IsaacMod]“‘»ˆº‚À˛"],"gold_per_floor":[117,128,138,152,170,170,199,217,217,244,244,26,42,56,56,301,301,315,88,106,216,137,137,147,176,225,253,266,266,266,286,286,391,391,404,404,109,120,120,538,538,718,-682,-656,-656,-627,-627,-608,-608,-608],"floor_reached":51,"playtime":2734,"items_purged":["Strike_G"],"score":1159,"play_id":"06e72d8a-55cc-4d11-8faf-aad99d88cdd5","local_time":"20201227004245","is_ascension_mode":true,"campfire_choices":[{"data":"Blade Dance","floor":6,"key":"SMITH"},{"data":"Pain","floor":15,"key":"PURGE"},{"floor":23,"key":"REST"},{"data":"MostiFishMod:Neurotoxin","floor":30,"key":"SMITH"},{"data":"Adrenaline","floor":32,"key":"SMITH"},{"data":"Blade Dance","floor":41,"key":"SMITH"}],"circlet_count":0,"master_deck":["Strike_G","Strike_G","Defend_G","Defend_G","Defend_G","Survivor","Neutralize","Blade Dance+1","Hidden Blade","MostiFishMod:PreservedThorns","MostiFishMod:PerfectParry","Adrenaline+1","Prepared","Blade Dance+1","Adrenaline","Footwork","MostiFishMod:PoisonShield+1","MostiFishMod:WinterMarkForm","ReplayTheSpireMod:Scrap Shanks","AbeCurse","Accuracy","Cloak And Dagger+1","MostiFishMod:ShivMaster","Bullet Time+1","Deflect+1","ReplayTheSpireMod:Speed Training+1","Atom Bomb"],"relics":["Ring of the Snake","HushsDoor","DaveBox","NeowsBlessing","SteamSale","xbg","SynthV:TestCard","qcfpunch:Green_Leotard","YumHeart","Replay:Wax Seal","Gensokyo:LunaticRedEyes","Chaos","Raider\u0027s Mask","Ornamental Fan","Orrery","TakeMeEscape","Strange Spoon","Ooze Armor","Burning Blood","Abe\u0027s Treasure","AnarchistCookbook","ReplayTheSpireMod:Ninjato","SatanicBible","Replay:Rubber Ducky","BloodDonationMachine","Astrolabe","SynthV:MejaisSoulstealer","TheBattery","Magic Flower","Damocles","ReplayTheSpireMod:DimensionalGlitch"],"acts_visited":["Gensokyo:Gensokyo","Gensokyo:Gensokyoer","Gensokyo:Gensokyoest"],"potions_floor_usage":[],"damage_taken":[{"damage":0,"enemies":"Gensokyo:Gryphon","floor":1,"turns":1},{"damage":0,"enemies":"Gensokyo:2_Kodama","floor":2,"turns":1},{"damage":0,"enemies":"Gensokyo:3_Fairies","floor":3,"turns":2},{"damage":0,"enemies":"Gensokyo:LivingMonolith","floor":4,"turns":3},{"damage":0,"enemies":"Gensokyo:2_Rabbits","floor":5,"turns":4},{"damage":17,"enemies":"Gensokyo:Cirno","floor":7,"turns":6},{"damage":0,"enemies":"Gensokyo:VengefulSpirit","floor":8,"turns":3},{"damage":0,"enemies":"Gensokyo:Aya","floor":10,"turns":8},{"damage":10,"enemies":"Gensokyo:Kitsune","floor":13,"turns":4},{"damage":8,"enemies":"Gensokyo:2_Rabbits","floor":14,"turns":3},{"damage":32,"enemies":"Gensokyo:Reimu","floor":16,"turns":9},{"damage":0,"enemies":"Gensokyo:AngelMirror","floor":18,"turns":2},{"damage":0,"enemies":"Gensokyo:Chomper","floor":20,"turns":3},{"damage":23,"enemies":"Hiden Room Battle","floor":21,"turns":4},{"damage":6,"enemies":"Gensokyo:Slime_Group","floor":24,"turns":4},{"damage":0,"enemies":"Gensokyo:Reisen","floor":25,"turns":4},{"damage":0,"enemies":"Gensokyo:Tenshi","floor":27,"turns":3},{"damage":0,"enemies":"Gensokyo:3_Gloops","floor":28,"turns":2},{"damage":0,"enemies":"Gensokyo:Wraith","floor":31,"turns":3},{"damage":35,"enemies":"Gensokyo:Eiki","floor":33,"turns":3},{"damage":0,"enemies":"Gensokyo:3_Boulders","floor":35,"turns":3},{"damage":0,"enemies":"Gensokyo:3_Bats","floor":38,"turns":3},{"damage":0,"enemies":"Gensokyo:Marisa","floor":40,"turns":5},{"damage":0,"enemies":"Gensokyo:Doremy","floor":42,"turns":4},{"damage":0,"enemies":"Gensokyo:Kasen","floor":44,"turns":4},{"damage":0,"enemies":"Gensokyo:Doremy","floor":46,"turns":3},{"damage":0,"enemies":"Gensokyo:3_Boulders","floor":48,"turns":2},{"damage":0,"enemies":"Gensokyo:Yuyuko","floor":50,"turns":2}],"seed_played":"8017233497436664402","potions_obtained":[{"floor":1,"key":"FearPotion"},{"floor":2,"key":"Poison Potion"},{"floor":4,"key":"Adrenaline Potion"}],"is_trial":false,"path_per_floor":["M","M","M","M","M","R","E","M","T","E","?","COS","M","M","R","B",null,"M","COS","M","?","$","R","M","E","T","E","M","?","R","M","R","B",null,"M","?","COS","M","?","E","R","E","T","E","?","E","?","M","R","B",null],"character_chosen":"THE_SILENT","items_purchased":["ReplayTheSpireMod:Scrap Shanks"],"campfire_rested":1,"item_purchase_floors":[22],"current_hp_per_floor":[70,70,70,70,70,70,53,53,53,53,53,53,43,35,35,28,70,70,70,70,32,32,53,53,59,59,65,70,70,70,70,70,41,70,70,70,70,70,70,44,44,50,50,56,56,65,65,70,70,70],"gold":-608,"neow_bonus":"THREE_ENEMY_KILL","is_daily":false,"chose_seed":false,"campfire_upgraded":4,"win_rate":0.0,"timestamp":1609000965,"path_taken":["M","M","?","M","M","R","E","M","T","E","?","COS","M","M","R","BOSS","M","COS","M","?","?","R","M","E","T","E","?","?","R","?","R","BOSS","M","?","COS","M","?","E","R","E","T","E","?","E","?","M","R","BOSS"],"items_purchased_type":["Card"],"build_version":"2020-12-22","purchased_purges":1,"victory":true,"max_hp_per_floor":[70,70,70,70,70,70,70,70,70,70,70,70,70,70,70,70,70,70,70,70,70,70,70,70,70,70,70,70,70,70,70,70,70,70,70,70,70,70,70,70,70,70,70,70,70,70,70,70,70,70],"card_choices":[{"not_picked":[],"picked":"ChaosCard","floor":0},{"not_picked":["Fluid Movement","Sucker Punch"],"picked":"Deflect","floor":1},{"not_picked":["Deadly Poison","Dash","Quick Slash","Fluid Movement","Blur"],"picked":"SKIP","floor":2},{"not_picked":["Acrobatics","Expertise","Dagger Spray","Hidden Blade"],"picked":"Blade Dance","floor":3},{"not_picked":["Blur","Bane","Blade Dance","Bouncing Flask"],"picked":"Hidden Blade","floor":4},{"not_picked":["Dagger Spray","Endless Agony","Wraith Form v2","Catalyst","Flechettes"],"picked":"SKIP","floor":5},{"not_picked":["Blade Dance","Dagger Spray","Dodge and Roll","Quick Slash"],"picked":"MostiFishMod:PreservedThorns","floor":7},{"not_picked":["Escape Plan","Expertise","Backflip","Dodge and Roll"],"picked":"MostiFishMod:PerfectParry","floor":8},{"not_picked":["Draining Mist","Night Terror","Acrobatics","Outmaneuver"],"picked":"Adrenaline","floor":10},{"not_picked":["ReplayTheSpireMod:Tripwire","Bane","Quick Slash","Poisoned Stab"],"picked":"Prepared","floor":13},{"not_picked":["Slice","Noxious Fumes","All Out Attack","MostiFishMod:PerfectParry"],"picked":"Blade Dance","floor":14},{"not_picked":["Corpse Explosion","Envenom","ReplayTheSpireMod:Necrosis","MostiFishMod:HiddenBlade"],"picked":"Adrenaline","floor":16},{"not_picked":["Bane+1","Cloak And Dagger","Prepared+1","Dodge and Roll","Draining Mist+1"],"picked":"SKIP","floor":18},{"not_picked":["Setup+1","Backflip","Slice","Concentrate"],"picked":"Footwork","floor":19},{"not_picked":["Deflect","Dagger Spray","Unload","Slice"],"picked":"MostiFishMod:PoisonShield+1","floor":19},{"not_picked":["MostiFishMod:PerfectParry","Dagger Spray","Noxious Fumes","Deflect+1","Prepared+1"],"picked":"SKIP","floor":20},{"not_picked":["Deadly Poison","Backflip","Outmaneuver","Acrobatics"],"picked":"MostiFishMod:WinterMarkForm","floor":21},{"not_picked":["Expertise","MostiFishMod:PerfectParry","Prepared","Hidden Blade","Flying Knee"],"picked":"SKIP","floor":24},{"not_picked":["A Thousand Cuts","Dagger Throw","Blur+1","Choke+1","Catalyst+1"],"picked":"SKIP","floor":25},{"not_picked":["Choke+1","Bane","All Out Attack","Slice"],"picked":"Accuracy","floor":27},{"not_picked":["Bane+1","Catalyst+1","Fluid Movement","Blade Dance"],"picked":"Cloak And Dagger+1","floor":28},{"not_picked":["Hidden Blade","Leg Sweep","Backflip+1","Choke","Deflect"],"picked":"SKIP","floor":31},{"not_picked":["Burst","Adrenaline","ReplayTheSpireMod:Necrosis","Phantasmal Killer"],"picked":"MostiFishMod:ShivMaster","floor":33},{"not_picked":["Bouncing Flask+1","Catalyst","Deadly Poison","Hidden Blade","ReplayTheSpireMod:Scrap Shanks+1"],"picked":"SKIP","floor":35},{"not_picked":["Dagger Spray","Flechettes+1","Poisoned Stab","Expertise+1","Predator"],"picked":"SKIP","floor":38},{"not_picked":["Underhanded Strike+1","Sneak Up+1","Leg Sweep+1","Bouncing Flask+1","Catalyst+1"],"picked":"SKIP","floor":40},{"not_picked":["Catalyst","MostiFishMod:FrostNova","Blade Dance+1","Poisoned Stab+1","Dagger Throw+1"],"picked":"SKIP","floor":40},{"not_picked":["Slice+1","Infinite Blades","Adrenaline","Backflip+1","MostiFishMod:PoisonShield"],"picked":"SKIP","floor":42},{"not_picked":["Dodge and Roll+1","Prepared","Deadly Poison+1","Sucker Punch","Heel Hook"],"picked":"SKIP","floor":44},{"not_picked":["Flying Knee","Dagger Spray+1","Accuracy","Infinite Blades","MostiFishMod:PoisonShield"],"picked":"SKIP","floor":46},{"not_picked":["Quick Slash","Slice","ReplayTheSpireMod:Speed Training+1","Masterful Stab","Hidden Blade+1"],"picked":"SKIP","floor":48}],"player_experience":289605,"relics_obtained":[{"floor":1,"key":"SynthV:TestCard"},{"floor":7,"key":"qcfpunch:Green_Leotard"},{"floor":9,"key":"YumHeart"},{"floor":10,"key":"Replay:Wax Seal"},{"floor":21,"key":"Strange Spoon"},{"floor":21,"key":"Ooze Armor"},{"floor":25,"key":"Abe\u0027s Treasure"},{"floor":26,"key":"AnarchistCookbook"},{"floor":27,"key":"ReplayTheSpireMod:Ninjato"},{"floor":40,"key":"BloodDonationMachine"},{"floor":42,"key":"Astrolabe"},{"floor":43,"key":"SynthV:MejaisSoulstealer"},{"floor":44,"key":"Magic Flower"},{"floor":46,"key":"Damocles"},{"floor":48,"key":"ReplayTheSpireMod:DimensionalGlitch"}],"event_choices":[{"damage_healed":0,"gold_gain":0,"player_choice":"Fight","damage_taken":0,"max_hp_gain":0,"max_hp_loss":0,"event_name":"HidenRoomEvent","floor":21,"gold_loss":0}],"is_beta":false,"boss_relics":[{"not_picked":["Mark of Pain","Replay:Accelerometer"],"picked":"Ornamental Fan"},{"not_picked":[]},{"not_picked":["D4","Kintsugi"],"picked":"SatanicBible"},{"not_picked":[]}],"items_purged_floors":[22],"is_endless":false,"potions_floor_spawned":[1,2,4,14,16,18,24,25,31,33,38,40,48],"ascension_level":1}}