{"host":"vc42n08di9czm3e7","time":1609015504,"event":{"mods":["AchievementEnabler","Act Like it!","BaseMod","Colored Powertips","Downfall","Friendly Minions","GifTheSpireLib","Minty Spire (QoL Compilation)","Rare Cards Sparkle","StSLib"],"gold_per_floor":[113,125,144,162,178,203,203,214,214,234,262,295,264,283,283,388,388,399,417,28,28,28,28],"floor_reached":22,"playtime":1141,"items_purged":["Strike_G"],"score":200,"play_id":"0baf96c2-859b-45c3-a64e-313737e95402","local_time":"20201226154504","is_ascension_mode":false,"campfire_choices":[{"data":"Glass Knife","floor":7,"key":"SMITH"},{"floor":15,"key":"REST"}],"circlet_count":0,"master_deck":["Strike_G","Strike_G","Strike_G","Strike_G","Defend_G","Defend_G","Defend_G","Defend_G","Defend_G","Survivor","Neutralize","Glass Knife+1","Flechettes","Bouncing Flask","Poisoned Stab","Cloak And Dagger","Backflip","Flying Knee","Dash","Prepared+1","Burst+1","Blade Dance+1","Adrenaline+1","Poisoned Stab","Guardian:Aged"],"relics":["Ring of the Snake","Happy Flower","Toxic Egg 2","Odd Mushroom","PreservedInsect","Velvet Choker","Peace Pipe"],"acts_visited":["Exordium","TheCity"],"potions_floor_usage":[4,5,12,19],"damage_taken":[{"damage":0,"enemies":"Cultist","floor":1,"turns":4},{"damage":0,"enemies":"Small Slimes","floor":2,"turns":2},{"damage":0,"enemies":"2 Louse","floor":3,"turns":2},{"damage":3,"enemies":"Exordium Thugs","floor":4,"turns":5},{"damage":2,"enemies":"Looter","floor":5,"turns":2},{"damage":21,"enemies":"3 Sentries","floor":6,"turns":10},{"damage":6,"enemies":"Large Slime","floor":8,"turns":6},{"damage":0,"enemies":"Blue Slaver","floor":10,"turns":3},{"damage":11,"enemies":"The Mushroom Lair","floor":11,"turns":4},{"damage":10,"enemies":"Gremlin Nob","floor":12,"turns":3},{"damage":0,"enemies":"2 Fungi Beasts","floor":14,"turns":2},{"damage":33,"enemies":"Hexaghost","floor":16,"turns":9},{"damage":0,"enemies":"Chosen","floor":18,"turns":3},{"damage":3,"enemies":"3 Byrds","floor":19,"turns":5},{"damage":6,"enemies":"Snecko","floor":22,"turns":4}],"seed_played":"7925556366522751008","potions_obtained":[{"floor":1,"key":"GhostInAJar"},{"floor":3,"key":"SmokeBomb"},{"floor":4,"key":"Explosive Potion"},{"floor":5,"key":"SkillPotion"},{"floor":11,"key":"SteroidPotion"},{"floor":16,"key":"Poison Potion"},{"floor":19,"key":"EssenceOfSteel"}],"is_trial":false,"path_per_floor":["M","M","M","M","M","E","R","M","T","M","?","E","?","M","R","B",null,"M","M","$","?","M"],"character_chosen":"THE_SILENT","items_purchased":["Peace Pipe"],"campfire_rested":1,"item_purchase_floors":[20],"current_hp_per_floor":[70,70,70,67,65,44,44,38,38,38,27,17,17,17,38,5,70,70,67,67,67,61,61],"gold":28,"neow_bonus":"ONE_RANDOM_RARE_CARD","is_daily":false,"chose_seed":false,"campfire_upgraded":1,"win_rate":0.0,"timestamp":1609015504,"path_taken":["M","M","M","M","?","E","R","M","T","M","?","E","?","M","R","BOSS","M","M","$","?","?"],"items_purchased_type":["Relic"],"build_version":"2020-12-22","purchased_purges":1,"victory":false,"max_hp_per_floor":[70,70,70,70,70,70,70,70,70,70,70,70,70,70,70,70,70,70,70,70,70,70,70],"card_choices":[{"not_picked":["Tactician","Quick Slash"],"picked":"Flechettes","floor":1},{"not_picked":["Well Laid Plans","Choke"],"picked":"Bouncing Flask","floor":2},{"not_picked":["Well Laid Plans","Concentrate"],"picked":"Poisoned Stab","floor":3},{"not_picked":["Outmaneuver","Prepared"],"picked":"Cloak And Dagger","floor":4},{"not_picked":["Dagger Throw","Quick Slash"],"picked":"Backflip","floor":5},{"not_picked":["Heel Hook","Prepared"],"picked":"Flying Knee","floor":6},{"not_picked":["Terror","Dagger Throw"],"picked":"Dash","floor":8},{"not_picked":["Quick Slash","Flying Knee","Sucker Punch"],"picked":"SKIP","floor":10},{"not_picked":["Riddle With Holes","Poisoned Stab"],"picked":"Prepared+1","floor":11},{"not_picked":["Blade Dance+1","Backflip+1"],"picked":"Burst+1","floor":12},{"not_picked":["Distraction+1","Slice"],"picked":"Blade Dance+1","floor":14},{"not_picked":["Tools of the Trade","Venomology+1"],"picked":"Adrenaline+1","floor":16},{"not_picked":["Sucker Punch+1","Outmaneuver+1"],"picked":"Poisoned Stab","floor":18},{"not_picked":["Leg Sweep+1","Masterful Stab","Dagger Throw"],"picked":"SKIP","floor":19}],"player_experience":252967,"relics_obtained":[{"floor":6,"key":"Happy Flower"},{"floor":9,"key":"Toxic Egg 2"},{"floor":11,"key":"Odd Mushroom"},{"floor":12,"key":"PreservedInsect"}],"event_choices":[{"damage_healed":0,"gold_gain":0,"player_choice":"Fought Mushrooms","damage_taken":0,"max_hp_gain":0,"max_hp_loss":0,"event_name":"Mushrooms","floor":11,"gold_loss":0},{"damage_healed":0,"gold_gain":0,"player_choice":"Left Gold","damage_taken":0,"max_hp_gain":0,"max_hp_loss":0,"event_name":"World of Goop","floor":13,"gold_loss":31},{"damage_healed":0,"gold_gain":0,"player_choice":"1 cards matched","damage_taken":0,"max_hp_gain":0,"max_hp_loss":0,"event_name":"Match and Keep!","floor":21,"gold_loss":0,"cards_obtained":["Guardian:Aged"]}],"is_beta":false,"boss_relics":[{"not_picked":["Cursed Key","Runic Dome"],"picked":"Velvet Choker"}],"items_purged_floors":[20],"is_endless":false,"potions_floor_spawned":[1,3,4,5,11,16,19],"killed_by":"Snecko","ascension_level":0}}