{"host":"fne7yx97fnz7kq05","time":1609019473,"event":{"mods":["BaseMod","Colored Map","Colored Powertips","Highlight Path","Minty Spire (QoL Compilation)","Relic Stats"],"gold_per_floor":[109,124,124,135,135,135,162,162,186,196,196,221,221,260,260,349,349,365,384,384,91,116,116,116,116,116,160,37,37,51,72,72,162,162,177,193,209,233,533,569,587,613,636,677,695,695,709,709,709,709,709,709,17,58,58,58],"floor_reached":55,"playtime":7558,"items_purged":["Strike_G","Strike_G"],"score":1455,"play_id":"a5ca77ed-cada-4d60-b7b0-254843cf099c","local_time":"20201226155113","is_ascension_mode":true,"campfire_choices":[{"floor":6.0,"key":"REST"},{"floor":8.0,"key":"REST"},{"data":"Riddle With Holes","floor":11.0,"key":"SMITH"},{"floor":15.0,"key":"REST"},{"data":"Well Laid Plans","floor":23.0,"key":"SMITH"},{"data":"Wraith Form v2","floor":25.0,"key":"SMITH"},{"data":"Infinite Blades","floor":32.0,"key":"PURGE"},{"data":"Sadistic Nature","floor":46.0,"key":"SMITH"},{"floor":49.0,"key":"RECALL"},{"data":"Backstab","floor":52.0,"key":"PURGE"}],"circlet_count":0,"master_deck":["AscendersBane","Defend_G","Defend_G+1","Defend_G+1","Survivor","Neutralize","Riddle With Holes+1","Dodge and Roll+1","Well Laid Plans+1","Adrenaline","Backflip","Quick Slash","Outmaneuver","Wraith Form v2+1","Glass Knife+1","Concentrate+1","Noxious Fumes+1","Crippling Poison+1","Wraith Form v2+1","PiercingWail","Sadistic Nature+1","Wraith Form v2+1","Envenom","PiercingWail+1","Deadly Poison+1","Leg Sweep","Leg Sweep+1","Acrobatics","Noxious Fumes"],"relics":["Ring of the Snake","Tiny Chest","Strawberry","Gambling Chip","Golden Idol","Art of War","Astrolabe","The Courier","Peace Pipe","DollysMirror","Sozu","War Paint","Snake Skull","Anchor","Bottled Tornado","Bottled Lightning","HornCleat"],"acts_visited":["Exordium","TheCity","TheBeyond","TheEnding"],"potions_floor_usage":[55],"damage_taken":[{"damage":4.0,"enemies":"Jaw Worm","floor":1.0,"turns":4.0},{"damage":0.0,"enemies":"2 Louse","floor":2.0,"turns":2.0},{"damage":6.0,"enemies":"Cultist","floor":4.0,"turns":3.0},{"damage":22.0,"enemies":"Lagavulin","floor":7.0,"turns":7.0},{"damage":3.0,"enemies":"Large Slime","floor":10.0,"turns":5.0},{"damage":20.0,"enemies":"Gremlin Nob","floor":12.0,"turns":5.0},{"damage":0.0,"enemies":"3 Sentries","floor":14.0,"turns":9.0},{"damage":22.0,"enemies":"Slime Boss","floor":16.0,"turns":12.0},{"damage":12.0,"enemies":"Shell Parasite","floor":18.0,"turns":7.0},{"damage":2.0,"enemies":"2 Thieves","floor":19.0,"turns":4.0},{"damage":0.0,"enemies":"Centurion and Healer","floor":22.0,"turns":4.0},{"damage":0.0,"enemies":"Gremlin Leader","floor":27.0,"turns":7.0},{"damage":0.0,"enemies":"Shelled Parasite and Fungi","floor":30.0,"turns":5.0},{"damage":4.0,"enemies":"Sentry and Sphere","floor":31.0,"turns":8.0},{"damage":1.0,"enemies":"Collector","floor":33.0,"turns":9.0},{"damage":1.0,"enemies":"3 Darklings","floor":35.0,"turns":6.0},{"damage":1.0,"enemies":"3 Shapes","floor":36.0,"turns":5.0},{"damage":0.0,"enemies":"Sphere and 2 Shapes","floor":37.0,"turns":6.0},{"damage":0.0,"enemies":"4 Shapes","floor":38.0,"turns":6.0},{"damage":0.0,"enemies":"Giant Head","floor":40.0,"turns":9.0},{"damage":0.0,"enemies":"Writhing Mass","floor":41.0,"turns":7.0},{"damage":0.0,"enemies":"Nemesis","floor":44.0,"turns":7.0},{"damage":0.0,"enemies":"Transient","floor":45.0,"turns":5.0},{"damage":2.0,"enemies":"3 Darklings","floor":47.0,"turns":5.0},{"damage":19.0,"enemies":"Awakened One","floor":50.0,"turns":16.0},{"damage":37.0,"enemies":"Shield and Spear","floor":54.0,"turns":6.0},{"damage":21,"enemies":"The Heart","floor":55,"turns":7}],"seed_played":"981432411467511468","potions_obtained":[{"floor":2.0,"key":"FearPotion"},{"floor":10.0,"key":"EssenceOfSteel"},{"floor":14.0,"key":"DistilledChaos"},{"floor":16.0,"key":"Block Potion"},{"floor":18.0,"key":"Weak Potion"},{"floor":31.0,"key":"Poison Potion"}],"is_trial":false,"path_per_floor":["M","M","?","M","?","R","E","R","T","M","R","E","?","E","R","B",null,"M","M","?","$","M","R","T","R","T","E","$","$","M","M","R","B",null,"M","M","M","M","?","E","M","T","T","E","M","R","M","?","R","B",null,"R","$","E","B"],"character_chosen":"THE_SILENT","items_purchased":["PiercingWail","Sadistic Nature","DollysMirror","Anchor","Bottled Tornado","Bottled Lightning","Acrobatics","Noxious Fumes"],"campfire_rested":3,"item_purchase_floors":[21,21,28,53,53,53,53,53],"current_hp_per_floor":[40,40,40,34,14,33,11,30,37,34,34,14,14,14,33,11,52,40,38,38,38,38,38,38,38,38,38,38,38,38,34,34,33,58,57,56,56,56,56,56,56,56,56,56,56,56,54,54,54,35,58,58,58,21,0,0],"gold":58,"neow_bonus":"TRANSFORM_TWO_CARDS","is_daily":false,"chose_seed":false,"campfire_upgraded":4,"win_rate":0.0,"timestamp":1609019473,"path_taken":["M","M","?","M","?","R","E","R","T","M","R","E","?","E","R","BOSS","M","M","?","$","?","R","?","R","T","E","?","$","?","M","R","BOSS","M","M","M","M","?","E","M","?","T","E","M","R","M","?","R","BOSS","R","$","E","BOSS"],"items_purchased_type":["Card","Card","Relic","Relic","Relic","Relic","Card","Card"],"build_version":"2020-12-22","purchased_purges":2,"victory":false,"max_hp_per_floor":[66,66,66,66,66,66,66,66,73,73,73,73,66,66,66,66,66,66,66,66,66,66,66,66,66,66,66,66,66,66,66,66,66,66,66,66,66,66,66,66,66,66,66,66,66,66,66,66,66,66,66,66,66,66,66,66],"relic_stats":{"Peace Pipe":2,"Sozu":4,"counters":[27,176],"Golden Idol":139,"Gambling Chip":[76],"Astrolabe":["Glass Knife","Concentrate","Noxious Fumes"],"Tiny Chest":2,"Snake Skull":[78],"Art of War":[62],"War Paint":["Defend_G","PiercingWail"],"obtain_stats":[{"Golden Idol":13,"Astrolabe":17,"The Courier":24,"Snake Skull":44,"War Paint":43,"Bottled Tornado":53,"Peace Pipe":26,"Sozu":34,"Anchor":53,"HornCleat":54,"DollysMirror":28,"Strawberry":9,"Gambling Chip":12,"Tiny Chest":7,"Art of War":14,"Bottled Lightning":53,"Ring of the Snake":0},{"Golden Idol":6,"Astrolabe":8,"The Courier":11,"Snake Skull":22,"War Paint":21,"Bottled Tornado":25,"Peace Pipe":11,"Sozu":15,"Anchor":25,"HornCleat":26,"DollysMirror":12,"Strawberry":4,"Gambling Chip":6,"Tiny Chest":4,"Art of War":7,"Bottled Lightning":25,"Ring of the Snake":0},{"Golden Idol":26,"Astrolabe":47,"The Courier":62,"Snake Skull":137,"War Paint":130,"Bottled Tornado":163,"Peace Pipe":62,"Sozu":91,"Anchor":163,"HornCleat":169,"DollysMirror":69,"Strawberry":16,"Gambling Chip":26,"Tiny Chest":16,"Art of War":35,"Bottled Lightning":163,"Ring of the Snake":0}],"Ring of the Snake":[54]},"card_choices":[{"not_picked":["Deflect","Acrobatics"],"picked":"Backstab","floor":1.0},{"not_picked":["Outmaneuver","Underhanded Strike"],"picked":"Dodge and Roll","floor":2.0},{"not_picked":["Underhanded Strike","Slice"],"picked":"Well Laid Plans","floor":4.0},{"not_picked":["Eviscerate","Dodge and Roll"],"picked":"Adrenaline","floor":7.0},{"not_picked":["Deadly Poison","Expertise"],"picked":"Backflip","floor":10.0},{"not_picked":["Prepared","Caltrops"],"picked":"Quick Slash","floor":12.0},{"not_picked":["Bane","Well Laid Plans"],"picked":"Outmaneuver","floor":14.0},{"not_picked":["A Thousand Cuts","Adrenaline"],"picked":"Wraith Form v2","floor":16.0},{"not_picked":["Sucker Punch","Dagger Throw"],"picked":"Crippling Poison+1","floor":18.0},{"not_picked":["Quick Slash","Masterful Stab","Dagger Throw"],"picked":"SKIP","floor":19.0},{"not_picked":["Blade Dance","Endless Agony","Cloak And Dagger"],"picked":"SKIP","floor":22.0},{"not_picked":["Quick Slash","All Out Attack","Backstab"],"picked":"SKIP","floor":27.0},{"not_picked":["Backflip","Deadly Poison","Cloak And Dagger"],"picked":"SKIP","floor":30.0},{"not_picked":["Sucker Punch","Flying Knee","Choke"],"picked":"SKIP","floor":31.0},{"not_picked":["Glass Knife","Unload"],"picked":"Envenom","floor":33.0},{"not_picked":["Dagger Spray","Poisoned Stab","Slice"],"picked":"SKIP","floor":35.0},{"not_picked":["Deflect","Sucker Punch+1"],"picked":"PiercingWail","floor":36.0},{"not_picked":["Cloak And Dagger","Blade Dance"],"picked":"Deadly Poison+1","floor":37.0},{"not_picked":["Quick Slash","Poisoned Stab","Masterful Stab"],"picked":"SKIP","floor":38.0},{"not_picked":["Sucker Punch+1","Finisher","Quick Slash+1"],"picked":"SKIP","floor":40.0},{"not_picked":["Crippling Poison","Unload"],"picked":"Leg Sweep","floor":41.0},{"not_picked":["Skewer","Dagger Throw","Backflip"],"picked":"SKIP","floor":44.0},{"not_picked":["Slice+1","Poisoned Stab+1","Outmaneuver"],"picked":"SKIP","floor":45.0},{"not_picked":["Crippling Poison","Dagger Spray+1"],"picked":"Leg Sweep+1","floor":47.0},{"not_picked":["Dash+1","Unload","Die Die Die"],"picked":"SKIP","floor":54.0}],"player_experience":211496,"relics_obtained":[{"floor":7.0,"key":"Tiny Chest"},{"floor":9.0,"key":"Strawberry"},{"floor":12.0,"key":"Gambling Chip"},{"floor":14.0,"key":"Art of War"},{"floor":24.0,"key":"The Courier"},{"floor":26.0,"key":"Peace Pipe"},{"floor":43.0,"key":"War Paint"},{"floor":44.0,"key":"Snake Skull"},{"floor":54.0,"key":"HornCleat"}],"event_choices":[{"damage_healed":0.0,"max_hp_gain":0.0,"max_hp_loss":0.0,"gold_gain":0.0,"event_name":"Liars Game","player_choice":"Ignored","floor":3.0,"gold_loss":0.0,"damage_taken":0.0},{"damage_healed":0.0,"max_hp_gain":0.0,"max_hp_loss":0.0,"gold_gain":0.0,"event_name":"Shining Light","player_choice":"Entered Light","floor":5.0,"gold_loss":0.0,"damage_taken":20.0,"cards_upgraded":["Defend_G","Dodge and Roll"]},{"damage_healed":0.0,"max_hp_gain":0.0,"max_hp_loss":7.0,"gold_gain":0.0,"event_name":"Golden Idol","player_choice":"Lose Max HP","floor":13.0,"gold_loss":0.0,"damage_taken":0.0,"relics_obtained":["Golden Idol"]},{"damage_healed":0.0,"max_hp_gain":0.0,"max_hp_loss":0.0,"gold_gain":0.0,"event_name":"Duplicator","player_choice":"Copied","floor":20.0,"gold_loss":0.0,"damage_taken":0.0,"cards_obtained":["Wraith Form v2"]},{"damage_healed":0.0,"max_hp_gain":0.0,"max_hp_loss":0.0,"gold_gain":300.0,"event_name":"Wheel of Change","player_choice":"Gold","floor":39.0,"gold_loss":0.0,"damage_taken":0.0},{"damage_healed":0.0,"max_hp_gain":0.0,"max_hp_loss":0.0,"gold_gain":0.0,"event_name":"Upgrade Shrine","player_choice":"Upgraded","floor":48.0,"gold_loss":0.0,"damage_taken":0.0,"cards_upgraded":["Wraith Form v2"]}],"is_beta":false,"boss_relics":[{"not_picked":["Ring of the Serpent","Black Star"],"picked":"Astrolabe"},{"not_picked":["Tiny House","Runic Dome"],"picked":"Sozu"}],"items_purged_floors":[21,53],"is_endless":false,"potions_floor_spawned":[2,10,14,16,18,22,31,35,36,38,47],"killed_by":"The Heart","ascension_level":15}}