{"host":"7nu0fnckee4tlfez","time":1609011020,"event":{"mods":["2.2 Compatiblity","AchievementEnabler","BaseMod","Colored Map","Lobotomy","LobotomyExtend","Marisa£¨Ùöéë¡¡Øª×âÞÞ£©","Minty Spire (QoL Compilation)","SuperFastMode"],"gold_per_floor":[109,109,109,59,59,79,95,95,95,112,112,0,28,40,40,40,40],"floor_reached":16,"playtime":687,"items_purged":["Strike_G"],"score":100,"play_id":"d758253c-6e27-4374-954b-d3e8b08b3e01","local_time":"20201227043020","is_ascension_mode":false,"campfire_choices":[{"data":"Neutralize","floor":8,"key":"SMITH"},{"data":"Outmaneuver","floor":11,"key":"SMITH"},{"data":"Leg Sweep","floor":15,"key":"SMITH"}],"circlet_count":0,"master_deck":["Strike_G","Strike_G","Defend_G","Defend_G","Defend_G","Defend_G","Defend_G","Survivor","Neutralize+1","ShyLook","Flying Knee","Die Die Die","Blade Dance","Dagger Throw","Outmaneuver+1","Leg Sweep+1","Leg Sweep","Murderer","Sucker Punch"],"relics":["Ring of the Snake","CogitoBucket","LetterFromLob","Toy Ornithopter","Matryoshka","Centennial Puzzle","Theresia"],"acts_visited":["Exordium"],"potions_floor_usage":[],"damage_taken":[{"damage":1.0,"enemies":"Cultist","floor":1.0,"turns":3.0},{"damage":4.0,"enemies":"Jaw Worm","floor":6.0,"turns":5.0},{"damage":0.0,"enemies":"Small Slimes","floor":7.0,"turns":1.0},{"damage":3,"enemies":"Exordium Thugs","floor":10,"turns":5},{"damage":2,"enemies":"Gremlin Nob","floor":13,"turns":4},{"damage":35,"enemies":"Gremlin Gang","floor":14,"turns":4},{"damage":0,"enemies":"Gremlin Gang","floor":14,"turns":1},{"damage":68,"enemies":"Hexaghost","floor":16,"turns":18}],"seed_played":"-448584256043584893","potions_obtained":[{"floor":1.0,"key":"LiquidBronze"},{"floor":10,"key":"SmokeBomb"}],"is_trial":false,"path_per_floor":["M","?","?","?","?","M","M","R","T","M","R","$","E","M","R","B"],"character_chosen":"THE_SILENT","items_purchased":["Leg Sweep"],"campfire_rested":0,"item_purchase_floors":[12],"current_hp_per_floor":[69,69,51,51,56,52,52,52,52,49,49,49,47,63,63,0,0],"gold":40,"neow_bonus":"","is_daily":false,"chose_seed":false,"campfire_upgraded":3,"win_rate":0.0,"timestamp":1609011020,"path_taken":["M","?","?","?","?","M","?","R","T","?","R","?","E","M","R","BOSS"],"items_purchased_type":["Card"],"build_version":"2020-12-22","purchased_purges":1,"victory":false,"max_hp_per_floor":[70,70,70,70,75,75,75,75,75,75,75,75,75,75,75,75,75],"card_choices":[{"not_picked":["Scorched","MeatLantern"],"picked":"ShyLook","floor":1.0},{"not_picked":["Dagger Throw","Outmaneuver"],"picked":"Flying Knee","floor":1.0},{"not_picked":["OldLady","VoidDream"],"picked":"Yin","floor":6.0},{"not_picked":["Flechettes","Poisoned Stab"],"picked":"Blade Dance","floor":6.0},{"not_picked":["Tactician","Malaise"],"picked":"Dagger Throw","floor":7},{"not_picked":["Flying Knee","Footwork"],"picked":"Outmaneuver","floor":10},{"not_picked":["FairyFestival","Rudolta"],"picked":"HappyTeddy","floor":13},{"not_picked":["Eviscerate","Quick Slash"],"picked":"Leg Sweep","floor":13},{"not_picked":["OSAHOGD","MHz"],"picked":"Murderer","floor":14},{"not_picked":["Flying Knee","Acrobatics"],"picked":"Sucker Punch","floor":14}],"player_experience":37663,"relics_obtained":[{"floor":1.0,"key":"LetterFromLob"},{"floor":9,"key":"Matryoshka"},{"floor":13,"key":"Centennial Puzzle"}],"event_choices":[{"damage_healed":0.0,"max_hp_gain":0.0,"max_hp_loss":0.0,"gold_gain":0.0,"cards_transformed":["Strike_G"],"event_name":"Living Wall","player_choice":"Change","floor":2.0,"gold_loss":0.0,"damage_taken":0.0,"cards_obtained":["Die Die Die"]},{"damage_healed":0.0,"max_hp_gain":0.0,"max_hp_loss":0.0,"gold_gain":0.0,"event_name":"Scrap Ooze","player_choice":"Success","floor":3.0,"gold_loss":0.0,"damage_taken":18.0,"relics_obtained":["Toy Ornithopter"]},{"cards_removed":["Strike_G"],"damage_healed":0.0,"max_hp_gain":0.0,"max_hp_loss":0.0,"gold_gain":0.0,"event_name":"The Cleric","player_choice":"Card Removal","floor":4.0,"gold_loss":50.0,"damage_taken":0.0},{"damage_healed":0.0,"max_hp_gain":5.0,"max_hp_loss":0.0,"gold_gain":0.0,"event_name":"Big Fish","player_choice":"Donut","floor":5.0,"gold_loss":0.0,"damage_taken":0.0}],"is_beta":false,"boss_relics":[],"items_purged_floors":[12],"is_endless":false,"potions_floor_spawned":[1,10],"killed_by":"Hexaghost","ascension_level":0}}