{"host":"uwh382mre4waz4ff","time":1609000479,"event":{"mods":["AchievementEnabler","BaseMod","Better Note","Better Third Choice","BetterRewards","Minty Spire (QoL Compilation)","Quick Restart","Shop Mod","StSLib"],"gold_per_floor":[109,0,0,0,0,0,19,19,95,95,57,57,57,78,78,204,204,220,220,220,239,36,36,72,272,297,312,312,312],"floor_reached":28,"playtime":1252,"items_purged":["Strike_B"],"score":222,"play_id":"6be4d853-add7-4cd0-b0af-aee46dc82e23","local_time":"20201227003439","is_ascension_mode":false,"campfire_choices":[{"floor":6.0,"key":"REST"},{"data":"Enlightenment","floor":8.0,"key":"SMITH"},{"floor":13.0,"key":"REST"},{"floor":15.0,"key":"REST"},{"data":"Hologram","floor":23.0,"key":"SMITH"}],"circlet_count":0,"master_deck":["Strike_B","Strike_B+1","Strike_B","Defend_B","Defend_B","Defend_B","Defend_B","Zap","Recycle","Consume+1","Enlightenment+1","Regret","Machine Learning","Thunder Strike","Hologram+1"],"relics":["Cracked Core","Juzu Bracelet","Inserter","Dead Branch","Letter Opener","Golden Idol","Anchor","betterThird:SlimedRelic","Bronze Scales","Busted Crown","Runic Capacitor","Blue Candle","Potion Belt"],"acts_visited":["Exordium","TheCity"],"potions_floor_usage":[24,24],"damage_taken":[{"damage":0.0,"enemies":"Small Slimes","floor":1.0,"turns":3.0},{"damage":10.0,"enemies":"Jaw Worm","floor":7.0,"turns":4.0},{"damage":0.0,"enemies":"2 Louse","floor":14.0,"turns":2.0},{"damage":30.0,"enemies":"Hexaghost","floor":16.0,"turns":8.0},{"damage":3.0,"enemies":"3 Byrds","floor":18.0,"turns":3.0},{"damage":9.0,"enemies":"Chosen","floor":21.0,"turns":4.0},{"damage":39,"enemies":"Slavers","floor":24,"turns":4},{"damage":26,"enemies":"Snecko","floor":27,"turns":4},{"damage":10,"enemies":"Shelled Parasite and Fungi","floor":28,"turns":2}],"seed_played":"760406078459599261","potions_obtained":[{"floor":7.0,"key":"FocusPotion"},{"floor":18.0,"key":"Swift Potion"},{"floor":21.0,"key":"Fruit Juice"},{"floor":27,"key":"LiquidMemories"}],"is_trial":false,"path_per_floor":["M","?","?","?","$","R","M","R","T","?","?","?","R","M","R","B",null,"M","?","?","M","$","R","E","?","T","M","M"],"character_chosen":"DEFECT","items_purchased":["Consume","Letter Opener","Runic Capacitor","Hologram"],"campfire_rested":3,"item_purchase_floors":[0,0,22,22],"current_hp_per_floor":[40,46,26,10,10,34,24,24,24,24,13,6,30,30,54,24,81,78,78,78,74,74,74,35,35,35,9,0,0],"gold":312,"neow_bonus":"","is_daily":false,"chose_seed":false,"campfire_upgraded":2,"win_rate":0.0,"timestamp":1609000479,"path_taken":["M","?","?","?","$","R","M","R","T","?","?","?","R","M","R","BOSS","M","?","?","M","$","R","E","?","T","M","M"],"items_purchased_type":["Card","Relic","Relic","Card"],"build_version":"2020-12-22","purchased_purges":1,"victory":false,"max_hp_per_floor":[75,81,81,81,81,81,81,81,81,81,81,81,81,81,81,81,81,81,81,81,86,86,86,86,86,86,86,86,86],"card_choices":[{"not_picked":["Cold Snap","Rebound","Chill"],"picked":"SKIP","floor":1.0},{"not_picked":["Turbo","Fusion","Redo"],"picked":"SKIP","floor":7.0},{"not_picked":["Fusion","Chill","Rebound"],"picked":"SKIP","floor":14.0},{"not_picked":["Biased Cognition","Buffer"],"picked":"Machine Learning","floor":16.0},{"not_picked":["Compile Driver"],"picked":"SKIP","floor":18.0},{"not_picked":["Barrage"],"picked":"SKIP","floor":21.0},{"not_picked":["Storm"],"picked":"SKIP","floor":24},{"not_picked":["Cold Snap"],"picked":"SKIP","floor":27}],"player_experience":95161,"relics_obtained":[{"floor":24,"key":"Blue Candle"},{"floor":26,"key":"Potion Belt"}],"event_choices":[{"damage_healed":0.0,"max_hp_gain":0.0,"max_hp_loss":0.0,"gold_gain":0.0,"event_name":"betterThird:BetterSerpent","player_choice":"RENOUNCE","floor":2.0,"gold_loss":109.0,"damage_taken":109.0,"cards_obtained":["Enlightenment"]},{"damage_healed":0.0,"max_hp_gain":0.0,"max_hp_loss":0.0,"gold_gain":0.0,"event_name":"Golden Idol","player_choice":"Take Damage","floor":3.0,"gold_loss":0.0,"damage_taken":20.0,"relics_obtained":["Golden Idol"]},{"damage_healed":26.0,"max_hp_gain":0.0,"max_hp_loss":81.0,"gold_gain":0.0,"event_name":"betterThird:BetterShining","player_choice":"Upgrade","floor":4.0,"gold_loss":0.0,"damage_taken":16.0,"cards_upgraded":["Strike_B","Consume"]},{"damage_healed":0.0,"max_hp_gain":0.0,"max_hp_loss":0.0,"gold_gain":0.0,"event_name":"Big Fish","player_choice":"Box","floor":10.0,"gold_loss":0.0,"damage_taken":0.0,"relics_obtained":["Anchor"],"cards_obtained":["Regret"]},{"damage_healed":0.0,"max_hp_gain":0.0,"max_hp_loss":0.0,"gold_gain":0.0,"event_name":"betterThird:BetterGoop","player_choice":"Slimed","floor":11.0,"gold_loss":38.0,"damage_taken":11.0},{"damage_healed":0.0,"max_hp_gain":0.0,"max_hp_loss":0.0,"gold_gain":0.0,"event_name":"betterThird:BetterScrap","player_choice":"Relic ","floor":12.0,"gold_loss":0.0,"damage_taken":7.0,"cards_obtained":["ForeignInfluence"]},{"cards_removed":["Regret"],"damage_healed":0.0,"max_hp_gain":0.0,"max_hp_loss":0.0,"gold_gain":0.0,"event_name":"betterNote:BetterNote","player_choice":"Give","floor":19.0,"gold_loss":0.0,"damage_taken":0.0,"cards_obtained":["Dark Embrace"]},{"damage_healed":0.0,"max_hp_gain":0.0,"max_hp_loss":0.0,"gold_gain":0.0,"event_name":"Match and Keep!","player_choice":"1 cards matched","floor":20.0,"gold_loss":0.0,"damage_taken":0.0,"cards_obtained":["Thunder Strike"]},{"damage_healed":0.0,"max_hp_gain":0.0,"max_hp_loss":0.0,"gold_gain":0.0,"event_name":"Match and Keep!","player_choice":"1 cards matched","floor":20.0,"gold_loss":0.0,"damage_taken":0.0,"cards_obtained":["Thunder Strike"]},{"damage_healed":0,"gold_gain":250,"player_choice":"Bet on Owner","damage_taken":0,"max_hp_gain":0,"max_hp_loss":0,"event_name":"The Joust","floor":25,"gold_loss":50}],"is_beta":false,"boss_relics":[{"not_picked":["FrozenCore","Cursed Key"],"picked":"Busted Crown"}],"items_purged_floors":[0],"is_endless":false,"potions_floor_spawned":[7,18,21,27],"killed_by":"Shelled Parasite and Fungi","ascension_level":0}}