{"host":"cij6922spxtbkai3","time":1609003999,"event":{"mods":["2.2 Compatiblity","AchievementEnabler","BaseMod","Colored Map","DeckTracker","Highlight Path","Keyboard Shortcuts","Minty Spire (QoL Compilation)","Permanent Neow","Quick Restart","Rare Cards Sparkle","SuperFastMode","everything is the same but u backflip on backflip"],"gold_per_floor":[112,112,125,50,64,89,89,107,107,107,125,300,158,187,187,187,187],"floor_reached":16,"playtime":479,"items_purged":["Strike_R"],"score":116,"play_id":"0317778e-6179-46e9-ac5b-173b114eae3e","local_time":"20201227023319","is_ascension_mode":true,"campfire_choices":[{"data":"Heavy Blade","floor":7,"key":"SMITH"},{"floor":10,"key":"REST"},{"data":"Inflame","floor":15,"key":"SMITH"}],"circlet_count":0,"master_deck":["Strike_R","Strike_R","Defend_R","Defend_R","Defend_R","Bash","Shrug It Off","Inflame+1","Heavy Blade+1","Feel No Pain","Doubt"],"relics":["Burning Blood","Shuriken","Bottled Tornado","Sundial","Ice Cream"],"acts_visited":["Exordium"],"potions_floor_usage":[6,16],"damage_taken":[{"damage":5,"enemies":"Jaw Worm","floor":1,"turns":4},{"damage":0,"enemies":"Small Slimes","floor":3,"turns":3},{"damage":4,"enemies":"Cultist","floor":5,"turns":4},{"damage":49,"enemies":"Gremlin Nob","floor":6,"turns":6},{"damage":8,"enemies":"Exordium Thugs","floor":8,"turns":4},{"damage":11,"enemies":"3 Louse","floor":11,"turns":4},{"damage":29,"enemies":"3 Sentries","floor":14,"turns":9},{"damage":23,"enemies":"The Guardian","floor":16,"turns":2}],"seed_played":"-6573020875407329558","potions_obtained":[{"floor":5,"key":"Dexterity Potion"},{"floor":6,"key":"BloodPotion"},{"floor":11,"key":"EssenceOfSteel"}],"is_trial":false,"path_per_floor":["M","?","M","$","M","E","R","M","T","R","M","?","?","E","R","B"],"character_chosen":"IRONCLAD","items_purchased":[],"campfire_rested":1,"item_purchase_floors":[],"current_hp_per_floor":[72,65,71,71,72,29,29,27,27,48,43,43,43,20,20,0,0],"gold":187,"neow_bonus":"REMOVE_TWO","is_daily":false,"chose_seed":false,"campfire_upgraded":2,"win_rate":0.0,"timestamp":1609003999,"path_taken":["M","?","M","$","M","E","R","M","T","R","M","?","?","E","R","BOSS"],"items_purchased_type":[],"build_version":"2020-12-22","purchased_purges":1,"victory":false,"max_hp_per_floor":[72,72,72,72,72,72,72,72,72,72,72,72,72,72,72,72,72],"card_choices":[{"not_picked":["Perfected Strike","Headbutt"],"picked":"Shrug It Off","floor":1},{"not_picked":["Carnage","Clash","Warcry"],"picked":"SKIP","floor":3},{"not_picked":["Entrench","Clash"],"picked":"Inflame","floor":5},{"not_picked":["Warcry","Berserk"],"picked":"Heavy Blade","floor":6},{"not_picked":["Anger","Cleave","Armaments"],"picked":"SKIP","floor":8},{"not_picked":["Power Through","Disarm"],"picked":"Feel No Pain","floor":11},{"not_picked":["Warcry","Anger","Clothesline"],"picked":"SKIP","floor":14}],"player_experience":14153,"relics_obtained":[{"floor":6,"key":"Shuriken"},{"floor":9,"key":"Bottled Tornado"},{"floor":14,"key":"Ice Cream"}],"event_choices":[{"cards_removed":["Defend_R"],"damage_healed":0,"gold_gain":0,"player_choice":"Card Removal","damage_taken":7,"max_hp_gain":0,"max_hp_loss":0,"event_name":"Golden Wing","floor":2,"gold_loss":0},{"damage_healed":0,"gold_gain":175,"player_choice":"AGREE","damage_taken":0,"max_hp_gain":0,"max_hp_loss":0,"event_name":"Liars Game","floor":12,"gold_loss":0,"cards_obtained":["Doubt"]},{"damage_healed":0,"gold_gain":0,"player_choice":"Paid Gold","damage_taken":0,"relics_obtained":["Sundial"],"max_hp_gain":0,"max_hp_loss":0,"event_name":"WeMeetAgain","floor":13,"gold_loss":142}],"is_beta":false,"boss_relics":[],"items_purged_floors":[4],"is_endless":false,"potions_floor_spawned":[5,6,11],"killed_by":"The Guardian","ascension_level":1}}