{"host":"djjpvtbajazjoxm7","time":1609005189,"event":{"mods":["Act Like it!","Arknights The Spire","Ascension Reborn","BaseMod","CapriCore","GungeonMod","Hermit","KOR Keyword Fix","Lobotomy","Minty Spire (QoL Compilation)","Replay The Spire","StSLib","The Gatherer","The Hierophant","The Immortal","Waifu the Spire"],"gold_per_floor":[119,161,175,175,226,256,256,269,269,269,269,281,299,311,311,410,410,428,27,27,27,27,43,56,81,81,81,81,94,94,104,104,204,204,224,224,239,253,253,286,286,319,346,375,375,75,140,166,166,166,166,166,166,17,66,66,66],"floor_reached":56,"playtime":2327,"items_purged":["Voices"],"score":880,"play_id":"5c49f386-78b3-43c4-b74f-7bdf101d73b8","local_time":"20201227025309","is_ascension_mode":true,"campfire_choices":[{"data":"ats:True Silver Slash","floor":7.0,"key":"SMITH"},{"floor":11.0,"key":"RECALL"},{"data":"ats:Demon Strength","floor":15.0,"key":"SMITH"},{"data":"ats:Part Time Job","floor":27.0,"key":"SMITH"},{"data":"ats:Part Time Job","floor":30.0,"key":"SMITH"},{"data":"ats:Counter Healing Mode","floor":32.0,"key":"SMITH"},{"floor":41.0,"key":"REST"},{"floor":45,"key":"REST"},{"floor":49,"key":"REST"},{"data":"ats:Shadow Assault","floor":53,"key":"SMITH"}],"circlet_count":0,"master_deck":["ats:Strike G","ats:Strike V","ats:Armor Crushing Shot","ats:Defend","ats:Defend","ats:Defend","ats:Defend+1","ats:Emotion Absorption+1","ats:True Silver Slash+1","ats:Cat Scratch+1","ats:Curse Doll","ats:Shell Defense","ats:Curse Doll","ats:Disruption Kick","ats:Blood Oath","ats:Demon Strength+1","ats:Roar Of Ursus","ats:Counter Healing Mode+1","ats:Shadow Assault+1","Injury","ReplayTheSpireMod:Doomed","ats:Apocalypse+1","ats:Part Time Job+1","ats:Part Time Job+1","ats:Flexible Camouflage","ats:Fractured Body","CurseOfTheBell","ats:Assault Order","ats:Leaping Hammer+1","ats:Sword Rain+1","ats:Dogmatic Field","ats:Support Order+1"],"relics":["ats:Sanity","Divine Protection","Blood Vial","ats:Originium","MealTicket","Lizard Tail","Replay:Ancient Bell","War Paint","Question Card","DemoMod:PartiallyEatenCheese","DemoMod:GundromedaStrain","ats:Originium","ReplayTheSpireMod:TigerMarble","DemoMod:NanoMachines","Calling Bell","PreservedInsect","Molten Egg 2","DemoMod:GreenGuonStone","ats:Originium","Replay:Mystery Machine","ats:Originium","Anchor","Dead Branch","ats:Cure","Vajra","ats:Gyao","ats:Rhine Circuitry"],"acts_visited":["Exordium","TheCity","TheBeyond","TheEnding"],"potions_floor_usage":[42,50,50],"damage_taken":[{"damage":9.0,"enemies":"Jaw Worm","floor":1.0,"turns":6.0},{"damage":0.0,"enemies":"Cultist","floor":3.0,"turns":3.0},{"damage":0.0,"enemies":"Replay:BlueRogue","floor":6.0,"turns":7.0},{"damage":0.0,"enemies":"2 Louse","floor":8.0,"turns":1.0},{"damage":8.0,"enemies":"Large Slime","floor":12.0,"turns":5.0},{"damage":0.0,"enemies":"3 Louse","floor":13.0,"turns":2.0},{"damage":0.0,"enemies":"Exordium Thugs","floor":14.0,"turns":2.0},{"damage":37.0,"enemies":"Slime Boss","floor":16.0,"turns":8.0},{"damage":0.0,"enemies":"3 Byrds","floor":18.0,"turns":4.0},{"damage":12.0,"enemies":"2 Thieves","floor":23.0,"turns":3.0},{"damage":12.0,"enemies":"Cultist and Chosen","floor":24.0,"turns":5.0},{"damage":0.0,"enemies":"Book of Stabbing","floor":25.0,"turns":1.0},{"damage":43.0,"enemies":"Sentry and Sphere","floor":29.0,"turns":8.0},{"damage":18.0,"enemies":"Snecko","floor":31.0,"turns":5.0},{"damage":100.0,"enemies":"Collector","floor":33.0,"turns":12.0},{"damage":16.0,"enemies":"3 Darklings","floor":35.0,"turns":4.0},{"damage":0.0,"enemies":"Orb Walker","floor":37.0,"turns":2.0},{"damage":58.0,"enemies":"Jaw Worm Horde","floor":38.0,"turns":5.0},{"damage":0.0,"enemies":"Reptomancer","floor":40.0,"turns":1.0},{"damage":27,"enemies":"R_Hoarder","floor":42,"turns":7},{"damage":19,"enemies":"Reptomancer","floor":44,"turns":4},{"damage":13,"enemies":"Mind Bloom Boss Battle","floor":47,"turns":6},{"damage":79,"enemies":"4 Shapes","floor":48,"turns":10},{"damage":41,"enemies":"Donu and Deca","floor":50,"turns":7},{"damage":62,"enemies":"Shield and Spear","floor":55,"turns":8},{"damage":448,"enemies":"The Heart","floor":56,"turns":15}],"seed_played":"-6262073489002986919","potions_obtained":[{"floor":3.0,"key":"Fire Potion"},{"floor":8.0,"key":"SteroidPotion"},{"floor":12.0,"key":"Regen Potion"},{"floor":18.0,"key":"BlessingOfTheForge"},{"floor":33.0,"key":"SkillPotion"},{"floor":35.0,"key":"LifebloodPotion"},{"floor":38.0,"key":"SkillPotion"},{"floor":44,"key":"Strength Potion"},{"floor":48,"key":"PowerPotion"}],"is_trial":false,"path_per_floor":["M","?","M","?","T","E","R","M","T","?","R","M","M","M","R","B",null,"M","$","?","$","?","M","M","E","T","R","?","M","R","M","R","B",null,"M","?","M","M","?","E","R","E","T","E","R","$","?","M","R","B",null,null,"R","$","E","B"],"character_chosen":"DOCTOR_CLASS","items_purchased":["DemoMod:GundromedaStrain","ats:Part Time Job","ats:Cure","Vajra","ats:Rhine Circuitry"],"campfire_rested":3,"item_purchase_floors":[19,19,46,46,54],"current_hp_per_floor":[63,63,63,68,68,73,73,75,75,75,75,71,73,77,77,46,77,77,77,77,77,77,65,58,60,60,60,60,39,39,41,41,22,77,63,63,65,23,23,25,48,41,41,24,47,62,65,25,48,61,61,77,77,77,60,0,0],"gold":66,"neow_bonus":"ONE_RANDOM_RARE_CARD","is_daily":false,"chose_seed":false,"campfire_upgraded":6,"win_rate":0.0,"timestamp":1609005189,"path_taken":["M","?","?","?","?","E","R","?","T","?","R","M","M","M","R","BOSS","M","$","?","$","?","?","M","E","T","R","?","M","R","M","R","BOSS","M","?","M","?","?","E","R","E","T","E","R","?","?","M","R","BOSS","R","$","E","BOSS"],"items_purchased_type":["Relic","Card","Relic","Relic","Relic"],"build_version":"2020-12-22","purchased_purges":1,"victory":false,"max_hp_per_floor":[72,72,72,77,77,77,77,77,77,77,77,77,77,77,77,77,77,77,77,77,77,77,77,77,77,77,77,77,77,77,77,77,77,77,77,77,77,77,77,77,77,77,77,77,77,77,77,77,77,77,77,77,77,77,77,77,77],"card_choices":[{"not_picked":["ats:Revitalization","ats:Ignite"],"picked":"ats:Cat Scratch","floor":1.0},{"not_picked":["ats:Assault Order","ats:Poison Spread"],"picked":"ats:Curse Doll","floor":2.0},{"not_picked":["ats:Flame Of Heaven","ats:Curse Doll"],"picked":"ats:Shell Defense","floor":2.0},{"not_picked":["ats:Consecutive Shot Auto","ats:Poison Spread"],"picked":"ats:Curse Doll","floor":3.0},{"not_picked":["ats:Apocalypse","ats:Soul Absorption"],"picked":"ats:Disruption Kick","floor":6.0},{"not_picked":["ats:Consecutive Shot Auto","ats:Cat Scratch"],"picked":"ats:Blood Oath","floor":8.0},{"not_picked":["ats:Charging Defense","ats:Apocalypse"],"picked":"ats:Demon Strength","floor":12.0},{"not_picked":["ats:Hammer On","ats:Directed Diagnosis"],"picked":"ats:Roar Of Ursus","floor":13.0},{"not_picked":["ats:Powerful Strike","ats:Leaping Hammer"],"picked":"ats:Counter Healing Mode","floor":14.0},{"not_picked":["ats:Wolf Pack","ats:Fractured Body"],"picked":"ats:Shadow Assault","floor":16.0},{"not_picked":["Languid","Shame","Pain"],"picked":"Injury","floor":17.0},{"not_picked":["Overencumbered","Delirium","Doubt"],"picked":"ReplayTheSpireMod:Doomed","floor":17.0},{"not_picked":["Amnesia","ReplayTheSpireMod:Restless Dread","AscMod:ascendersbane"],"picked":"Voices","floor":17.0},{"not_picked":["ats:Poison Spread+1","ats:Beaten Up","ats:Explosion Area Strengthen"],"picked":"ats:Apocalypse+1","floor":18.0},{"not_picked":["ats:Powerful Strike","ats:Ignite","ats:Explosion Area Strengthen"],"picked":"ats:Part Time Job","floor":23.0},{"not_picked":["ats:Powerful Strike","ats:Spore Proliferation","ats:Counter Healing Mode","ats:LN2 Cannon"],"picked":"SKIP","floor":24.0},{"not_picked":["ats:Disruption Kick","ats:Spore Proliferation","ats:Poison Spread","ats:Apocalypse"],"picked":"SKIP","floor":25.0},{"not_picked":["ats:Consecutive Shot Auto","ats:Cat Scratch+1","ats:LN2 Cannon+1","ats:Revitalization"],"picked":"SKIP","floor":29.0},{"not_picked":["ats:Magnetic Hammer+1","ats:Dogmatic Field","ats:Revitalization"],"picked":"ats:Flexible Camouflage","floor":31.0},{"not_picked":["ats:Wolf Pack","ats:Rat Pack","ats:Echo Reverb"],"picked":"ats:Fractured Body","floor":33.0},{"not_picked":["ats:Hammer On+1","ats:Childhood Dance","ats:Shell Defense"],"picked":"ats:Assault Order","floor":35.0},{"not_picked":["ats:Powerful Strike+1","ats:Curse Doll+1","ats:Shadow Assault+1"],"picked":"ats:Leaping Hammer+1","floor":37.0},{"not_picked":["ats:Apocalypse","ats:Consecutive Shot Auto+1","ats:Hammer On+1","ats:Powerful Strike+1"],"picked":"SKIP","floor":38.0},{"not_picked":["ats:Encircling Forest","ats:Shadow Assault+1","ats:Chain Hook+1","ats:Childhood Dance"],"picked":"SKIP","floor":40.0},{"not_picked":["ats:Flexible Camouflage+1","ats:Demon Strength","ats:Steam Pump"],"picked":"ats:Dogmatic Field","floor":42},{"not_picked":["ats:Sword Rain+1","ats:Flexible Camouflage","ats:Ignite+1"],"picked":"ats:Support Order+1","floor":44},{"not_picked":["ats:Childhood Dance+1","ats:Charging Defense","ats:Counter Healing Mode","ats:Powerful Strike+1"],"picked":"SKIP","floor":48},{"not_picked":["ats:Mental Burst+1","ats:Assault Order","ats:Rapid Magazine","ats:Apocalypse"],"picked":"SKIP","floor":55}],"player_experience":189427,"relics_obtained":[{"floor":2.0,"key":"Divine Protection"},{"floor":5.0,"key":"Blood Vial"},{"floor":6.0,"key":"ats:Originium"},{"floor":6.0,"key":"MealTicket"},{"floor":9.0,"key":"Lizard Tail"},{"floor":25.0,"key":"ats:Originium"},{"floor":25.0,"key":"ReplayTheSpireMod:TigerMarble"},{"floor":26.0,"key":"DemoMod:NanoMachines"},{"floor":34.0,"key":"PreservedInsect"},{"floor":34.0,"key":"Molten Egg 2"},{"floor":34.0,"key":"DemoMod:GreenGuonStone"},{"floor":40.0,"key":"ats:Originium"},{"floor":40.0,"key":"Replay:Mystery Machine"},{"floor":42,"key":"ats:Originium"},{"floor":42,"key":"DemoMod:WeirdEgg"},{"floor":44,"key":"Dead Branch"},{"floor":47,"key":"ats:Gyao"}],"event_choices":[{"damage_healed":0.0,"max_hp_gain":5.0,"max_hp_loss":0.0,"gold_gain":0.0,"event_name":"Big Fish","player_choice":"Donut","floor":4.0,"gold_loss":0.0,"damage_taken":0.0},{"damage_healed":0.0,"max_hp_gain":0.0,"max_hp_loss":0.0,"gold_gain":0.0,"event_name":"Living Wall","player_choice":"Grow","floor":10.0,"gold_loss":0.0,"damage_taken":0.0,"cards_upgraded":["ats:Cat Scratch"]},{"cards_removed":["ats:Strike C"],"damage_healed":0.0,"max_hp_gain":0.0,"max_hp_loss":0.0,"gold_gain":0.0,"event_name":"Back to Basics","player_choice":"Elegance","floor":20.0,"gold_loss":0.0,"damage_taken":0.0},{"damage_healed":0.0,"max_hp_gain":0.0,"max_hp_loss":0.0,"gold_gain":0.0,"event_name":"Match and Keep!","player_choice":"0 cards matched","floor":22.0,"gold_loss":0.0,"damage_taken":0.0,"cards_obtained":[]},{"damage_healed":0.0,"max_hp_gain":0.0,"max_hp_loss":0.0,"gold_gain":0.0,"event_name":"Ghosts","player_choice":"Ignored","floor":28.0,"gold_loss":0.0,"damage_taken":0.0},{"damage_healed":0.0,"max_hp_gain":0.0,"max_hp_loss":0.0,"gold_gain":0.0,"event_name":"NoteForYourself","player_choice":"Ignored","floor":36.0,"gold_loss":0.0,"damage_taken":0.0},{"damage_healed":0.0,"max_hp_gain":0.0,"max_hp_loss":0.0,"gold_gain":0.0,"cards_transformed":["ats:Strike S"],"event_name":"Transmorgrifier","player_choice":"Transformed","floor":39.0,"gold_loss":0.0,"damage_taken":0.0,"cards_obtained":["ats:Sword Rain"]},{"damage_healed":0,"gold_gain":0,"player_choice":"Fight","damage_taken":0,"max_hp_gain":0,"max_hp_loss":0,"event_name":"MindBloom","floor":47,"gold_loss":0}],"is_beta":false,"boss_relics":[{"not_picked":["Replay:Wanted Poster","Replay:Drink Me"],"picked":"Replay:Ancient Bell"},{"not_picked":["ats:Hidden Killer","Art of War"],"picked":"War Paint"},{"not_picked":["Onion Ring","DemoMod:BlueGuonStone"],"picked":"Question Card"},{"not_picked":["ats:Emergency Defibrillator","Durian"],"picked":"DemoMod:PartiallyEatenCheese"},{"not_picked":["Ring of Chaos","Tiny House"],"picked":"Calling Bell"}],"items_purged_floors":[19],"is_endless":false,"potions_floor_spawned":[3,8,12,18,29,31,33,35,38,44,48],"killed_by":"The Heart","ascension_level":0}}