{"host":"5fasz840ryq7obdf","time":1609004900,"event":{"mods":["AchievementEnabler","BaseMod","Bestiary","Better Altar","Better Skull","Better Third Choice","BetterRewards","Block Reminder","Colored Powertips","Curses Come First","Minty Spire (QoL Compilation)","Quick Restart","Relic Stats","Shop Mod","Spicy Shops","StSLib"],"gold_per_floor":[114,131,281,281,31,57,57,91,91,91,102,102,134,148,148,221,221,231,244,159,84,34,34,34],"floor_reached":23,"playtime":1047,"items_purged":["Doubt"],"score":564,"play_id":"277e0e26-18a1-4372-9ebf-2475694f6956","local_time":"20201226174820","is_ascension_mode":true,"campfire_choices":[{"floor":7.0,"key":"REST"},{"data":"1","floor":15.0,"key":"LIFT"}],"circlet_count":0,"master_deck":["AscendersBane","Strike_P","Strike_P","Strike_P","Strike_P","Defend_P","Defend_P+1","Defend_P","Eruption","Vigilance","Judgement+1","Dramatic Entrance","JustLucky","Indignation","Consecrate","Wireheading","CutThroughFate","Swivel","EmptyBody","WreathOfFlame","Adaptation","SpiritShield","EmptyBody","Evaluate"],"relics":["PureWater","Shuriken","Gambling Chip","Girya","Sundial","CaptainsWheel","Pear","GoldenEye","Meat on the Bone","Black Star","Bird Faced Urn"],"acts_visited":["Exordium","TheCity"],"potions_floor_usage":[],"damage_taken":[{"damage":0.0,"enemies":"Jaw Worm","floor":1.0,"turns":1.0},{"damage":0.0,"enemies":"2 Louse","floor":2.0,"turns":1.0},{"damage":26.0,"enemies":"Lagavulin","floor":6.0,"turns":5.0},{"damage":8.0,"enemies":"Gremlin Nob","floor":8.0,"turns":3.0},{"damage":0.0,"enemies":"Cultist","floor":11.0,"turns":2.0},{"damage":0.0,"enemies":"Lagavulin","floor":13.0,"turns":3.0},{"damage":0.0,"enemies":"Red Slaver","floor":14.0,"turns":1.0},{"damage":0.0,"enemies":"Slime Boss","floor":16.0,"turns":5.0},{"damage":22.0,"enemies":"Spheric Guardian","floor":18.0,"turns":3.0},{"damage":23.0,"enemies":"Shell Parasite","floor":19.0,"turns":5.0},{"damage":41,"enemies":"Book of Stabbing","floor":23,"turns":4}],"seed_played":"5968614250361355457","potions_obtained":[{"floor":1.0,"key":"LiquidMemories"},{"floor":11.0,"key":"SpeedPotion"},{"floor":13.0,"key":"Swift Potion"}],"is_trial":false,"path_per_floor":["M","M","?","?","$","E","R","E","T","T","M","?","E","M","R","B",null,"M","M","?","?","?","E"],"character_chosen":"WATCHER","items_purchased":["Shuriken","Gambling Chip","Judgement","Dramatic Entrance","Consecrate","Wireheading"],"campfire_rested":1,"item_purchase_floors":[0,0,0,0,5,5],"current_hp_per_floor":[30,30,30,30,30,4,24,16,26,26,26,19,19,31,31,43,69,47,36,36,36,36,0,0],"gold":34,"neow_bonus":"","is_daily":false,"chose_seed":false,"campfire_upgraded":0,"win_rate":0.0,"timestamp":1609004900,"path_taken":["M","M","?","?","$","E","R","E","T","?","?","?","E","M","R","BOSS","M","M","?","?","?","E"],"items_purchased_type":["Relic","Relic","Card","Card","Card","Card"],"build_version":"2020-12-22","purchased_purges":1,"victory":false,"max_hp_per_floor":[68,68,68,68,68,68,68,68,78,78,78,78,78,78,78,78,78,78,78,78,78,78,78,78],"relic_stats":{"counters":[34,104],"Shuriken":[14],"Sundial":[2],"Gambling Chip":[22],"Bird Faced Urn":[2],"Black Star":0,"GoldenEye":[27],"obtain_stats":[{"Gremlin Horn":0,"CeramicFish":26,"Vajra":0,"Melange":0,"Whetstone":4,"Boot":9,"Matryoshka":19,"Sundial":6,"Gambling Chip":0,"Kunai":10,"Girya":4,"Pear":9,"Happy Flower":27,"Letter Opener":24,"War Paint":8,"GoldenEye":13,"SlaversCollar":34,"CaptainsWheel":8,"Shuriken":0,"Bird Faced Urn":20,"HolyWater":17,"Molten Egg 2":0,"Black Star":17,"Membership Card":0,"Bottled Lightning":26,"PureWater":0,"TungstenRod":0,"Toy Ornithopter":7,"Meat on the Bone":29},{"Gremlin Horn":0,"CeramicFish":12,"Vajra":0,"Melange":23,"Whetstone":2,"Boot":4,"Matryoshka":10,"Sundial":26,"Gambling Chip":23,"Kunai":5,"Girya":25,"Pear":27,"Happy Flower":13,"Letter Opener":12,"War Paint":4,"GoldenEye":7,"SlaversCollar":18,"CaptainsWheel":27,"Shuriken":23,"Bird Faced Urn":33,"HolyWater":9,"Molten Egg 2":0,"Black Star":31,"Membership Card":0,"Bottled Lightning":12,"PureWater":0,"TungstenRod":0,"Toy Ornithopter":4,"Meat on the Bone":15},{"Gremlin Horn":0,"CeramicFish":37,"Vajra":0,"Melange":71,"Whetstone":3,"Boot":7,"Matryoshka":27,"Sundial":78,"Gambling Chip":71,"Kunai":10,"Girya":73,"Pear":81,"Happy Flower":39,"Letter Opener":37,"War Paint":7,"GoldenEye":14,"SlaversCollar":58,"CaptainsWheel":81,"Shuriken":71,"Bird Faced Urn":100,"HolyWater":23,"Molten Egg 2":0,"Black Star":92,"Membership Card":0,"Bottled Lightning":37,"PureWater":0,"TungstenRod":0,"Toy Ornithopter":7,"Meat on the Bone":44}],"Meat on the Bone":36},"card_choices":[{"not_picked":["Halt","EmptyBody"],"picked":"JustLucky","floor":1.0},{"not_picked":["Vengeance","Evaluate"],"picked":"Indignation","floor":2.0},{"not_picked":["BowlingBash","Vengeance"],"picked":"CutThroughFate","floor":6.0},{"not_picked":["PathToVictory","FlyingSleeves"],"picked":"Swivel","floor":8.0},{"not_picked":["Crescendo","EmptyFist"],"picked":"EmptyBody","floor":11.0},{"not_picked":["Swivel","MasterReality"],"picked":"WreathOfFlame","floor":13.0},{"not_picked":["ReachHeaven","Prostrate"],"picked":"Adaptation","floor":14.0},{"not_picked":["ConjureBlade","Brilliance"],"picked":"SpiritShield","floor":16.0},{"not_picked":["ClearTheMind","Meditate"],"picked":"EmptyBody","floor":18.0},{"not_picked":["Consecrate","ForeignInfluence"],"picked":"Evaluate","floor":19.0}],"player_experience":1127531,"relics_obtained":[{"floor":6.0,"key":"Sundial"},{"floor":8.0,"key":"CaptainsWheel"},{"floor":9.0,"key":"Pear"},{"floor":10.0,"key":"GoldenEye"},{"floor":13.0,"key":"Meat on the Bone"}],"event_choices":[{"damage_healed":0.0,"max_hp_gain":0.0,"max_hp_loss":0.0,"gold_gain":150.0,"event_name":"betterThird:BetterSerpent","player_choice":"AGREE","floor":3.0,"gold_loss":0.0,"damage_taken":131.0},{"damage_healed":0.0,"max_hp_gain":0.0,"max_hp_loss":0.0,"gold_gain":0.0,"event_name":"Big Fish","player_choice":"Box","floor":4.0,"gold_loss":0.0,"damage_taken":0.0,"relics_obtained":["Girya"],"cards_obtained":["Regret"]},{"cards_removed":["Regret"],"damage_healed":0.0,"max_hp_gain":0.0,"max_hp_loss":0.0,"gold_gain":0.0,"event_name":"Golden Wing","player_choice":"Card Removal","floor":12.0,"gold_loss":0.0,"damage_taken":7.0},{"damage_healed":0.0,"max_hp_gain":0.0,"max_hp_loss":0.0,"gold_gain":0.0,"event_name":"Addict","player_choice":"Obtained Relic","floor":20.0,"gold_loss":85.0,"damage_taken":0.0,"relics_obtained":["Bird Faced Urn"]},{"cards_removed":["Defend_P"],"damage_healed":0.0,"max_hp_gain":0.0,"max_hp_loss":0.0,"gold_gain":0.0,"event_name":"Beggar","player_choice":"Gave Gold","floor":21.0,"gold_loss":75.0,"damage_taken":0.0},{"damage_healed":0.0,"max_hp_gain":0.0,"max_hp_loss":0.0,"gold_gain":0.0,"event_name":"Designer","player_choice":"Upgraded Two","floor":22.0,"gold_loss":50.0,"damage_taken":0.0,"cards_upgraded":["Judgement","Defend_P"]}],"is_beta":false,"boss_relics":[{"not_picked":["Sozu","Ectoplasm"],"picked":"Black Star"}],"items_purged_floors":[5],"is_endless":false,"potions_floor_spawned":[1,11,13],"killed_by":"Book of Stabbing","ascension_level":20}}