{"host":"1g0zx6fxgd1m75qs","time":1609010695,"event":{"mods":["Act Like it!","BaseMod","GifTheSpireLib","Googly Eyes","Hallownest","Minty Spire (QoL Compilation)","StSLib","The Bug Knight"],"gold_per_floor":[368,368,179,179,194,194,194,194,194,194,212,245,118,131,131,226,226,246,101,101,120,30,30,45,45,45,63,63,63],"floor_reached":28,"playtime":1884,"items_purged":["Hallownest:curseDreamersLament","HollowMod:NailStrikeStart"],"score":216,"play_id":"c0ae9a2d-8d43-4acc-bc06-94b6f606d018","local_time":"20201226202455","is_ascension_mode":false,"campfire_choices":[{"data":"HollowMod:CycloneSlash","floor":6,"key":"SMITH"},{"data":"HollowMod:CornifersMapStart","floor":8,"key":"SMITH"},{"data":"Dramatic Entrance","floor":10,"key":"SMITH"},{"floor":15,"key":"REST"},{"data":"HollowMod:ElderbugsWisdom","floor":23,"key":"SMITH"},{"floor":25,"key":"REST"}],"circlet_count":0,"master_deck":["HollowMod:NailStrikeStart+1","HollowMod:NailStrikeStart+1","HollowMod:NailStrikeStart","HollowMod:QuickDashStart","HollowMod:QuickDashStart","HollowMod:QuickDashStart","HollowMod:QuickDashStart","HollowMod:FocusHealStart","HollowMod:PogoStrike","HollowMod:SharpenedNail","HollowMod:CycloneSlash+1","Dramatic Entrance+1","HollowMod:CornifersMapStart+1","HollowMod:DungDefenderAura","HollowMod:ElderbugsWisdom+1","HollowMod:CloakDash","HollowMod:MidwifesHunger","HollowMod:MonarchWings","Writhe","HollowMod:BaldurShell+1"],"relics":["HollowMod:VesselMask","Hallownest:TeacherSealRelic","HollowMod:LumaflyLanternRelic","Matryoshka","Sozu","ClockworkSouvenir","HollowMod:StagPassRelic","Hallownest:StagBellRelic1","Frozen Egg 2","Centennial Puzzle"],"acts_visited":["Hallownest:Greenpath","Hallownest:CityofTears"],"potions_floor_usage":[12,16],"damage_taken":[{"damage":1,"enemies":"2_ Uuma","floor":1,"turns":6},{"damage":0,"enemies":"Hallownest:2_MossCreeps","floor":5,"turns":3},{"damage":1,"enemies":"Hallownest:monsterHuskGuard","floor":11,"turns":3},{"damage":11,"enemies":"Hallownest:eliteCrystalGuardian","floor":12,"turns":5},{"damage":16,"enemies":"Hallownest:Guard_and_Warrior","floor":14,"turns":5},{"damage":33,"enemies":"Hallownest:BossHornet","floor":16,"turns":17},{"damage":16,"enemies":"Hallownest:Guard_and_Sentry","floor":18,"turns":5},{"damage":28,"enemies":"Hallownest:2_Mistakes","floor":21,"turns":10},{"damage":28,"enemies":"Hallownest:monsterShrumalOgre","floor":24,"turns":6},{"damage":28,"enemies":"Hallownest:2_Flukemon","floor":27,"turns":7},{"damage":13,"enemies":"Hallownest:eliteWatcherKnight","floor":28,"turns":2}],"seed_played":"-1748109716828009914","potions_obtained":[{"floor":11,"key":"Fire Potion"},{"floor":12,"key":"Block Potion"}],"is_trial":false,"path_per_floor":["M","?","$","?","M","R","T","R","T","R","M","E","$","M","R","B",null,"M","$","?","M","?","R","M","R","T","M","E"],"character_chosen":"THE_BUGKNIGHT","items_purchased":["HollowMod:CycloneSlash","Dramatic Entrance","HollowMod:CloakDash","ClockworkSouvenir"],"campfire_rested":2,"item_purchase_floors":[3,3,13,19],"current_hp_per_floor":[59,59,59,59,59,59,59,59,59,59,58,53,53,37,59,38,75,59,59,59,41,41,41,19,41,41,13,0,0],"gold":63,"neow_bonus":"TWO_FIFTY_GOLD","is_daily":false,"chose_seed":false,"campfire_upgraded":4,"win_rate":0.0,"timestamp":1609010695,"path_taken":["M","?","$","?","M","R","?","R","T","R","M","E","?","?","R","BOSS","M","$","?","M","?","R","M","R","T","?","E"],"items_purchased_type":["Card","Card","Card","Relic"],"build_version":"2020-12-22","purchased_purges":2,"victory":false,"max_hp_per_floor":[75,75,75,75,75,75,75,75,75,75,75,75,75,75,75,75,75,75,75,75,75,75,75,75,75,75,75,75,75],"card_choices":[{"not_picked":["HollowMod:InfectedAttack","HollowMod:DescendingDark"],"picked":"HollowMod:SharpenedNail","floor":1},{"not_picked":["HollowMod:MawleksShell","HollowMod:SoulStrike"],"picked":"HollowMod:CornifersMapStart","floor":5},{"not_picked":["HollowMod:InfectionAssault","HollowMod:PerfectDash"],"picked":"HollowMod:DungDefenderAura","floor":11},{"not_picked":["HollowMod:GreatSlash","HollowMod:FallenFury"],"picked":"HollowMod:ElderbugsWisdom","floor":12},{"not_picked":["HollowMod:VengefulVoid","HollowMod:SoulSplash","HollowMod:SharpenedNail"],"picked":"SKIP","floor":14},{"not_picked":["HollowMod:ZotesMagnificence","HollowMod:VoidDash"],"picked":"HollowMod:MidwifesHunger","floor":16},{"not_picked":["HollowMod:TaintedHusks","HollowMod:WraithStrike"],"picked":"HollowMod:MonarchWings","floor":18},{"not_picked":["HollowMod:SiblingsSouls","HollowMod:SoulSplash+1","HollowMod:LifebloodCocoon+1"],"picked":"SKIP","floor":21},{"not_picked":["HollowMod:InfectedCysts","HollowMod:DescendingDark","HollowMod:VengefulVoid"],"picked":"SKIP","floor":24},{"not_picked":["HollowMod:CycloneSlash","HollowMod:LifebloodCocoon"],"picked":"HollowMod:BaldurShell+1","floor":27}],"player_experience":404239,"relics_obtained":[{"floor":9,"key":"HollowMod:LumaflyLanternRelic"},{"floor":12,"key":"Matryoshka"},{"floor":26,"key":"Frozen Egg 2"},{"floor":26,"key":"Centennial Puzzle"}],"event_choices":[],"is_beta":false,"boss_relics":[{"not_picked":["Cursed Key","Philosopher\u0027s Stone"],"picked":"Sozu"}],"items_purged_floors":[3,13],"is_endless":false,"potions_floor_spawned":[11,12,18],"killed_by":"Hallownest:eliteWatcherKnight","ascension_level":0}}