{"host":"w5ovz9boloi14a0g","time":1609006186,"event":{"mods":["BaseMod","Googly Eyes","Minty Spire (QoL Compilation)","Replay The Spire","StSLib","SuperFastMode"],"gold_per_floor":[110,285,285,300,300,327,327,106,106,122,147,147,166,131,131,236,236,256,38,38,49,64,64,64,64],"floor_reached":24,"playtime":613,"items_purged":["Wraith Form v2+1"],"score":240,"play_id":"1de50975-84dd-433a-89a3-fabebccc1c5e","local_time":"20201226120946","is_ascension_mode":true,"campfire_choices":[{"data":"Dodge and Roll","floor":7.0,"key":"SMITH"},{"data":"Neutralize","floor":12,"key":"SMITH"},{"data":"Blur","floor":15,"key":"SMITH"},{"data":"Footwork","floor":23,"key":"SMITH"}],"circlet_count":0,"master_deck":["Strike_G","Strike_G","Strike_G","Strike_G","Defend_G","Defend_G","Defend_G","Defend_G","Defend_G","Survivor+1","Neutralize+1","Bouncing Flask+1","Noxious Fumes","Dodge and Roll+1","Heel Hook","Blur+1","Corpse Explosion","Footwork+1","Neutralize","Bane+1","Toxin Wave"],"relics":["Ring of the Snake","NeowsBlessing","Oddly Smooth Stone","Snake Skull","Strawberry","Bag of Marbles","Black Star","War Paint"],"acts_visited":["Exordium","TheCity"],"potions_floor_usage":[],"damage_taken":[{"damage":0.0,"enemies":"Small Slimes","floor":1.0,"turns":1.0},{"damage":0.0,"enemies":"2 Louse","floor":4.0,"turns":1.0},{"damage":0.0,"enemies":"3 Sentries","floor":6.0,"turns":1.0},{"damage":0,"enemies":"Cultist","floor":10,"turns":4},{"damage":15,"enemies":"Gremlin Nob","floor":11,"turns":5},{"damage":9,"enemies":"Exordium Wildlife","floor":13,"turns":5},{"damage":11,"enemies":"Fading Forest","floor":16,"turns":11},{"damage":4,"enemies":"Chosen","floor":18,"turns":6},{"damage":9,"enemies":"3 Byrds","floor":21,"turns":5},{"damage":7,"enemies":"Centurion and Healer","floor":22,"turns":5},{"damage":58,"enemies":"Slavers","floor":24,"turns":4}],"seed_played":"7638025486147223690","potions_obtained":[{"floor":6.0,"key":"BlessingOfTheForge"},{"floor":10,"key":"SpeedPotion"},{"floor":11,"key":"Dexterity Potion"},{"floor":22,"key":"Dexterity Potion"}],"is_trial":false,"path_per_floor":["M","?","?","M","?","E","R","$","T","M","E","R","M","?","R","B",null,"M","$","?","M","M","R","E"],"character_chosen":"THE_SILENT","items_purchased":["Snake Skull","Footwork","War Paint"],"campfire_rested":0,"item_purchase_floors":[8,19,19],"current_hp_per_floor":[70,70,70,70,63,63,63,63,70,70,55,55,46,65,65,54,77,73,73,73,64,57,57,0,0],"gold":64,"neow_bonus":"THREE_ENEMY_KILL","is_daily":false,"chose_seed":false,"campfire_upgraded":4,"win_rate":0.0,"timestamp":1609006186,"path_taken":["M","?","?","M","?","E","R","$","T","M","E","R","M","?","R","BOSS","M","$","?","M","M","R","E"],"items_purchased_type":["Relic","Card","Relic"],"build_version":"2020-12-22","purchased_purges":1,"victory":false,"max_hp_per_floor":[70,70,70,70,70,70,70,70,77,77,77,77,77,77,77,77,77,77,77,77,77,77,77,77,77],"card_choices":[{"not_picked":["Dodge and Roll","Slice"],"picked":"Bouncing Flask","floor":1.0},{"not_picked":["Slice","Sucker Punch"],"picked":"Noxious Fumes","floor":4.0},{"not_picked":["Dagger Throw","Flying Knee"],"picked":"Dodge and Roll","floor":6.0},{"not_picked":["Slice","Outmaneuver","Cloak And Dagger"],"picked":"SKIP","floor":10},{"not_picked":["Quick Slash","Tactician"],"picked":"Heel Hook","floor":11},{"not_picked":["Toxin Wave","Tactician"],"picked":"Blur","floor":13},{"not_picked":["Poison Darts","After Image"],"picked":"Corpse Explosion","floor":16},{"not_picked":["Quick Slash","Acrobatics","Eviscerate"],"picked":"SKIP","floor":18},{"not_picked":["Prepared+1","Dodge and Roll"],"picked":"Bane+1","floor":21},{"not_picked":["Flying Knee","Acrobatics+1"],"picked":"Toxin Wave","floor":22}],"player_experience":24246,"relics_obtained":[{"floor":6.0,"key":"Oddly Smooth Stone"},{"floor":9,"key":"Strawberry"},{"floor":11,"key":"Bag of Marbles"}],"event_choices":[{"damage_healed":0.0,"max_hp_gain":0.0,"max_hp_loss":0.0,"gold_gain":175.0,"event_name":"Liars Game","player_choice":"AGREE","floor":2.0,"gold_loss":0.0,"damage_taken":0.0,"cards_obtained":["Doubt"]},{"cards_removed":["Doubt"],"damage_healed":0.0,"max_hp_gain":0.0,"max_hp_loss":0.0,"gold_gain":0.0,"event_name":"Golden Wing","player_choice":"Card Removal","floor":5.0,"gold_loss":0.0,"damage_taken":7.0},{"damage_healed":19,"gold_gain":0,"player_choice":"Healed","damage_taken":0,"max_hp_gain":0,"max_hp_loss":0,"event_name":"The Cleric","floor":14,"gold_loss":35},{"damage_healed":0,"gold_gain":0,"player_choice":"1 cards matched","damage_taken":0,"max_hp_gain":0,"max_hp_loss":0,"event_name":"Match and Keep!","floor":20,"gold_loss":0,"cards_obtained":["Neutralize"]}],"is_beta":false,"boss_relics":[{"not_picked":["ChewingGum","Snecko Eye"],"picked":"Black Star"}],"items_purged_floors":[8],"is_endless":false,"potions_floor_spawned":[6,10,11,18,22],"killed_by":"Slavers","ascension_level":1}}