{"host":"tfkz8stxzb1up54p","time":1609020957,"event":{"mods":["AchievementEnabler","BaseMod","Block Reminder","Colored Powertips","Disable Question Mark Monsters","Emptier Cage","Gold Saver","Gremlin Skip","Highlight Path","Minty Spire (QoL Compilation)","Permanent Neow","StSLib"],"gold_per_floor":[1280,463,463,463,24,62,62,62,136,180,267,317,317,359,359,488,488,513,543,543,543,557,607,631,906,906,69,69,97,141,164,164,164,164],"floor_reached":33,"playtime":2230,"items_purged":["Regret"],"score":564,"play_id":"986edcb4-d864-400b-b353-2d9b79151955","local_time":"20201226221557","is_ascension_mode":true,"campfire_choices":[{"data":"Anger","floor":7,"key":"SMITH"},{"data":"Rage","floor":15,"key":"SMITH"},{"data":"Warcry","floor":28,"key":"SMITH"},{"data":"Armaments","floor":32,"key":"SMITH"}],"circlet_count":0,"master_deck":["AscendersBane","Strike_R","Strike_R","Strike_R","Strike_R","Strike_R","Defend_R","Defend_R","Defend_R","Defend_R","Bash","Inflame","Rage+1","Flash of Steel+1","Injury","Flex","Pummel","Anger+1","Perfected Strike","Armaments+1","Flame Barrier+1","Warcry+1","Fiend Fire","Reckless Charge","Disarm","Pommel Strike","Twin Strike+1","Body Slam+1","Shockwave+1","Clash+1"],"relics":["Black Blood","NeowsBlessing","Meat on the Bone","InkBottle","Brimstone","Golden Idol","Juzu Bracelet","Gremlin Horn","Smiling Mask","CeramicFish","Sundial","The Courier","Omamori","Dream Catcher","Art of War","Incense Burner","Du-Vu Doll","Strawberry","Oddly Smooth Stone","White Beast Statue","Molten Egg 2","Shuriken","WingedGreaves"],"acts_visited":["Exordium","TheCity"],"potions_floor_usage":[11,11,16,18,22,24,30,33,33],"damage_taken":[{"damage":0,"enemies":"Cultist","floor":1,"turns":1},{"damage":0,"enemies":"Lagavulin","floor":6,"turns":2},{"damage":0,"enemies":"3 Sentries","floor":10,"turns":1},{"damage":9,"enemies":"Lagavulin Event","floor":11,"turns":3},{"damage":23,"enemies":"Lagavulin","floor":12,"turns":4},{"damage":11,"enemies":"3 Sentries","floor":14,"turns":4},{"damage":17,"enemies":"The Guardian","floor":16,"turns":7},{"damage":16,"enemies":"Shell Parasite","floor":18,"turns":3},{"damage":14,"enemies":"Chosen","floor":19,"turns":2},{"damage":12,"enemies":"Snake Plant","floor":22,"turns":2},{"damage":12,"enemies":"Gremlin Leader","floor":23,"turns":5},{"damage":30,"enemies":"Shelled Parasite and Fungi","floor":24,"turns":5},{"damage":0,"enemies":"Sentry and Sphere","floor":29,"turns":3},{"damage":30,"enemies":"Book of Stabbing","floor":30,"turns":3},{"damage":0,"enemies":"Snecko","floor":31,"turns":2},{"damage":104,"enemies":"Champ","floor":33,"turns":6}],"seed_played":"9035129726925708847","potions_obtained":[{"floor":1,"key":"Energy Potion"},{"floor":10,"key":"ColorlessPotion"},{"floor":14,"key":"FearPotion"},{"floor":16,"key":"Swift Potion"},{"floor":19,"key":"ColorlessPotion"},{"floor":23,"key":"Ancient Potion"},{"floor":29,"key":"Dexterity Potion"},{"floor":30,"key":"BlessingOfTheForge"},{"floor":31,"key":"LiquidBronze"}],"is_trial":false,"path_per_floor":["M","$","?","?","$","E","R","?","T","E","?","E","?","E","R","B",null,"M","M","?","?","M","E","M","?","T","$","R","M","E","M","R","B"],"character_chosen":"IRONCLAD","items_purchased":["Meat on the Bone","InkBottle","Brimstone","Rage","Flash of Steel","Gremlin Horn","Flex","Pummel","Strawberry","Oddly Smooth Stone","White Beast Statue","Molten Egg 2","Shuriken","Twin Strike+1"],"campfire_rested":0,"item_purchase_floors":[2,2,2,2,2,5,5,5,27,27,27,27,27,27],"current_hp_per_floor":[78,78,78,78,78,80,80,73,73,79,76,59,43,50,50,51,73,69,67,67,67,67,67,61,61,61,68,68,80,62,74,74,0,0],"gold":164,"neow_bonus":"THREE_ENEMY_KILL","is_daily":false,"chose_seed":false,"campfire_upgraded":4,"win_rate":0.0,"timestamp":1609020957,"path_taken":["M","$","?","?","$","E","R","?","T","E","?","E","?","E","R","BOSS","M","M","?","?","M","E","M","?","T","$","R","M","E","M","R","BOSS"],"items_purchased_type":["Relic","Relic","Relic","Card","Card","Relic","Card","Card","Relic","Relic","Relic","Relic","Relic","Card"],"build_version":"2020-12-22","purchased_purges":1,"victory":false,"max_hp_per_floor":[80,80,80,80,80,80,80,80,80,80,80,80,80,80,80,80,80,80,80,80,80,80,80,80,80,80,87,87,87,87,87,87,87,87],"card_choices":[{"not_picked":["Whirlwind","Wild Strike"],"picked":"Inflame","floor":1},{"not_picked":["Reckless Charge","Flame Barrier"],"picked":"Anger","floor":6},{"not_picked":["Reaper","Twin Strike"],"picked":"Perfected Strike","floor":10},{"not_picked":["Shrug It Off","Cleave"],"picked":"Armaments","floor":11},{"not_picked":["Combust","Headbutt"],"picked":"Flame Barrier","floor":12},{"not_picked":["Cleave","Blood for Blood"],"picked":"Warcry","floor":14},{"not_picked":["Juggernaut","Barricade"],"picked":"Fiend Fire","floor":16},{"not_picked":["Dual Wield","Hemokinesis+1"],"picked":"Reckless Charge","floor":18},{"not_picked":["Iron Wave","Perfected Strike+1"],"picked":"Disarm","floor":19},{"not_picked":["Dual Wield","Headbutt","Combust"],"picked":"SKIP","floor":22},{"not_picked":["Immolate","Whirlwind"],"picked":"Pommel Strike","floor":23},{"not_picked":["Havoc","Blood for Blood+1","Sentinel"],"picked":"SKIP","floor":24},{"not_picked":["Iron Wave+1","Clothesline+1"],"picked":"Body Slam+1","floor":29},{"not_picked":["Flex+1","Headbutt+1"],"picked":"Shockwave+1","floor":30},{"not_picked":["Cleave+1","Sword Boomerang+1"],"picked":"Clash+1","floor":31}],"player_experience":1230011,"relics_obtained":[{"floor":6,"key":"Smiling Mask"},{"floor":9,"key":"Sundial"},{"floor":10,"key":"The Courier"},{"floor":11,"key":"Omamori"},{"floor":12,"key":"Dream Catcher"},{"floor":14,"key":"Art of War"},{"floor":23,"key":"Incense Burner"},{"floor":26,"key":"Du-Vu Doll"},{"floor":30,"key":"WingedGreaves"}],"event_choices":[{"damage_healed":0,"gold_gain":0,"player_choice":"Take Wound","damage_taken":0,"relics_obtained":["Golden Idol"],"max_hp_gain":0,"max_hp_loss":0,"event_name":"Golden Idol","floor":3,"gold_loss":0,"cards_obtained":["Injury"]},{"damage_healed":0,"gold_gain":0,"player_choice":"Box","damage_taken":0,"relics_obtained":["Juzu Bracelet"],"max_hp_gain":0,"max_hp_loss":0,"event_name":"Big Fish","floor":4,"gold_loss":0,"cards_obtained":["Regret"]},{"damage_healed":0,"gold_gain":0,"player_choice":"Success","damage_taken":7,"relics_obtained":["CeramicFish"],"max_hp_gain":0,"max_hp_loss":0,"event_name":"Scrap Ooze","floor":8,"gold_loss":0},{"damage_healed":0,"gold_gain":0,"player_choice":"Searched \u00272\u0027 times","damage_taken":0,"max_hp_gain":0,"max_hp_loss":0,"event_name":"Dead Adventurer","floor":11,"gold_loss":0},{"damage_healed":0,"gold_gain":0,"player_choice":"Entered Light","damage_taken":16,"max_hp_gain":0,"max_hp_loss":0,"event_name":"Shining Light","floor":13,"gold_loss":0,"cards_upgraded":["Flash of Steel","Flame Barrier"]},{"damage_healed":0,"gold_gain":0,"player_choice":"Ignored","damage_taken":0,"max_hp_gain":0,"max_hp_loss":0,"event_name":"Transmorgrifier","floor":20,"gold_loss":0},{"damage_healed":0,"gold_gain":0,"player_choice":"Ignored","damage_taken":0,"max_hp_gain":0,"max_hp_loss":0,"event_name":"Vampires","floor":21,"gold_loss":0},{"damage_healed":0,"gold_gain":275,"player_choice":"Desecrate","damage_taken":0,"max_hp_gain":0,"max_hp_loss":0,"event_name":"Golden Shrine","floor":25,"gold_loss":0,"cards_obtained":["Regret"]}],"is_beta":false,"boss_relics":[{"not_picked":["Black Star","Astrolabe"],"picked":"Black Blood"}],"items_purged_floors":[5],"is_endless":false,"potions_floor_spawned":[1,10,14,16,19,23,29,30,31],"killed_by":"Champ","ascension_level":10}}