{"host":"h7phgxvratutj9mx","time":1609006533,"event":{"mods":["BaseMod","Highlight Path","Minty Spire (QoL Compilation)","Quick Restart"],"gold_per_floor":[118,128,128,138,138,171,183,215,215,115,115,115,115,132,132,132,132],"floor_reached":16,"playtime":412,"items_purged":["Defend_P"],"score":149,"play_id":"65e188a1-61f5-421d-9b03-a57790a829ac","local_time":"25631227011533","is_ascension_mode":true,"campfire_choices":[{"floor":11,"key":"REST"},{"data":"Devotion","floor":13,"key":"SMITH"},{"floor":15,"key":"REST"}],"circlet_count":0,"master_deck":["Strike_P","Strike_P","Strike_P","Defend_P","Defend_P","Defend_P","Eruption","Vigilance","FlyingSleeves","FlyingSleeves","Weave","FlyingSleeves","Devotion+1","ClearTheMind","Tantrum","ClearTheMind","Prostrate"],"relics":["PureWater","Strawberry","Darkstone Periapt","Girya","NlothsMask"],"acts_visited":["Exordium"],"potions_floor_usage":[8,14],"damage_taken":[{"damage":0,"enemies":"2 Louse","floor":1,"turns":1},{"damage":0,"enemies":"Cultist","floor":2,"turns":2},{"damage":0,"enemies":"Small Slimes","floor":4,"turns":2},{"damage":29,"enemies":"3 Sentries","floor":6,"turns":11},{"damage":1,"enemies":"Red Slaver","floor":7,"turns":2},{"damage":0,"enemies":"Gremlin Nob","floor":8,"turns":2},{"damage":21,"enemies":"Exordium Thugs","floor":14,"turns":4},{"damage":79,"enemies":"Hexaghost","floor":16,"turns":2}],"seed_played":"-8345631809261907445","potions_obtained":[{"floor":1,"key":"BottledMiracle"},{"floor":2,"key":"Fire Potion"},{"floor":7,"key":"SteroidPotion"},{"floor":14,"key":"Fire Potion"}],"is_trial":false,"path_per_floor":["M","M","?","M","?","E","M","E","T","$","R","?","R","M","R","B"],"character_chosen":"WATCHER","items_purchased":["ClearTheMind"],"campfire_rested":2,"item_purchase_floors":[10],"current_hp_per_floor":[79,79,79,79,72,50,49,49,49,49,74,74,74,53,78,0,0],"gold":132,"neow_bonus":"TEN_PERCENT_HP_BONUS","is_daily":false,"chose_seed":false,"campfire_upgraded":1,"win_rate":0.0,"timestamp":1609006533,"path_taken":["M","M","?","?","?","E","M","E","T","$","R","?","R","?","R","BOSS"],"items_purchased_type":["Card"],"build_version":"2020-12-22","purchased_purges":1,"victory":false,"max_hp_per_floor":[79,79,79,79,79,86,86,86,86,86,86,86,86,86,86,86,86],"card_choices":[{"not_picked":["TalkToTheHand","Fasting2"],"picked":"FlyingSleeves","floor":1},{"not_picked":["ForeignInfluence","Sanctity"],"picked":"FlyingSleeves","floor":2},{"not_picked":["CutThroughFate","Swivel"],"picked":"FlyingSleeves","floor":4},{"not_picked":["Weave","Evaluate"],"picked":"Devotion","floor":6},{"not_picked":["FlurryOfBlows","ForeignInfluence"],"picked":"ClearTheMind","floor":7},{"not_picked":["ForeignInfluence","Adaptation"],"picked":"Tantrum","floor":8},{"not_picked":["PathToVictory","Scrawl"],"picked":"Prostrate","floor":14}],"player_experience":485364,"relics_obtained":[{"floor":6,"key":"Strawberry"},{"floor":8,"key":"Darkstone Periapt"},{"floor":9,"key":"Girya"}],"event_choices":[{"damage_healed":0,"gold_gain":0,"player_choice":"1 cards matched","damage_taken":0,"max_hp_gain":0,"max_hp_loss":0,"event_name":"Match and Keep!","floor":3,"gold_loss":0,"cards_obtained":["Weave"]},{"cards_removed":["Strike_P"],"damage_healed":0,"gold_gain":0,"player_choice":"Card Removal","damage_taken":7,"max_hp_gain":0,"max_hp_loss":0,"event_name":"Golden Wing","floor":5,"gold_loss":0},{"damage_healed":0,"gold_gain":0,"player_choice":"Trade","damage_taken":0,"relics_obtained":["NlothsMask"],"max_hp_gain":0,"max_hp_loss":0,"event_name":"FaceTrader","floor":12,"gold_loss":0}],"is_beta":false,"boss_relics":[],"items_purged_floors":[10],"is_endless":false,"potions_floor_spawned":[1,2,7,14],"killed_by":"Hexaghost","ascension_level":2}}