{"host":"9v3x998ddbx8o276","time":1609023661,"event":{"mods":["AchievementEnabler","BaseMod","Colored Map","Highlight Path","Minty Spire (QoL Compilation)","Quick Restart","Rare Cards Sparkle"],"gold_per_floor":[116,136,1,1,1,1,1,44,69,88,88,131,131,164,164,253,253,268,283,233,233,233],"floor_reached":21,"playtime":509,"items_purged":[],"score":390,"play_id":"52084d6e-85c7-487e-9f2f-20cbbc203708","local_time":"20201227093101","is_ascension_mode":true,"campfire_choices":[{"data":"Barrage","floor":7.0,"key":"SMITH"},{"data":"Ball Lightning","floor":11.0,"key":"SMITH"},{"data":"Core Surge","floor":15,"key":"SMITH"}],"circlet_count":0,"master_deck":["AscendersBane","Strike_B","Strike_B","Strike_B","Defend_B","Defend_B","Defend_B","Defend_B","Zap","Dualcast","FTL","Barrage+1","Cold Snap","Self Repair","Ball Lightning+1","Self Repair+1","Core Surge+1","Creative AI+1","White Noise+1","Self Repair+1"],"relics":["Cracked Core","PreservedInsect","Golden Idol","Eternal Feather","Omamori","Frozen Egg 2","Toy Ornithopter","Inserter"],"acts_visited":["Exordium","TheCity"],"potions_floor_usage":[14,16],"damage_taken":[{"damage":1.0,"enemies":"Cultist","floor":1.0,"turns":3.0},{"damage":7.0,"enemies":"Small Slimes","floor":2.0,"turns":3.0},{"damage":6.0,"enemies":"Gremlin Nob","floor":8.0,"turns":3.0},{"damage":4.0,"enemies":"2 Louse","floor":10.0,"turns":2.0},{"damage":21.0,"enemies":"Lagavulin","floor":12.0,"turns":4.0},{"damage":14,"enemies":"3 Sentries","floor":14,"turns":5},{"damage":43,"enemies":"Hexaghost","floor":16,"turns":9},{"damage":36,"enemies":"Shell Parasite","floor":18,"turns":5},{"damage":22,"enemies":"Chosen","floor":19,"turns":5},{"damage":44,"enemies":"Sentry and Sphere","floor":21,"turns":4}],"seed_played":"5378103125324059173","potions_obtained":[{"floor":8.0,"key":"Swift Potion"},{"floor":12.0,"key":"CultistPotion"},{"floor":14,"key":"LiquidBronze"}],"is_trial":false,"path_per_floor":["M","M","$","?","?","?","R","E","T","M","R","E","?","E","R","B",null,"M","M","?","M"],"character_chosen":"DEFECT","items_purchased":["DuplicationPotion","Cold Snap"],"campfire_rested":0,"item_purchase_floors":[3,3],"current_hp_per_floor":[63,56,56,49,49,54,54,48,48,44,53,32,32,45,54,33,60,41,36,36,0,0],"gold":233,"neow_bonus":"RANDOM_COMMON_RELIC","is_daily":false,"chose_seed":false,"campfire_upgraded":3,"win_rate":0.0,"timestamp":1609023661,"path_taken":["M","M","$","?","?","?","R","E","T","M","R","E","?","E","R","BOSS","M","?","?","M"],"items_purchased_type":["Potion","Card"],"build_version":"2020-12-22","purchased_purges":0,"victory":false,"max_hp_per_floor":[71,71,71,71,64,69,69,69,69,69,69,69,69,69,69,69,69,69,69,69,69,69],"card_choices":[{"not_picked":["Hologram","Chill"],"picked":"FTL","floor":1.0},{"not_picked":["Rebound","Heatsinks"],"picked":"Barrage","floor":2.0},{"not_picked":["FTL","Leap"],"picked":"Self Repair","floor":8.0},{"not_picked":["Chaos","Melter"],"picked":"Ball Lightning","floor":10.0},{"not_picked":["Compile Driver","Cold Snap"],"picked":"Self Repair+1","floor":12.0},{"not_picked":["Ball Lightning","Go for the Eyes"],"picked":"Core Surge","floor":14},{"not_picked":["Amplify","Hyperbeam"],"picked":"Creative AI+1","floor":16},{"not_picked":["Redo","Leap"],"picked":"White Noise+1","floor":18},{"not_picked":["Rip and Tear","Gash"],"picked":"Self Repair+1","floor":19}],"player_experience":2070558,"relics_obtained":[{"floor":8.0,"key":"Eternal Feather"},{"floor":9.0,"key":"Omamori"},{"floor":12.0,"key":"Frozen Egg 2"},{"floor":14,"key":"Toy Ornithopter"}],"event_choices":[{"cards_removed":["Strike_B"],"damage_healed":0.0,"max_hp_gain":0.0,"max_hp_loss":0.0,"gold_gain":0.0,"event_name":"Golden Wing","player_choice":"Card Removal","floor":4.0,"gold_loss":0.0,"damage_taken":7.0},{"damage_healed":0.0,"max_hp_gain":0.0,"max_hp_loss":7.0,"gold_gain":0.0,"event_name":"Golden Idol","player_choice":"Lose Max HP","floor":5.0,"gold_loss":0.0,"damage_taken":0.0,"relics_obtained":["Golden Idol"]},{"damage_healed":0.0,"max_hp_gain":5.0,"max_hp_loss":0.0,"gold_gain":0.0,"event_name":"Big Fish","player_choice":"Donut","floor":6.0,"gold_loss":0.0,"damage_taken":0.0},{"damage_healed":0.0,"max_hp_gain":0.0,"max_hp_loss":0.0,"gold_gain":0.0,"event_name":"Lab","player_choice":"Got Potions","floor":13.0,"gold_loss":0.0,"damage_taken":0.0},{"damage_healed":0,"gold_gain":0,"player_choice":"Bet on Owner","damage_taken":0,"max_hp_gain":0,"max_hp_loss":0,"event_name":"The Joust","floor":20,"gold_loss":50}],"is_beta":false,"boss_relics":[{"not_picked":["Empty Cage","Sozu"],"picked":"Inserter"}],"items_purged_floors":[],"is_endless":false,"potions_floor_spawned":[8,12,14],"killed_by":"Sentry and Sphere","ascension_level":20}}