{"host":"wghdsg8ym2wc7ov9","time":1609019707,"event":{"mods":["AchievementEnabler","Astrologer","Bard","BaseMod","Beaked The Cultist","Better Altar","Better Note","Colored Map","Hermit","Highlight Path","Jorbs\u0027s Wanderer Trilogy","Minty Spire (QoL Compilation)","Random Character Button","Relic Stats","Shop Mod","StSLib","The Blackbeard","The Bladedancer","The Cursed","The Gatherer","The Hierophant","The Mystic","The Senshi","The Servant 0.9.4"],"gold_per_floor":[116,116,129,37,54,88,88,108,133,133,144,164,180,192,192,295,295,310,322,341,341,341,366,366,412,412,412,423,25,25,41,41,140,140,153,167,179,179,179,205,205,205,205,218,252,28,61,26,26,26,26],"floor_reached":50,"playtime":14862,"items_purged":[],"score":604,"play_id":"4c03cbd6-ec1c-4744-b6de-371c9012f0c1","local_time":"20201226135507","is_ascension_mode":false,"campfire_choices":[{"floor":7.0,"key":"REST"},{"floor":15.0,"key":"REST"},{"floor":24.0,"key":"REST"},{"data":"mysticmod:HeavyStrike","floor":27.0,"key":"SMITH"},{"floor":30.0,"key":"REST"},{"floor":32.0,"key":"REST"},{"floor":42,"key":"REST"},{"floor":49,"key":"RECALL"}],"circlet_count":0,"master_deck":["mysticmod:Strike_Mystic","mysticmod:Strike_Mystic","mysticmod:Strike_Mystic","mysticmod:Strike_Mystic","mysticmod:Defend_Mystic","mysticmod:Defend_Mystic","mysticmod:Defend_Mystic","mysticmod:Defend_Mystic","mysticmod:ArcaneDodge+1","mysticmod:ShockingGrasp","mysticmod:FiveFootStep","mysticmod:MightyMagic","mysticmod:HeavyStrike+1","mysticmod:Dedication","mysticmod:ComponentsPouch","mysticmod:LightningBolt","mysticmod:ComboCaster","mysticmod:FiveFootStep","mysticmod:CureLightWounds","mysticmod:LightningBolt","mysticmod:DiviningBlow","mysticmod:KnowledgePool","mysticmod:SuddenClarity","mysticmod:KeenEdge","mysticmod:FiveFootStep","mysticmod:ArcaneDodge+1","mysticmod:Fly","mysticmod:SpellCombat","mysticmod:FloatingDisk","mysticmod:Haste","mysticmod:Alacrity+1","mysticmod:ArcaneAccuracy+1","mysticmod:Haste","mysticmod:Fireball+1","mysticmod:Riposte","mysticmod:Daze+1","mysticmod:EbbAndFlow+1","mysticmod:VorpalThrust","mysticmod:Disintegrate","mysticmod:Feint"],"relics":["mysticmod:SpellBook","SlaversCollar","Nloth\u0027s Gift","Art of War","Vajra","Mango","Blood Vial","Mercury Hourglass","Black Star","Dream Catcher","Sundial","White Beast Statue","Bottled Flame","Strawberry","Question Card","PreservedInsect","Blue Candle","Orichalcum"],"acts_visited":["Exordium","TheCity","TheBeyond"],"potions_floor_usage":[36,45,47,50,50],"damage_taken":[{"damage":0.0,"enemies":"Jaw Worm","floor":1.0,"turns":4.0},{"damage":7.0,"enemies":"Cultist","floor":3.0,"turns":5.0},{"damage":13.0,"enemies":"2 Louse","floor":5.0,"turns":3.0},{"damage":43.0,"enemies":"Gremlin Nob","floor":6.0,"turns":5.0},{"damage":0.0,"enemies":"Looter","floor":8.0,"turns":3.0},{"damage":0.0,"enemies":"Blue Slaver","floor":11.0,"turns":1.0},{"damage":0.0,"enemies":"2 Fungi Beasts","floor":12.0,"turns":2.0},{"damage":0.0,"enemies":"Large Slime","floor":13.0,"turns":4.0},{"damage":12.0,"enemies":"Blue Slaver","floor":14.0,"turns":3.0},{"damage":40.0,"enemies":"The Guardian","floor":16.0,"turns":14.0},{"damage":13.0,"enemies":"Spheric Guardian","floor":18.0,"turns":5.0},{"damage":29.0,"enemies":"Shell Parasite","floor":19.0,"turns":7.0},{"damage":30.0,"enemies":"Snake Plant","floor":20.0,"turns":5.0},{"damage":9.0,"enemies":"Gremlin Leader","floor":23.0,"turns":4.0},{"damage":60.0,"enemies":"Snecko","floor":28.0,"turns":9.0},{"damage":0.0,"enemies":"3 Cultists","floor":31.0,"turns":2.0},{"damage":54.0,"enemies":"Collector","floor":33.0,"turns":8.0},{"damage":30,"enemies":"3 Darklings","floor":35,"turns":6},{"damage":7,"enemies":"3 Shapes","floor":36,"turns":7},{"damage":35,"enemies":"Jaw Worm Horde","floor":37,"turns":4},{"damage":40,"enemies":"Nemesis","floor":40,"turns":9},{"damage":13,"enemies":"Sphere and 2 Shapes","floor":44,"turns":5},{"damage":9,"enemies":"Giant Head","floor":45,"turns":7},{"damage":41,"enemies":"Nemesis","floor":47,"turns":6},{"damage":82,"enemies":"Awakened One","floor":50,"turns":8}],"seed_played":"1491063666765428441","potions_obtained":[{"floor":3.0,"key":"BlessingOfTheForge"},{"floor":5.0,"key":"Regen Potion"},{"floor":8.0,"key":"FairyPotion"},{"floor":12.0,"key":"Weak Potion"},{"floor":19.0,"key":"Dexterity Potion"},{"floor":20.0,"key":"SpeedPotion"},{"floor":28.0,"key":"BlessingOfTheForge"},{"floor":35,"key":"EssenceOfSteel"},{"floor":36,"key":"Fruit Juice"},{"floor":44,"key":"LiquidMemories"},{"floor":45,"key":"BlessingOfTheForge"},{"floor":47,"key":"Dexterity Potion"}],"is_trial":false,"path_per_floor":["M","?","M","$","M","E","R","M","T","?","M","M","M","M","R","B",null,"M","M","M","?","?","E","R","T","T","R","M","$","R","M","R","B",null,"M","M","M","?","?","E","T","R","T","M","E","$","E","$","R","B"],"character_chosen":"MYSTIC_CLASS","items_purchased":["mysticmod:HeavyStrike","mysticmod:Dedication","Blood Vial","Mercury Hourglass","PreservedInsect","mysticmod:VorpalThrust","mysticmod:Feint"],"campfire_rested":6,"item_purchase_floors":[4,4,29,29,46,46,48],"current_hp_per_floor":[84,84,77,77,64,21,46,46,46,46,46,46,49,37,62,25,84,72,46,36,36,36,30,55,55,69,69,9,9,38,40,69,20,98,69,72,39,39,90,53,53,80,80,72,75,75,39,39,39,0,0],"gold":26,"neow_bonus":"TEN_PERCENT_HP_BONUS","is_daily":false,"chose_seed":false,"campfire_upgraded":1,"win_rate":0.0,"timestamp":1609019707,"path_taken":["M","?","?","$","M","E","R","M","T","?","M","M","M","?","R","BOSS","M","M","M","?","?","E","R","?","T","R","M","$","R","M","R","BOSS","M","M","M","?","?","E","?","R","T","?","E","$","E","?","R","BOSS"],"items_purchased_type":["Card","Card","Relic","Relic","Relic","Card","Card"],"build_version":"2020-12-22","purchased_purges":0,"victory":false,"max_hp_per_floor":[84,84,84,84,84,84,84,84,84,84,84,84,84,84,84,84,84,84,84,84,84,84,84,84,84,98,98,98,98,98,98,98,98,98,98,103,103,103,90,90,90,90,90,90,97,97,97,97,97,97,97],"relic_stats":{"counters":[25,135],"Blue Candle":[0],"PreservedInsect":47,"Orichalcum":[6],"Question Card":1,"Mercury Hourglass":[268],"Blood Vial":16,"Dream Catcher":1,"Sundial":[8],"Nloth\u0027s Gift":1,"Art of War":[6],"Black Star":3,"obtain_stats":[{"Blue Candle":47,"Vajra":25,"mysticmod:SpellBook":0,"Mango":26,"PreservedInsect":46,"Orichalcum":47,"Question Card":45,"Akabeko":6,"White Beast Statue":41,"Mercury Hourglass":29,"Blood Vial":29,"SlaversCollar":17,"Dream Catcher":40,"Bottled Flame":43,"Sundial":40,"Strawberry":45,"Nloth\u0027s Gift":22,"Art of War":23,"Black Star":34},{"Blue Candle":24,"Vajra":14,"mysticmod:SpellBook":0,"Mango":14,"PreservedInsect":23,"Orichalcum":24,"Question Card":23,"Akabeko":4,"White Beast Statue":21,"Mercury Hourglass":15,"Blood Vial":15,"SlaversCollar":10,"Dream Catcher":21,"Bottled Flame":21,"Sundial":21,"Strawberry":23,"Nloth\u0027s Gift":13,"Art of War":14,"Black Star":17},{"Blue Candle":127,"Vajra":65,"mysticmod:SpellBook":0,"Mango":65,"PreservedInsect":122,"Orichalcum":127,"Question Card":122,"Akabeko":17,"White Beast Statue":110,"Mercury Hourglass":74,"Blood Vial":74,"SlaversCollar":44,"Dream Catcher":110,"Bottled Flame":110,"Sundial":110,"Strawberry":122,"Nloth\u0027s Gift":61,"Art of War":65,"Black Star":84}]},"card_choices":[{"not_picked":["mysticmod:Daze","mysticmod:PureInstinct"],"picked":"mysticmod:FiveFootStep","floor":1.0},{"not_picked":["mysticmod:BladeMaster","mysticmod:Probe"],"picked":"mysticmod:MightyMagic","floor":3.0},{"not_picked":["mysticmod:FloatingDisk","mysticmod:DiviningBlow"],"picked":"mysticmod:ComponentsPouch","floor":5.0},{"not_picked":["mysticmod:Grapple","mysticmod:PowerAttack"],"picked":"mysticmod:LightningBolt","floor":6.0},{"not_picked":["mysticmod:Feint","mysticmod:PowerSlash"],"picked":"mysticmod:ComboCaster","floor":8.0},{"not_picked":["mysticmod:PowerSlash","mysticmod:Probe"],"picked":"mysticmod:FiveFootStep","floor":11.0},{"not_picked":["mysticmod:EarthenWall","mysticmod:PureInstinct"],"picked":"mysticmod:CureLightWounds","floor":12.0},{"not_picked":["mysticmod:AllIn","mysticmod:TomeOfSpells"],"picked":"mysticmod:LightningBolt","floor":13.0},{"not_picked":["mysticmod:Alacrity","mysticmod:IllusionOfCalm"],"picked":"mysticmod:DiviningBlow","floor":14.0},{"not_picked":["mysticmod:GreaterInvisibility","mysticmod:Lunge"],"picked":"mysticmod:KnowledgePool","floor":16.0},{"not_picked":["mysticmod:Alacrity","mysticmod:CorrosiveTouch"],"picked":"mysticmod:SuddenClarity","floor":18.0},{"not_picked":["mysticmod:CorrosiveTouch","mysticmod:SpellCombat"],"picked":"mysticmod:KeenEdge","floor":19.0},{"not_picked":["mysticmod:AllIn","mysticmod:Probe"],"picked":"mysticmod:FiveFootStep","floor":20.0},{"not_picked":["mysticmod:BulkUp","mysticmod:LightningBolt+1"],"picked":"mysticmod:Fly","floor":23.0},{"not_picked":["mysticmod:EnergizedRift+1","mysticmod:HunkerDown"],"picked":"mysticmod:SpellCombat","floor":28.0},{"not_picked":["mysticmod:LightningBolt","mysticmod:Fly+1"],"picked":"mysticmod:FloatingDisk","floor":31.0},{"not_picked":["mysticmod:EnchantedMoulinet","mysticmod:SpellRecall"],"picked":"mysticmod:Haste","floor":33.0},{"not_picked":["mysticmod:Shield+1","mysticmod:Grease+1"],"picked":"mysticmod:Alacrity+1","floor":35},{"not_picked":["mysticmod:StyleChange","mysticmod:Sideswipe"],"picked":"mysticmod:ArcaneAccuracy+1","floor":36},{"not_picked":["mysticmod:SpellCombat","mysticmod:PreparedCaster+1"],"picked":"mysticmod:Haste","floor":37},{"not_picked":["mysticmod:Sideswipe","mysticmod:Haste"],"picked":"mysticmod:Fireball+1","floor":40},{"not_picked":["mysticmod:HeavyStrike+1","mysticmod:Disengage+1"],"picked":"mysticmod:Riposte","floor":42},{"not_picked":["mysticmod:Disengage+1","mysticmod:Probe"],"picked":"mysticmod:Daze+1","floor":44},{"not_picked":["mysticmod:TomeOfSpells","mysticmod:AllIn+1"],"picked":"mysticmod:EbbAndFlow+1","floor":45},{"not_picked":["mysticmod:Riposte","mysticmod:LightningBolt","mysticmod:FiveFootStep+1"],"picked":"mysticmod:Disintegrate","floor":47}],"player_experience":486780,"relics_obtained":[{"floor":6.0,"key":"Akabeko"},{"floor":23.0,"key":"Art of War"},{"floor":25.0,"key":"Vajra"},{"floor":26.0,"key":"Mango"},{"floor":40,"key":"Dream Catcher"},{"floor":40,"key":"Sundial"},{"floor":41,"key":"White Beast Statue"},{"floor":43,"key":"Bottled Flame"},{"floor":45,"key":"Strawberry"},{"floor":45,"key":"Question Card"},{"floor":47,"key":"Blue Candle"},{"floor":47,"key":"Orichalcum"}],"event_choices":[{"damage_healed":0.0,"max_hp_gain":0.0,"max_hp_loss":0.0,"gold_gain":0.0,"event_name":"Accursed Blacksmith","player_choice":"Forge","floor":2.0,"gold_loss":0.0,"damage_taken":0.0,"cards_upgraded":["mysticmod:ArcaneDodge"]},{"damage_healed":0.0,"max_hp_gain":0.0,"max_hp_loss":0.0,"gold_gain":0.0,"event_name":"The Woman in Blue","player_choice":"Bought 0 Potions","floor":10.0,"gold_loss":0.0,"damage_taken":0.0},{"damage_healed":0.0,"max_hp_gain":0.0,"max_hp_loss":0.0,"gold_gain":0.0,"event_name":"Duplicator","player_choice":"Copied","floor":21.0,"gold_loss":0.0,"damage_taken":0.0,"cards_obtained":["mysticmod:ArcaneDodge"]},{"damage_healed":0.0,"max_hp_gain":0.0,"max_hp_loss":0.0,"gold_gain":0.0,"event_name":"N\u0027loth","player_choice":"Traded Relic","floor":22.0,"relics_lost":["Akabeko"],"gold_loss":0.0,"damage_taken":0.0,"relics_obtained":["Nloth\u0027s Gift"]},{"damage_healed":0,"gold_gain":0,"player_choice":"Ignored","damage_taken":0,"max_hp_gain":0,"max_hp_loss":0,"event_name":"Mysterious Sphere","floor":38,"gold_loss":0},{"damage_healed":90,"gold_gain":0,"player_choice":"Heal","damage_taken":0,"max_hp_gain":0,"max_hp_loss":13,"event_name":"The Moai Head","floor":39,"gold_loss":0}],"is_beta":false,"boss_relics":[{"not_picked":["Philosopher\u0027s Stone","Empty Cage"],"picked":"SlaversCollar"},{"not_picked":["mysticmod:DeckOfManyThings","Runic Dome"],"picked":"Black Star"}],"items_purged_floors":[],"is_endless":false,"potions_floor_spawned":[3,5,8,12,14,19,20,28,35,36,44,45,47],"killed_by":"Awakened One","ascension_level":0}}