{"host":"86c6vgocyjlprmyx","time":1609018341,"event":{"mods":["BaseMod","Downfall","Hermit","Minty Spire (QoL Compilation)","Quick Restart","Replay The Spire","Shade Mod","StSLib","The Cursed","The Hierophant"],"gold_per_floor":[112,135,157,175,31,31,31,31,31,31,52,56,91,121,121,121,121],"floor_reached":16,"playtime":1049,"items_purged":["hierophant:Defend_Hierophant","hierophant:Strike_Hierophant"],"score":94,"play_id":"f9c03c4e-7858-41ff-a388-57af83e6d4db","local_time":"20201226223221","is_ascension_mode":false,"campfire_choices":[{"data":"hierophant:OrnateBuckler","floor":6.0,"key":"SMITH"},{"data":"hierophant:HammerAndAnvil","floor":8.0,"key":"SMITH"}],"circlet_count":0,"master_deck":["hierophant:Strike_Hierophant","hierophant:Strike_Hierophant","hierophant:Strike_Hierophant","hierophant:Punish","hierophant:Defend_Hierophant","hierophant:Defend_Hierophant","hierophant:ChurchCoffers+1","hierophant:OrnateJavelin","hierophant:HammerAndAnvil+1","hierophant:Upheaval","hierophant:PassingBell+1","hierophant:OrnateBuckler+1","hierophant:Remorse","hierophant:Doubloon+1","hierophant:ThreeLashes","Delirium","hierophant:HolyVerse","hierophant:HolyVerse","hierophant:Martyrdom"],"relics":["hierophant:PropheticMaskRelic","Replay:Bottled Snecko","ReplayTheSpireMod:CursedCoin"],"acts_visited":["Exordium"],"potions_floor_usage":[],"damage_taken":[{"damage":13.0,"enemies":"Cultist","floor":1.0,"turns":5.0},{"damage":4.0,"enemies":"Jaw Worm","floor":2.0,"turns":5.0},{"damage":7.0,"enemies":"Small Slimes","floor":3.0,"turns":5.0},{"damage":0.0,"enemies":"Gremlin Gang","floor":4.0,"turns":3.0},{"damage":15.0,"enemies":"Red Slaver","floor":11.0,"turns":6.0},{"damage":0.0,"enemies":"3 Louse","floor":13.0,"turns":2.0},{"damage":10.0,"enemies":"Blue Slaver","floor":14.0,"turns":4.0},{"damage":43,"enemies":"Hexaghost","floor":16,"turns":8}],"seed_played":"7396399340901973127","potions_obtained":[{"floor":3.0,"key":"Adrenaline Potion"},{"floor":11.0,"key":"SpeedPotion"},{"floor":13.0,"key":"GamblersBrew"}],"is_trial":false,"path_per_floor":["M","M","M","M","$","R","?","R","T","?","M","$","M","M","R","B"],"character_chosen":"HIEROPHANT","items_purchased":["hierophant:OrnateBuckler","hierophant:Remorse","ReplayTheSpireMod:CursedCoin","hierophant:HolyVerse"],"campfire_rested":0,"item_purchase_floors":[5,5,12,12],"current_hp_per_floor":[69,65,58,58,58,58,58,58,58,42,27,27,27,17,41,0,0],"gold":121,"neow_bonus":"TEN_PERCENT_HP_BONUS","is_daily":false,"chose_seed":false,"campfire_upgraded":2,"win_rate":0.0,"timestamp":1609018341,"path_taken":["M","M","M","?","$","R","?","R","T","?","M","$","M","M","R","BOSS"],"items_purchased_type":["Card","Card","Relic","Card"],"build_version":"2020-12-22","purchased_purges":2,"victory":false,"max_hp_per_floor":[82,82,82,82,82,82,82,82,82,82,82,82,82,82,82,82,82],"card_choices":[{"not_picked":["hierophant:DisplayOfPower","hierophant:RepressedViolence"],"picked":"hierophant:OrnateJavelin","floor":1.0},{"not_picked":["hierophant:MorningPrayer","hierophant:Racketeering"],"picked":"hierophant:HammerAndAnvil","floor":2.0},{"not_picked":["hierophant:PassingBell","hierophant:MorningPrayer"],"picked":"hierophant:Upheaval","floor":3.0},{"not_picked":["hierophant:Patience","hierophant:AuricShield"],"picked":"hierophant:PassingBell","floor":4.0},{"not_picked":["hierophant:SecretStash","hierophant:Rebuild"],"picked":"hierophant:ThreeLashes","floor":11.0},{"not_picked":["hierophant:Charity","hierophant:RepressedViolence"],"picked":"hierophant:HolyVerse","floor":13.0},{"not_picked":["hierophant:FieryStrike","hierophant:OrnateJavelin"],"picked":"hierophant:Martyrdom","floor":14.0}],"player_experience":182810,"relics_obtained":[{"floor":9.0,"key":"Replay:Bottled Snecko"}],"event_choices":[{"damage_healed":0.0,"max_hp_gain":0.0,"max_hp_loss":0.0,"gold_gain":0.0,"event_name":"Shining Light","player_choice":"Entered Light","floor":10.0,"gold_loss":0.0,"damage_taken":16.0,"cards_upgraded":["hierophant:ChurchCoffers","hierophant:PassingBell"]}],"is_beta":false,"boss_relics":[],"items_purged_floors":[5,12],"is_endless":false,"potions_floor_spawned":[3,11,13],"killed_by":"Hexaghost","ascension_level":0}}