{"host":"ixtszv54kd1m8623","time":1609021716,"event":{"mods":["Act Like it!","Aspiration","BaseMod","Beaked The Cultist","ChefMod","Colored Map","Colored Powertips","Conspire","Downfall","Gensokyo","Halation","Hermit","Hubris","Infinite Spire","Jorbs\u0027s Wanderer Trilogy","Minty Spire (QoL Compilation)","Replay The Spire","Robot Space Explorer","Shade Mod","Shop Mod","StSLib","The Blackbeard","The Bug Knight","The Cursed","The Dragon Tamer","The Marked","The Runesmith"],"gold_per_floor":[99,111,130,130,147,164,164,339,439,450,450,461,472,505,517,517,517,517],"floor_reached":16,"playtime":1316,"items_purged":[],"score":106,"play_id":"3a3b6678-8542-42b9-943b-a6dbdc2d1db1","local_time":"20201226142836","is_ascension_mode":false,"campfire_choices":[{"data":"champ:TornadoPunch","floor":11,"key":"SMITH"}],"circlet_count":0,"master_deck":["champ:Strike","champ:Strike","champ:Strike","champ:Strike","champ:Defend","champ:Defend","champ:Defend","champ:Defend","champ:Execute","champ:Taunt+1","champ:FlashCut","champ:TornadoPunch+1","champ:StanceDance","champ:BerserkerStyle","Doubt","champ:DefensiveShout","champ:Circumvent","champ:ArenaPreparation","champ:Duel","champ:DefensiveStyle","champ:PerfectedStrike"],"relics":["champ:ChampionCrown","Kunai","CloakClasp","halation:TwoAmDonut"],"acts_visited":["Exordium"],"potions_floor_usage":[9,12,16,16],"damage_taken":[{"damage":5,"enemies":"Small Slimes","floor":2,"turns":4},{"damage":2,"enemies":"2 Louse","floor":3,"turns":2},{"damage":16,"enemies":"Jaw Worm","floor":5,"turns":4},{"damage":10,"enemies":"Exordium Thugs","floor":6,"turns":6},{"damage":44,"enemies":"Exordium Thugs","floor":9,"turns":17},{"damage":10,"enemies":"Lots of Slimes","floor":10,"turns":4},{"damage":10,"enemies":"3 Louse","floor":12,"turns":4},{"damage":19,"enemies":"2 Fungi Beasts","floor":13,"turns":5},{"damage":39,"enemies":"3 Sentries","floor":14,"turns":9},{"damage":6,"enemies":"Red Slaver","floor":15,"turns":3},{"damage":21,"enemies":"downfall:Watcher","floor":16,"turns":8}],"seed_played":"-8149840140879345688","potions_obtained":[{"floor":1,"key":"BlessingOfTheForge"},{"floor":1,"key":"champ:TechniquePotion"},{"floor":2,"key":"ColorlessPotion"},{"floor":6,"key":"Fire Potion"},{"floor":13,"key":"SteroidPotion"},{"floor":14,"key":"Reflective Coating"}],"is_trial":false,"path_per_floor":["R_BF","M","M","?","M","M","T","?","?","M","R","M","M","E","M","B"],"character_chosen":"THE_CHAMP","items_purchased":[],"campfire_rested":0,"item_purchase_floors":[],"current_hp_per_floor":[90,90,88,88,72,62,62,62,49,44,44,44,37,22,21,0,0,0],"gold":517,"neow_bonus":"UPGRADE_CARD","is_daily":false,"chose_seed":false,"campfire_upgraded":1,"win_rate":0.0,"timestamp":1609021716,"path_taken":["R_BF","M","M","?","M","M","T","?","?","M","R","?","M","E","M","BOSS"],"items_purchased_type":[],"build_version":"2020-12-22","purchased_purges":0,"victory":false,"max_hp_per_floor":[90,90,90,90,90,90,90,90,90,90,90,90,90,90,90,90,90,90],"card_choices":[{"not_picked":["champ:BerserkersShout","champ:PerfectedStrike"],"picked":"champ:FlashCut","floor":2},{"not_picked":["champ:FalseCounter","champ:GutPunch"],"picked":"champ:TornadoPunch","floor":3},{"not_picked":["champ:FanOfKnives","champ:GutPunch"],"picked":"champ:StanceDance","floor":5},{"not_picked":["champ:BladeFlurry","champ:FightOn"],"picked":"champ:BerserkerStyle","floor":6},{"not_picked":["champ:CalledShot","champ:ShieldThrow"],"picked":"champ:DefensiveShout","floor":9},{"not_picked":["champ:TornadoPunch","champ:BerserkerStyle"],"picked":"champ:Circumvent","floor":10},{"not_picked":["champ:Shatter","champ:EndlessRage"],"picked":"champ:ArenaPreparation","floor":12},{"not_picked":["champ:GladiatorStyle","champ:FalseCounter"],"picked":"champ:Duel","floor":13},{"not_picked":["champ:FlashCut","champ:FalseCounter"],"picked":"champ:DefensiveStyle","floor":14},{"not_picked":["champ:GutPunch","champ:EnragedBash"],"picked":"champ:PerfectedStrike","floor":15}],"player_experience":145977,"relics_obtained":[{"floor":7,"key":"Kunai"},{"floor":9,"key":"CloakClasp"},{"floor":14,"key":"halation:TwoAmDonut"}],"event_choices":[],"is_beta":false,"boss_relics":[],"items_purged_floors":[],"is_endless":false,"potions_floor_spawned":[2,5,6,13,14],"killed_by":"downfall:Watcher","ascension_level":0}}