{"host":"ixtszv54kd1m8623","time":1609019532,"event":{"mods":["Act Like it!","Aspiration","BaseMod","Beaked The Cultist","ChefMod","Colored Map","Colored Powertips","Conspire","Downfall","Gensokyo","Halation","Hermit","Hubris","Infinite Spire","Jorbs\u0027s Wanderer Trilogy","Minty Spire (QoL Compilation)","Replay The Spire","Robot Space Explorer","Shade Mod","Shop Mod","StSLib","The Blackbeard","The Bug Knight","The Cursed","The Dragon Tamer","The Marked","The Runesmith"],"gold_per_floor":[99,99,23,23,23,35,35,61,61,80,99,110,110,128,141,244,244,244,258,258,258],"floor_reached":20,"playtime":1053,"items_purged":[],"score":174,"play_id":"7da6cc76-8679-4747-8820-69035f2a0b60","local_time":"20201226135212","is_ascension_mode":false,"campfire_choices":[{"data":"Runesmith:Fortify","floor":1,"key":"SMITH"},{"floor":9,"key":"REST"},{"floor":13,"key":"REST"},{"data":"Runesmith:CraftFirestone","floor":18,"key":"SMITH"}],"circlet_count":0,"master_deck":["Runesmith:Strike_RS","Runesmith:Strike_RS","Runesmith:Strike_RS","Runesmith:Strike_RS","Runesmith:Defend_RS","Runesmith:Defend_RS","Runesmith:Defend_RS","Runesmith:Defend_RS","Runesmith:CraftFirestone+1","Runesmith:Fortify+1","Runesmith:HeatExchange","Runesmith:Empowerment","Runesmith:CraftIncendium","Runesmith:ChargedHammer","Runesmith:ChiselStab","Runesmith:Duplicate","Runesmith:Discharge","Runesmith:CraftProtectio","Runesmith:EarthShield","Runesmith:Electrocute","Runesmith:Accelerate","Runesmith:WhiteBalance","Runesmith:UnstableHammer","Runesmith:GrandSlam","Runesmith:Firewall"],"relics":["Runesmith:BrokenRuby","downfall:HeartsMalice","infinitespire:Eraser","hubris:MedicalManual","Honey Jar"],"acts_visited":["Exordium","TheCity"],"potions_floor_usage":[16,16,16],"damage_taken":[{"damage":0,"enemies":"2 Louse","floor":2,"turns":1},{"damage":0,"enemies":"downfall:FleeingMerchant","floor":3,"turns":1},{"damage":0,"enemies":"Cultist","floor":4,"turns":1},{"damage":0,"enemies":"Small Slimes","floor":6,"turns":3},{"damage":36,"enemies":"Gremlin Nob","floor":8,"turns":7},{"damage":11,"enemies":"2 Fungi Beasts","floor":10,"turns":3},{"damage":1,"enemies":"Exordium Wildlife","floor":11,"turns":4},{"damage":13,"enemies":"Gremlin Gang","floor":12,"turns":3},{"damage":10,"enemies":"Lots of Slimes","floor":14,"turns":4},{"damage":1,"enemies":"3 Louse","floor":15,"turns":4},{"damage":33,"enemies":"downfall:Silent","floor":16,"turns":11},{"damage":9,"enemies":"Shell Parasite","floor":19,"turns":5},{"damage":38,"enemies":"3 Byrds","floor":20,"turns":4}],"seed_played":"2033428775692635104","potions_obtained":[{"floor":6,"key":"Milkshake"},{"floor":8,"key":"Weak Potion"},{"floor":11,"key":"BlessingOfTheForge"},{"floor":12,"key":"Explosive Potion"},{"floor":14,"key":"Energy Potion"},{"floor":16,"key":"champ:CounterPotion"}],"is_trial":false,"path_per_floor":["R","M","$","M","?","M","T","E","R","M","M","M","R","M","M","B",null,"R","M","M"],"character_chosen":"RUNESMITH_CLASS","items_purchased":["Runesmith:CraftIncendium"],"campfire_rested":2,"item_purchase_floors":[3],"current_hp_per_floor":[70,70,70,70,70,70,70,34,55,44,43,30,51,41,40,7,70,70,61,23,23],"gold":258,"neow_bonus":"THREE_ENEMY_KILL","is_daily":false,"chose_seed":false,"campfire_upgraded":2,"win_rate":0.0,"timestamp":1609019532,"path_taken":["R","M","$","M","?","M","T","E","R","M","?","M","R","?","M","BOSS","R","M","M"],"items_purchased_type":["Card"],"build_version":"2020-12-22","purchased_purges":0,"victory":false,"max_hp_per_floor":[70,70,70,70,70,70,70,70,70,70,70,70,70,70,70,70,70,70,70,70,70],"card_choices":[{"not_picked":["Runesmith:Refine","Runesmith:RuneHurl"],"picked":"Runesmith:HeatExchange","floor":2},{"not_picked":["Runesmith:UnstableHammer","Runesmith:Attraction"],"picked":"Runesmith:Empowerment","floor":3},{"not_picked":["Runesmith:EnergizedChisel","Runesmith:RuneHurl"],"picked":"Runesmith:ChargedHammer","floor":4},{"not_picked":["Runesmith:Refine","Runesmith:Superposition"],"picked":"Runesmith:Discharge","floor":6},{"not_picked":["Runesmith:Prism","Runesmith:DoubleUp"],"picked":"Runesmith:CraftProtectio","floor":8},{"not_picked":["Runesmith:EnergizedChisel","Runesmith:Grindstone"],"picked":"Runesmith:EarthShield","floor":10},{"not_picked":["Runesmith:CraftObretio","Runesmith:Repurpose"],"picked":"Runesmith:Electrocute","floor":11},{"not_picked":["Runesmith:ChiselStab","Runesmith:Augment"],"picked":"Runesmith:Accelerate","floor":12},{"not_picked":["Runesmith:StaticCage","Runesmith:MakeshiftArmor"],"picked":"Runesmith:WhiteBalance","floor":14},{"not_picked":["Runesmith:Grindstone","Runesmith:GrandSlam"],"picked":"Runesmith:UnstableHammer","floor":15},{"not_picked":["Runesmith:Duplicate","Runesmith:ArcReactor"],"picked":"Runesmith:GrandSlam","floor":16},{"not_picked":["Runesmith:UnstableHammer","Runesmith:LithiumIon","Runesmith:DoubleUp+1"],"picked":"Runesmith:Firewall","floor":19}],"player_experience":144098,"relics_obtained":[{"floor":7,"key":"infinitespire:Eraser"},{"floor":8,"key":"hubris:MedicalManual"}],"event_choices":[],"is_beta":false,"boss_relics":[{"not_picked":["Replay:Grab Bag","Coffee Dripper"],"picked":"Honey Jar"}],"items_purged_floors":[],"is_endless":false,"potions_floor_spawned":[6,8,11,12,14,16],"killed_by":"3 Byrds","ascension_level":0}}