{"host":"w5ovz9boloi14a0g","time":1609017746,"event":{"mods":["BaseMod","Googly Eyes","Minty Spire (QoL Compilation)","Replay The Spire","StSLib","SuperFastMode"],"gold_per_floor":[114,114,134,149,149,149,192,192,192,192,192,212,225,261,261,261,261],"floor_reached":16,"playtime":296,"items_purged":[],"score":121,"play_id":"66a8e31a-43ba-408c-ae04-9a9c5435a31d","local_time":"20201226152226","is_ascension_mode":true,"campfire_choices":[{"data":"SashWhip","floor":6,"key":"SMITH"},{"floor":8,"key":"REST"},{"data":"Eruption","floor":11,"key":"SMITH"},{"floor":15,"key":"REST"}],"circlet_count":0,"master_deck":["Strike_P","Strike_P","Strike_P","Strike_P","Defend_P","Defend_P","Defend_P","Defend_P","Eruption+1","Vigilance","Wireheading","SashWhip+1","Injury","ReachHeaven","Evaluate"],"relics":["PureWater","Akabeko","Golden Idol","Centennial Puzzle","Mirror","Nunchaku"],"acts_visited":["Exordium"],"potions_floor_usage":[],"damage_taken":[{"damage":2,"enemies":"Cultist","floor":1,"turns":4},{"damage":2,"enemies":"2 Louse","floor":3,"turns":3},{"damage":2,"enemies":"Jaw Worm","floor":4,"turns":6},{"damage":47,"enemies":"Gremlin Nob","floor":7,"turns":4},{"damage":8,"enemies":"Lots of Slimes","floor":12,"turns":2},{"damage":3,"enemies":"Looter","floor":13,"turns":2},{"damage":21,"enemies":"3 Sentries","floor":14,"turns":5},{"damage":49,"enemies":"The Guardian","floor":16,"turns":5}],"seed_played":"1830804354848436697","potions_obtained":[{"floor":3,"key":"SteroidPotion"},{"floor":7,"key":"Ambrosia"},{"floor":13,"key":"Milkshake"},{"floor":14,"key":"AttackPotion"}],"is_trial":false,"path_per_floor":["M","T","M","M","?","R","E","R","T","?","R","M","M","E","R","B"],"character_chosen":"WATCHER","items_purchased":[],"campfire_rested":2,"item_purchase_floors":[],"current_hp_per_floor":[77,77,75,73,73,73,26,49,49,54,54,46,43,22,47,0,0],"gold":261,"neow_bonus":"TEN_PERCENT_HP_BONUS","is_daily":false,"chose_seed":false,"campfire_upgraded":2,"win_rate":0.0,"timestamp":1609017746,"path_taken":["M","?","M","M","?","R","E","R","T","?","R","M","M","E","R","BOSS"],"items_purchased_type":[],"build_version":"2020-12-22","purchased_purges":0,"victory":false,"max_hp_per_floor":[79,79,79,79,79,79,79,79,79,84,84,84,84,84,84,84,84],"card_choices":[{"not_picked":["Protect","BowlingBash"],"picked":"Wireheading","floor":1},{"not_picked":["Meditate","BowlingBash","FlyingSleeves"],"picked":"SKIP","floor":3},{"not_picked":["TalkToTheHand","WreathOfFlame"],"picked":"SashWhip","floor":4},{"not_picked":["BowlingBash","Wireheading"],"picked":"ReachHeaven","floor":7},{"not_picked":["LikeWater","Crescendo","TalkToTheHand"],"picked":"SKIP","floor":12},{"not_picked":["ForeignInfluence","Replay:ManipulateFuture"],"picked":"Evaluate","floor":13},{"not_picked":["Evaluate","Indignation","Devotion"],"picked":"SKIP","floor":14}],"player_experience":25582,"relics_obtained":[{"floor":2,"key":"Akabeko"},{"floor":7,"key":"Centennial Puzzle"},{"floor":9,"key":"Mirror"},{"floor":14,"key":"Nunchaku"}],"event_choices":[{"damage_healed":0,"gold_gain":0,"player_choice":"Take Wound","damage_taken":0,"relics_obtained":["Golden Idol"],"max_hp_gain":0,"max_hp_loss":0,"event_name":"Golden Idol","floor":5,"gold_loss":0,"cards_obtained":["Injury"]},{"damage_healed":0,"gold_gain":0,"player_choice":"Donut","damage_taken":0,"max_hp_gain":5,"max_hp_loss":0,"event_name":"Big Fish","floor":10,"gold_loss":0}],"is_beta":false,"boss_relics":[],"items_purged_floors":[],"is_endless":false,"potions_floor_spawned":[3,7,13,14],"killed_by":"The Guardian","ascension_level":2}}