{"host":"kw4o7b3ro2ktmmbe","time":1609022462,"event":{"mods":["BaseMod","Evolution","Minty Spire (QoL Compilation)","StSLib","The Marked","Treasure Hunter"],"gold_per_floor":[317,77,91,106,125,125,159,159,159,234,234,234,245,245,245,343,343,353,278,296,144,144,176,176,207,207,207,223,223,233,158,158,254,254,269,120,137,155,155,155,168,168,193,193,193],"floor_reached":44,"playtime":4356,"items_purged":["theMarked:Strike"],"score":468,"play_id":"d9d9fad4-dab0-4736-a793-a9c6f921bf6d","local_time":"20201227114102","is_ascension_mode":true,"campfire_choices":[{"data":"theMarked:SoldierOfQuellstein","floor":6.0,"key":"SMITH"},{"data":"theMarked:SuspiciousRaven","floor":8.0,"key":"SMITH"},{"data":"theMarked:ThrowWeapon","floor":12.0,"key":"SMITH"},{"data":"theMarked:EmpowerWeapon","floor":15.0,"key":"SMITH"},{"data":"TH:ArmorSpikes","floor":24.0,"key":"SMITH"},{"data":"TH:ArmorSpikes","floor":27.0,"key":"SMITH"},{"floor":32.0,"key":"REST"},{"data":"theMarked:WardOff","floor":40,"key":"SMITH"}],"circlet_count":0,"master_deck":["theMarked:ChainLightning","theMarked:Strike+1","theMarked:Defend","theMarked:Defend","theMarked:Defend","theMarked:SoldierOfQuellstein+1","theMarked:Parkour","theMarked:Parkour","theMarked:WardOff+1","theMarked:ThrowWeapon+1","TH:ArmorSpikes+1","theMarked:SuspiciousRaven+1","TH:TreasureMap","theMarked:EmpowerWeapon+1","TH:ArmorSpikes+1","theMarked:MuscleMemory","theMarked:EnhancedHearing+1","TH:TreasureMap","theMarked:DeterminationOfTheMarked+1","TH:DeckOfManyThings","theMarked:EnhancedHearing+1","TH:TreasureMap","theMarked:MysticalArsenal+1","TH:ArmorSpikes","theMarked:SoldierForm+1","theMarked:SummonStrength+1","Panacea","TH:ElvenBoots"],"relics":["EVO:Axolotl","Tiny House","Mercury Hourglass","Eternal Feather","Frozen Egg 2","Philosopher\u0027s Stone","Chemical X","InkBottle","Juzu Bracelet","Matryoshka","Boot","TH:Strongbox","Coffee Dripper","Akabeko","Oddly Smooth Stone","Toy Ornithopter"],"acts_visited":["Exordium","TheCity","TheBeyond"],"potions_floor_usage":[41,44],"damage_taken":[{"damage":1.0,"enemies":"2 Louse","floor":1.0,"turns":2.0},{"damage":1.0,"enemies":"Jaw Worm","floor":3.0,"turns":3.0},{"damage":0.0,"enemies":"Small Slimes","floor":4.0,"turns":2.0},{"damage":0.0,"enemies":"Looter","floor":5.0,"turns":3.0},{"damage":14.0,"enemies":"Gremlin Nob","floor":7.0,"turns":3.0},{"damage":0.0,"enemies":"2 Fungi Beasts","floor":13.0,"turns":2.0},{"damage":54.0,"enemies":"The Guardian","floor":16.0,"turns":9.0},{"damage":2.0,"enemies":"Chosen","floor":18.0,"turns":3.0},{"damage":1.0,"enemies":"Spheric Guardian","floor":20.0,"turns":3.0},{"damage":48.0,"enemies":"Book of Stabbing","floor":23.0,"turns":5.0},{"damage":19.0,"enemies":"Gremlin Leader","floor":25.0,"turns":6.0},{"damage":16.0,"enemies":"Snake Plant","floor":28.0,"turns":4.0},{"damage":3.0,"enemies":"Centurion and Healer","floor":30.0,"turns":5.0},{"damage":41.0,"enemies":"Champ","floor":33.0,"turns":9.0},{"damage":12.0,"enemies":"Orb Walker","floor":35.0,"turns":3.0},{"damage":31.0,"enemies":"3 Darklings","floor":37.0,"turns":7.0},{"damage":15,"enemies":"Jaw Worm Horde","floor":38,"turns":2},{"damage":7,"enemies":"Maw","floor":41,"turns":5},{"damage":70,"enemies":"Reptomancer","floor":44,"turns":3}],"seed_played":"-4972275968494576394","potions_obtained":[{"floor":0.0,"key":"SneckoOil"},{"floor":1.0,"key":"AttackPotion"},{"floor":5.0,"key":"FairyPotion"},{"floor":28.0,"key":"SteroidPotion"},{"floor":29.0,"key":"LiquidBronze"},{"floor":35.0,"key":"Ancient Potion"},{"floor":38,"key":"SkillPotion"}],"is_trial":false,"path_per_floor":["M","$","M","M","M","R","E","R","T","?","?","R","M","?","R","B",null,"M","$","M","$","?","E","R","E","T","R","M","?","M","?","R","B",null,"M","$","M","M","?","R","M","?","T","E"],"character_chosen":"THE_DEFAULT","items_purchased":["Mercury Hourglass","Chemical X","Akabeko"],"campfire_rested":1,"item_purchase_floors":[2,21,36],"current_hp_per_floor":[74,74,73,73,73,73,59,68,68,57,57,66,66,71,80,26,80,78,78,77,77,77,29,41,22,22,34,18,18,15,15,51,10,80,68,68,37,22,22,37,30,30,30,0,0],"gold":193,"neow_bonus":"BOSS_RELIC","is_daily":false,"chose_seed":false,"campfire_upgraded":7,"win_rate":0.0,"timestamp":1609022462,"path_taken":["M","$","M","M","M","R","E","R","T","?","?","R","M","?","R","BOSS","M","$","M","$","?","E","R","E","T","R","M","?","M","?","R","BOSS","M","$","M","M","?","R","M","?","T","E"],"items_purchased_type":["Relic","Relic","Relic"],"build_version":"2020-12-22","purchased_purges":1,"victory":false,"max_hp_per_floor":[75,75,75,75,75,75,75,75,75,75,75,75,75,80,80,80,80,80,80,80,80,80,80,80,80,80,80,80,80,80,80,80,80,80,80,80,80,80,80,80,80,80,80,80,80],"card_choices":[{"not_picked":["theMarked:Frustration","theMarked:Overcharge"],"picked":"theMarked:Parkour","floor":0.0},{"not_picked":["theMarked:Static","theMarked:TwofoldDefense","theMarked:ResourceFulStrike"],"picked":"SKIP","floor":1.0},{"not_picked":["theMarked:Indomitable","theMarked:Static"],"picked":"theMarked:Parkour","floor":3.0},{"not_picked":["theMarked:RepellingDischarge","theMarked:Electrocute"],"picked":"theMarked:WardOff","floor":4.0},{"not_picked":["theMarked:BanishingStrike","theMarked:HeightenedSenses"],"picked":"theMarked:ThrowWeapon","floor":5.0},{"not_picked":["TH:Mimic"],"picked":"TH:ArmorSpikes","floor":7.0},{"not_picked":["theMarked:TakeOffHeels","theMarked:StartUp"],"picked":"theMarked:SuspiciousRaven","floor":7.0},{"not_picked":["TH:ArmorSpikes"],"picked":"TH:TreasureMap","floor":9.0},{"not_picked":["theMarked:PowerFlow","theMarked:CreepingChasm"],"picked":"theMarked:EmpowerWeapon","floor":13.0},{"not_picked":["TH:TreasureMap"],"picked":"TH:ArmorSpikes","floor":16.0},{"not_picked":["theMarked:DispelDoubt","theMarked:Levitate"],"picked":"theMarked:MuscleMemory","floor":16.0},{"not_picked":["theMarked:ChainLightning","theMarked:BanishingStrike","theMarked:Panic"],"picked":"SKIP","floor":18.0},{"not_picked":["theMarked:HeightenedSenses","theMarked:BanishingStrike"],"picked":"theMarked:EnhancedHearing+1","floor":20.0},{"not_picked":["TH:PixieDust"],"picked":"TH:TreasureMap","floor":23.0},{"not_picked":["theMarked:Defy","theMarked:TunnelVision"],"picked":"theMarked:DeterminationOfTheMarked+1","floor":23.0},{"not_picked":["TH:Mimic"],"picked":"TH:DeckOfManyThings","floor":25.0},{"not_picked":["theMarked:MuscleMemory","theMarked:Electrocute"],"picked":"theMarked:EnhancedHearing+1","floor":25.0},{"not_picked":["TH:CopperCoins"],"picked":"TH:TreasureMap","floor":26.0},{"not_picked":["theMarked:TwofoldDefense","theMarked:WastefulAttack"],"picked":"theMarked:MysticalArsenal+1","floor":28.0},{"not_picked":["theMarked:WastefulAttack","theMarked:ElectricStrings","theMarked:WastefulDefense"],"picked":"SKIP","floor":30.0},{"not_picked":["TH:CopperCoins"],"picked":"TH:ArmorSpikes","floor":33.0},{"not_picked":["theMarked:Snap","theMarked:UnarmedFury"],"picked":"theMarked:SoldierForm+1","floor":33.0},{"not_picked":["theMarked:Parkour","theMarked:ElectricStrings","theMarked:ResourceFulStrike+1"],"picked":"SKIP","floor":35.0},{"not_picked":["theMarked:Static+1","theMarked:Polarize+1","theMarked:LightningStrikesTwice"],"picked":"SKIP","floor":37.0},{"not_picked":["theMarked:TunnelVision+1","theMarked:SwordAndMagic","theMarked:Indomitable+1"],"picked":"SKIP","floor":38},{"not_picked":["theMarked:Electrocute+1","theMarked:ReduceFriction","theMarked:Polarize"],"picked":"SKIP","floor":41},{"not_picked":["TH:CursedSword"],"picked":"TH:ElvenBoots","floor":43}],"player_experience":1785445,"relics_obtained":[{"floor":7.0,"key":"Eternal Feather"},{"floor":9.0,"key":"Frozen Egg 2"},{"floor":23.0,"key":"Juzu Bracelet"},{"floor":25.0,"key":"Matryoshka"},{"floor":26.0,"key":"Boot"},{"floor":26.0,"key":"TH:Strongbox"},{"floor":43,"key":"Oddly Smooth Stone"},{"floor":43,"key":"Toy Ornithopter"}],"event_choices":[{"damage_healed":0.0,"max_hp_gain":0.0,"max_hp_loss":0.0,"gold_gain":75.0,"event_name":"World of Goop","player_choice":"Gather Gold","floor":10.0,"gold_loss":0.0,"damage_taken":11.0},{"cards_removed":["theMarked:Strike"],"damage_healed":0.0,"max_hp_gain":0.0,"max_hp_loss":0.0,"gold_gain":0.0,"event_name":"Living Wall","player_choice":"Forget","floor":11.0,"gold_loss":0.0,"damage_taken":0.0},{"damage_healed":0.0,"max_hp_gain":5.0,"max_hp_loss":0.0,"gold_gain":0.0,"event_name":"Big Fish","player_choice":"Donut","floor":14.0,"gold_loss":0.0,"damage_taken":0.0},{"damage_healed":0.0,"max_hp_gain":0.0,"max_hp_loss":0.0,"gold_gain":0.0,"event_name":"The Mausoleum","player_choice":"Opened","floor":22.0,"gold_loss":0.0,"damage_taken":0.0,"relics_obtained":["InkBottle"]},{"damage_healed":0.0,"max_hp_gain":0.0,"max_hp_loss":0.0,"gold_gain":0.0,"event_name":"Lab","player_choice":"Got Potions","floor":29.0,"gold_loss":0.0,"damage_taken":0.0},{"cards_removed":["theMarked:Strike"],"damage_healed":0.0,"max_hp_gain":0.0,"max_hp_loss":0.0,"gold_gain":0.0,"event_name":"Beggar","player_choice":"Gave Gold","floor":31.0,"gold_loss":75.0,"damage_taken":0.0},{"cards_removed":["theMarked:Defend"],"damage_healed":0,"gold_gain":0,"player_choice":"Removed Skill","damage_taken":0,"max_hp_gain":0,"max_hp_loss":0,"event_name":"Falling","floor":39,"gold_loss":0},{"damage_healed":0,"gold_gain":0,"player_choice":"2 cards matched","damage_taken":0,"max_hp_gain":0,"max_hp_loss":0,"event_name":"Match and Keep!","floor":42,"gold_loss":0,"cards_obtained":["theMarked:SummonStrength","Panacea"]}],"is_beta":false,"boss_relics":[{"not_picked":["Runic Dome","Empty Cage"],"picked":"Philosopher\u0027s Stone"},{"not_picked":["Busted Crown","Cursed Key"],"picked":"Coffee Dripper"}],"items_purged_floors":[19],"is_endless":false,"potions_floor_spawned":[1,5,13,28,35,38],"killed_by":"Reptomancer","ascension_level":1}}