{"host":"7mrmd33mpx7q5wx9","time":1609022653,"event":{"mods":["AchievementEnabler","BaseMod","Colored Map","Defuse TimeMaze Blight","Minty Spire (QoL Compilation)","Permanent Neow","Quick Restart","StSLib","SuperFastMode"],"gold_per_floor":[115,65,78,91,91,116,127,159,159,169,149,167,195,205,205,300,300,316,332,44,44,59,93,93,111,184,184,184,184,36,36,36,138,138,149,161,71,90,101,131,131,166,218,218,238,238,269,93,93,93,93,93,44,74,74,74],"floor_reached":55,"playtime":3114,"items_purged":["Strike_R"],"score":747,"play_id":"9e1459a0-8c5a-435a-9997-762ef16f9039","local_time":"20201226164413","is_ascension_mode":false,"campfire_choices":[{"data":"Uppercut","floor":15,"key":"SMITH"},{"data":"Metallicize","floor":24,"key":"SMITH"},{"floor":29,"key":"REST"},{"floor":32,"key":"REST"},{"floor":41,"key":"DIG"},{"floor":44,"key":"RECALL"},{"floor":49,"key":"DIG"},{"floor":52,"key":"DIG"}],"circlet_count":0,"master_deck":["Strike_R","Defend_R","Defend_R","Defend_R+1","Defend_R","Bash+1","Anger","Evolve","Cleave","Bludgeon","Armaments","Uppercut+1","Metallicize+1","Fiend Fire","Impervious","Twin Strike+1","Inflame","Reaper","Feel No Pain","Exhume","Juggernaut","Pommel Strike+1","True Grit+1","Uppercut+1","Battle Trance+1"],"relics":["Burning Blood","Red Skull","Toy Ornithopter","Kunai","Shovel","Velvet Choker","InkBottle","Bottled Tornado","Paper Frog","Nilry\u0027s Codex","Fusion Hammer","Potion Belt","Ornamental Fan","Gremlin Horn","Art of War","Singing Bowl","Bronze Scales","Bottled Flame","Strawberry"],"acts_visited":["Exordium","TheCity","TheBeyond","TheEnding"],"potions_floor_usage":[6,13,33,40,42,47,50,50,55,55,55,55],"damage_taken":[{"damage":2,"enemies":"Small Slimes","floor":1,"turns":4},{"damage":1,"enemies":"Cultist","floor":3,"turns":3},{"damage":6,"enemies":"2 Louse","floor":4,"turns":2},{"damage":39,"enemies":"Gremlin Nob","floor":6,"turns":5},{"damage":12,"enemies":"Exordium Thugs","floor":7,"turns":4},{"damage":13,"enemies":"Lagavulin","floor":8,"turns":7},{"damage":11,"enemies":"Lots of Slimes","floor":10,"turns":2},{"damage":2,"enemies":"Large Slime","floor":12,"turns":6},{"damage":15,"enemies":"3 Sentries","floor":13,"turns":5},{"damage":0,"enemies":"Exordium Wildlife","floor":14,"turns":2},{"damage":5,"enemies":"Slime Boss","floor":16,"turns":7},{"damage":17,"enemies":"3 Byrds","floor":18,"turns":6},{"damage":5,"enemies":"Chosen","floor":19,"turns":4},{"damage":1,"enemies":"Snecko","floor":22,"turns":5},{"damage":52,"enemies":"Slavers","floor":23,"turns":6},{"damage":16,"enemies":"Snake Plant","floor":25,"turns":4},{"damage":13,"enemies":"Colosseum Slavers","floor":31,"turns":5},{"damage":56,"enemies":"Champ","floor":33,"turns":11},{"damage":29,"enemies":"3 Darklings","floor":35,"turns":5},{"damage":30,"enemies":"3 Shapes","floor":36,"turns":6},{"damage":0,"enemies":"Transient","floor":38,"turns":5},{"damage":21,"enemies":"Spire Growth","floor":39,"turns":4},{"damage":11,"enemies":"Nemesis","floor":40,"turns":7},{"damage":28,"enemies":"Reptomancer","floor":42,"turns":7},{"damage":3,"enemies":"4 Shapes","floor":45,"turns":5},{"damage":26,"enemies":"Nemesis","floor":47,"turns":7},{"damage":74,"enemies":"Awakened One","floor":50,"turns":9},{"damage":21,"enemies":"Shield and Spear","floor":54,"turns":8},{"damage":154,"enemies":"The Heart","floor":55,"turns":11}],"seed_played":"-2550533517391414072","potions_obtained":[{"floor":4,"key":"Regen Potion"},{"floor":7,"key":"Block Potion"},{"floor":10,"key":"SteroidPotion"},{"floor":11,"key":"Ancient Potion"},{"floor":14,"key":"ElixirPotion"},{"floor":33,"key":"LiquidMemories"},{"floor":36,"key":"Swift Potion"},{"floor":45,"key":"DuplicationPotion"},{"floor":54,"key":"DuplicationPotion"}],"is_trial":false,"path_per_floor":["M","?","M","M","?","E","M","E","T","M","?","M","E","M","R","B",null,"M","M","$","?","M","E","R","M","T","T","?","R","$","?","R","B",null,"M","M","?","M","M","E","R","E","T","R","M","?","E","$","R","B",null,"R","$","E","B"],"character_chosen":"IRONCLAD","items_purchased":["InkBottle","Inflame","Exhume","LiquidMemories","PowerPotion","Fire Potion","ColorlessPotion"],"campfire_rested":2,"item_purchase_floors":[20,20,30,48,48,48,53],"current_hp_per_floor":[80,80,80,80,80,56,50,43,43,38,38,42,38,44,44,45,80,69,70,70,70,75,29,29,26,26,26,10,34,34,34,58,23,80,66,54,54,68,58,59,59,72,72,72,80,76,56,56,56,33,76,76,76,76,0,0],"gold":74,"neow_bonus":"REMOVE_CARD","is_daily":false,"chose_seed":false,"campfire_upgraded":2,"win_rate":0.0,"timestamp":1609022653,"path_taken":["M","?","M","M","?","E","M","E","T","?","?","?","E","M","R","BOSS","M","M","?","?","M","E","R","M","T","?","?","R","?","?","R","BOSS","M","M","?","?","M","E","R","E","T","R","M","?","E","$","R","BOSS","R","$","E","BOSS"],"items_purchased_type":["Relic","Card","Card","Potion","Potion","Potion","Potion"],"build_version":"2020-12-22","purchased_purges":1,"victory":false,"max_hp_per_floor":[80,80,80,80,80,80,80,80,80,80,80,80,80,80,80,80,80,80,80,80,80,80,80,80,80,80,80,80,80,80,80,80,80,80,80,80,80,80,80,80,80,80,80,80,80,76,76,76,76,76,76,76,76,83,83,83],"card_choices":[{"not_picked":["Shrug It Off","Rage"],"picked":"Anger","floor":1},{"not_picked":["Perfected Strike","Anger"],"picked":"Evolve","floor":3},{"not_picked":["Clash","Fire Breathing"],"picked":"Cleave","floor":4},{"not_picked":["Heavy Blade","Headbutt"],"picked":"Bludgeon","floor":6},{"not_picked":["Evolve","Body Slam"],"picked":"Armaments","floor":7},{"not_picked":["Thunderclap","Anger"],"picked":"Uppercut","floor":8},{"not_picked":["Warcry","Clothesline"],"picked":"Metallicize","floor":10},{"not_picked":["Heavy Blade","Sentinel"],"picked":"Fiend Fire","floor":12},{"not_picked":["Flex","Warcry","Heavy Blade"],"picked":"SKIP","floor":13},{"not_picked":["Cleave","Armaments","Thunderclap"],"picked":"SKIP","floor":14},{"not_picked":["Brutality","Juggernaut"],"picked":"Impervious","floor":16},{"not_picked":["Iron Wave","Anger","Rampage"],"picked":"SKIP","floor":18},{"not_picked":["Wild Strike","Armaments"],"picked":"Twin Strike+1","floor":19},{"not_picked":["Headbutt","Sword Boomerang"],"picked":"Reaper","floor":22},{"not_picked":["Dropkick","Headbutt+1"],"picked":"Feel No Pain","floor":23},{"not_picked":["Twin Strike","Power Through+1","Heavy Blade"],"picked":"SKIP","floor":25},{"not_picked":["Bludgeon","Reaper"],"picked":"Juggernaut","floor":33},{"not_picked":["Clash+1","Infernal Blade","Warcry"],"picked":"SKIP","floor":35},{"not_picked":["Armaments","Heavy Blade+1"],"picked":"Pommel Strike+1","floor":36},{"not_picked":["Metallicize","Clash+1","Flex"],"picked":"SKIP","floor":38},{"not_picked":["Bloodletting","Warcry+1","Dark Embrace+1"],"picked":"SKIP","floor":39},{"not_picked":["Feed","Armaments","Clash"],"picked":"SKIP","floor":40},{"not_picked":["True Grit","Flex","Sword Boomerang"],"picked":"SKIP","floor":42},{"not_picked":["Rupture+1","Cleave+1"],"picked":"True Grit+1","floor":45},{"not_picked":["Brutality","Headbutt+1"],"picked":"Uppercut+1","floor":47},{"not_picked":["Cleave+1","Pommel Strike+1"],"picked":"Battle Trance+1","floor":54}],"player_experience":342144,"relics_obtained":[{"floor":6,"key":"Red Skull"},{"floor":8,"key":"Toy Ornithopter"},{"floor":9,"key":"Kunai"},{"floor":13,"key":"Shovel"},{"floor":23,"key":"Bottled Tornado"},{"floor":26,"key":"Paper Frog"},{"floor":28,"key":"Nilry\u0027s Codex"},{"floor":40,"key":"Potion Belt"},{"floor":41,"key":"Ornamental Fan"},{"floor":42,"key":"Gremlin Horn"},{"floor":43,"key":"Art of War"},{"floor":47,"key":"Singing Bowl"},{"floor":49,"key":"Bronze Scales"},{"floor":52,"key":"Bottled Flame"},{"floor":54,"key":"Strawberry"}],"event_choices":[{"cards_removed":["Strike_R"],"damage_healed":0,"gold_gain":0,"player_choice":"Card Removal","damage_taken":0,"max_hp_gain":0,"max_hp_loss":0,"event_name":"The Cleric","floor":2,"gold_loss":50},{"damage_healed":0,"gold_gain":0,"player_choice":"Forge","damage_taken":0,"max_hp_gain":0,"max_hp_loss":0,"event_name":"Accursed Blacksmith","floor":5,"gold_loss":0,"cards_upgraded":["Bash"]},{"damage_healed":0,"gold_gain":0,"player_choice":"Bought 1 Potion","damage_taken":0,"max_hp_gain":0,"max_hp_loss":0,"event_name":"The Woman in Blue","floor":11,"gold_loss":0},{"damage_healed":0,"gold_gain":0,"player_choice":"Obtained Book","damage_taken":16,"max_hp_gain":0,"max_hp_loss":0,"event_name":"Cursed Tome","floor":28,"gold_loss":0},{"damage_healed":0,"gold_gain":0,"player_choice":"Fight","damage_taken":0,"max_hp_gain":0,"max_hp_loss":0,"event_name":"Colosseum","floor":31,"gold_loss":0},{"damage_healed":0,"gold_gain":0,"player_choice":"Fled From Nobs","damage_taken":0,"max_hp_gain":0,"max_hp_loss":0,"event_name":"Colosseum","floor":31,"gold_loss":0},{"cards_removed":["Strike_R"],"damage_healed":0,"gold_gain":0,"player_choice":"Upgrade and Remove","damage_taken":0,"max_hp_gain":0,"max_hp_loss":0,"event_name":"Designer","floor":37,"gold_loss":90,"cards_upgraded":["Defend_R"]},{"damage_healed":0,"gold_gain":0,"player_choice":"Max HP","damage_taken":0,"max_hp_gain":0,"max_hp_loss":4,"event_name":"Winding Halls","floor":46,"gold_loss":0}],"is_beta":false,"boss_relics":[{"not_picked":["Tiny House","Black Star"],"picked":"Velvet Choker"},{"not_picked":["Pandora\u0027s Box","Runic Dome"],"picked":"Fusion Hammer"}],"items_purged_floors":[30],"is_endless":false,"potions_floor_spawned":[4,7,10,14,16,25,33,36,38,45,54],"killed_by":"The Heart","ascension_level":0}}