{"host":"78hrz0ylpj9lzvi8","time":1609002193,"event":{"mods":["BaseMod","Bestiary","Block Reminder","Curses Come First","Minty Spire (QoL Compilation)","Quick Restart","Random Character Button","Relic Stats","StSLib"],"gold_per_floor":[118,38,38,48,48,48,82,82,159,179,14,25,25,59,59,133,133,147,159,84,98,109,109,109,136,161,176,207,207,207],"floor_reached":29,"playtime":1856,"items_purged":["Strike_B"],"score":596,"play_id":"769815d2-754e-4b6e-887a-aadfc5aec177","local_time":"20201226140313","is_ascension_mode":true,"campfire_choices":[{"data":"Zap","floor":6.0,"key":"SMITH"},{"data":"Defragment","floor":8.0,"key":"SMITH"},{"data":"Dualcast","floor":13.0,"key":"SMITH"},{"data":"Loop","floor":15.0,"key":"SMITH"},{"floor":23,"key":"REST"}],"circlet_count":0,"master_deck":["AscendersBane","Strike_B","Defend_B","Defend_B","Defend_B","Zap+1","Dualcast+1","Redo","Defragment+1","Melter","Coolheaded","Compile Driver","Loop+1","Coolheaded","All For One","Beam Cell","Glacier","Ball Lightning","FTL","Hyperbeam","Thunder Strike","Steam Power","Gash"],"relics":["Cracked Core","NeowsBlessing","Kunai","White Beast Statue","DataDisk","Tiny Chest","Fusion Hammer","Anchor","Strawberry","Pen Nib"],"acts_visited":["Exordium","TheCity"],"potions_floor_usage":[19,28,28,29],"damage_taken":[{"damage":0.0,"enemies":"Small Slimes","floor":1.0,"turns":1.0},{"damage":0.0,"enemies":"Cultist","floor":4.0,"turns":1.0},{"damage":0.0,"enemies":"Lagavulin","floor":7.0,"turns":1.0},{"damage":12.0,"enemies":"Jaw Worm","floor":10.0,"turns":2.0},{"damage":24.0,"enemies":"Large Slime","floor":12.0,"turns":5.0},{"damage":18.0,"enemies":"3 Sentries","floor":14.0,"turns":5.0},{"damage":13.0,"enemies":"Hexaghost","floor":16.0,"turns":10.0},{"damage":13.0,"enemies":"Shell Parasite","floor":18.0,"turns":3.0},{"damage":9,"enemies":"3 Byrds","floor":19,"turns":2},{"damage":12,"enemies":"Cultist and Chosen","floor":21,"turns":4},{"damage":6,"enemies":"Snake Plant","floor":22,"turns":6},{"damage":19,"enemies":"Gremlin Leader","floor":25,"turns":6},{"damage":20,"enemies":"Centurion and Healer","floor":27,"turns":5},{"damage":15,"enemies":"Book of Stabbing","floor":28,"turns":5},{"damage":13,"enemies":"3 Cultists","floor":29,"turns":3}],"seed_played":"4841750025313725459","potions_obtained":[{"floor":4.0,"key":"Energy Potion"},{"floor":7.0,"key":"FocusPotion"},{"floor":10.0,"key":"GamblersBrew"},{"floor":14.0,"key":"Swift Potion"},{"floor":16.0,"key":"LiquidBronze"},{"floor":19,"key":"Dexterity Potion"},{"floor":21,"key":"DuplicationPotion"},{"floor":25,"key":"Regen Potion"},{"floor":28,"key":"PowerPotion"}],"is_trial":false,"path_per_floor":["M","$","?","M","?","R","E","R","T","M","$","M","R","E","R","B",null,"M","M","$","M","M","R","?","E","T","M","E","M"],"character_chosen":"DEFECT","items_purchased":["Defragment","DataDisk"],"campfire_rested":1,"item_purchase_floors":[2,11],"current_hp_per_floor":[64,64,64,64,81,81,81,81,81,69,69,45,45,27,27,14,64,51,42,42,30,24,48,48,29,36,16,13,0,0],"gold":207,"neow_bonus":"THREE_ENEMY_KILL","is_daily":false,"chose_seed":false,"campfire_upgraded":4,"win_rate":0.0,"timestamp":1609002193,"path_taken":["M","$","?","M","?","R","E","R","T","M","$","?","R","E","R","BOSS","M","?","$","M","M","R","?","E","T","M","E","M"],"items_purchased_type":["Card","Relic"],"build_version":"2020-12-22","purchased_purges":1,"victory":false,"max_hp_per_floor":[71,71,71,71,81,81,81,81,81,81,81,81,81,81,81,81,81,81,81,81,81,81,81,81,81,88,88,88,88,88],"relic_stats":{"counters":[15,56],"Tiny Chest":0,"Pen Nib":[0],"Kunai":[16],"obtain_stats":[{"DataDisk":11,"Anchor":25,"NeowsBlessing":0,"Strawberry":26,"Tiny Chest":14,"Fusion Hammer":17,"Pen Nib":28,"Kunai":7,"Cracked Core":0,"White Beast Statue":9},{"DataDisk":4,"Anchor":12,"NeowsBlessing":0,"Strawberry":12,"Tiny Chest":6,"Fusion Hammer":7,"Pen Nib":14,"Kunai":3,"Cracked Core":0,"White Beast Statue":3},{"DataDisk":5,"Anchor":43,"NeowsBlessing":0,"Strawberry":43,"Tiny Chest":15,"Fusion Hammer":24,"Pen Nib":53,"Kunai":3,"Cracked Core":0,"White Beast Statue":3}]},"card_choices":[{"not_picked":["Hologram","Darkness"],"picked":"Redo","floor":1.0},{"not_picked":["Steam Power","Turbo"],"picked":"Melter","floor":4.0},{"not_picked":["Reinforced Body","Leap"],"picked":"Coolheaded","floor":7.0},{"not_picked":["Go for the Eyes","Hologram"],"picked":"Compile Driver","floor":10.0},{"not_picked":["Steam Power","Meteor Strike"],"picked":"Loop","floor":12.0},{"not_picked":["Undo","Streamline"],"picked":"Coolheaded","floor":14.0},{"not_picked":["Thunder Strike","Fission"],"picked":"All For One","floor":16.0},{"not_picked":["Doom and Gloom","Consume"],"picked":"Beam Cell","floor":18.0},{"not_picked":["Turbo+1","Conserve Battery+1"],"picked":"Glacier","floor":19},{"not_picked":["Static Discharge","Leap"],"picked":"Ball Lightning","floor":21},{"not_picked":["Beam Cell+1","Hologram"],"picked":"FTL","floor":22},{"not_picked":["Beam Cell","Tempest+1"],"picked":"Steam Power","floor":25},{"not_picked":["Sweeping Beam","Lockon"],"picked":"Gash","floor":27},{"not_picked":["Beam Cell","Rebound","Streamline"],"picked":"SKIP","floor":28}],"player_experience":958743,"relics_obtained":[{"floor":7.0,"key":"Kunai"},{"floor":9.0,"key":"White Beast Statue"},{"floor":14.0,"key":"Tiny Chest"},{"floor":25,"key":"Anchor"},{"floor":26,"key":"Strawberry"},{"floor":28,"key":"Pen Nib"}],"event_choices":[{"damage_healed":0.0,"max_hp_gain":0.0,"max_hp_loss":0.0,"gold_gain":0.0,"cards_transformed":["Defend_B"],"event_name":"Living Wall","player_choice":"Change","floor":3.0,"gold_loss":0.0,"damage_taken":0.0,"cards_obtained":["Meteor Strike"]},{"cards_removed":["Meteor Strike"],"damage_healed":7.0,"max_hp_gain":10.0,"max_hp_loss":0.0,"gold_gain":0.0,"event_name":"Bonfire Elementals","player_choice":"Offered Rare","floor":5.0,"gold_loss":0.0,"damage_taken":0.0},{"damage_healed":0,"gold_gain":0,"cards_transformed":["Strike_B","Strike_B"],"player_choice":"Became Test Subject","damage_taken":0,"max_hp_gain":0,"max_hp_loss":0,"event_name":"Drug Dealer","floor":24,"gold_loss":0,"cards_obtained":["Hyperbeam","Thunder Strike"]}],"is_beta":false,"boss_relics":[{"not_picked":["Tiny House","Runic Pyramid"],"picked":"Fusion Hammer"}],"items_purged_floors":[20],"is_endless":false,"potions_floor_spawned":[4,7,10,12,14,16,18,19,21,22,25,27,28],"killed_by":"3 Cultists","ascension_level":20}}