{"host":"nkolxg4se00n20yf","time":1609021099,"event":{"mods":["BaseMod","CatGirl Mod","Chen","Colored Map","Colored Powertips","Downfall","Friendly Minions","Infinite Spire","Kiyohime????","Marisa????????","Minty Spire (QoL Compilation)","StSLib","Td1madao Mod","The Administrix","The Cursed","The Exalted","The Hierophant","The Servant 0.9.4"],"gold_per_floor":[119,138,158,170,189,214,214,225,225,225,225,241,301,329,329,425,425,440,715,715,685,222,222,232,261,261,273,273,292,292,323,323,323,323],"floor_reached":33,"playtime":2102,"items_purged":["Regret"],"score":478,"play_id":"b89b3157-e39d-4b26-9574-7fbd30e39a0d","local_time":"20201226231819","is_ascension_mode":true,"campfire_choices":[{"floor":7.0,"key":"REST"},{"floor":11.0,"key":"REST"},{"floor":15.0,"key":"REST"},{"floor":23.0,"key":"REST"},{"floor":28,"key":"REST"},{"data":"Capacitor","floor":30,"key":"SMITH"},{"data":"Reboot","floor":32,"key":"SMITH"}],"circlet_count":0,"master_deck":["AscendersBane","Strike_B","Strike_B","Strike_B","Strike_B","Defend_B","Defend_B","Defend_B","Defend_B","Zap","Dualcast","Streamline","Heatsinks","Fusion","Sweeping Beam","Rebound","Auto Shields","Melter","Rebound","Chill","Redo","Reboot+1","Aggregate","infinitespire:Starlight","Conserve Battery+1","Capacitor+1","Static Discharge","Storm","Skim","Hyperbeam","Glacier"],"relics":["Cracked Core","Centennial Puzzle","Pantograph","Sundial","Nunchaku","infinitespire:Joker Card","Nuclear Battery","Bromod:ArcaneConsequence","Ice Cream","Symbiotic Virus","Bromod:ArcaneGuardian","Smiling Mask"],"acts_visited":["Exordium","TheCity"],"potions_floor_usage":[25,33],"damage_taken":[{"damage":13.0,"enemies":"Jaw Worm","floor":1.0,"turns":4.0},{"damage":0.0,"enemies":"2 Louse","floor":2.0,"turns":1.0},{"damage":1.0,"enemies":"Cultist","floor":3.0,"turns":4.0},{"damage":1.0,"enemies":"3 Louse","floor":4.0,"turns":3.0},{"damage":8.0,"enemies":"Large Slime","floor":5.0,"turns":4.0},{"damage":41.0,"enemies":"Gremlin Nob","floor":6.0,"turns":5.0},{"damage":7.0,"enemies":"Red Slaver","floor":8.0,"turns":4.0},{"damage":16.0,"enemies":"Exordium Wildlife","floor":12.0,"turns":4.0},{"damage":20.0,"enemies":"3 Sentries","floor":13.0,"turns":6.0},{"damage":9.0,"enemies":"3 Sentries","floor":14.0,"turns":6.0},{"damage":62.0,"enemies":"Slime Boss","floor":16.0,"turns":9.0},{"damage":21.0,"enemies":"3 Byrds","floor":18.0,"turns":5.0},{"damage":23.0,"enemies":"2 Thieves","floor":21.0,"turns":5.0},{"damage":47.0,"enemies":"Snake Plant","floor":24.0,"turns":6.0},{"damage":44,"enemies":"Book of Stabbing","floor":25,"turns":6},{"damage":3,"enemies":"Centurion and Healer","floor":27,"turns":6},{"damage":12,"enemies":"3 Cultists","floor":29,"turns":7},{"damage":12,"enemies":"Gremlin Leader","floor":31,"turns":11},{"damage":105,"enemies":"Champ","floor":33,"turns":12}],"seed_played":"5313449836936173237","potions_obtained":[{"floor":2.0,"key":"hexamod:EctoCoolerPotion"},{"floor":4.0,"key":"LiquidMemories"},{"floor":13.0,"key":"Fruit Juice"},{"floor":16.0,"key":"PowerPotion"},{"floor":21.0,"key":"SkillPotion"},{"floor":25,"key":"PowerPotion"}],"is_trial":false,"path_per_floor":["M","M","M","M","M","E","R","M","T","?","R","M","?","E","R","B",null,"M","?","AVR","M","$","R","M","E","T","M","R","M","R","E","R","B"],"character_chosen":"DEFECT","items_purchased":["Ice Cream","Capacitor","FairyPotion"],"campfire_rested":5,"item_purchase_floors":[22,22,22],"current_hp_per_floor":[62,62,61,60,52,11,35,28,28,28,52,36,21,12,38,1,66,45,45,45,42,42,68,31,47,47,54,80,78,78,75,75,0,0],"gold":323,"neow_bonus":"TEN_PERCENT_HP_BONUS","is_daily":false,"chose_seed":false,"campfire_upgraded":2,"win_rate":0.0,"timestamp":1609021099,"path_taken":["M","M","M","M","M","E","R","M","T","?","R","M","?","E","R","BOSS","M","?","AVR","?","$","R","M","E","T","M","R","M","R","E","R","BOSS"],"items_purchased_type":["Relic","Card","Potion"],"build_version":"2020-12-22","purchased_purges":1,"victory":false,"max_hp_per_floor":[82,82,82,82,82,82,82,82,82,82,82,82,87,87,87,87,87,87,87,87,87,87,87,87,87,87,87,87,87,87,87,87,87,87],"card_choices":[{"not_picked":["Beam Cell","Sweeping Beam"],"picked":"Streamline","floor":1.0},{"not_picked":["Chaos","Coolheaded"],"picked":"Heatsinks","floor":2.0},{"not_picked":["Go for the Eyes","Tempest"],"picked":"Fusion","floor":3.0},{"not_picked":["Stack","Cold Snap"],"picked":"Sweeping Beam","floor":4.0},{"not_picked":["Cold Snap","Gash"],"picked":"Rebound","floor":5.0},{"not_picked":["Sweeping Beam","Redo"],"picked":"Auto Shields","floor":6.0},{"not_picked":["Rebound","Beam Cell"],"picked":"Melter","floor":8.0},{"not_picked":["Cold Snap","Ball Lightning"],"picked":"Rebound","floor":12.0},{"not_picked":["Hologram","Streamline"],"picked":"Chill","floor":13.0},{"not_picked":["Stack","Consume"],"picked":"Redo","floor":14.0},{"not_picked":["Rainbow","Fission"],"picked":"Reboot","floor":16.0},{"not_picked":["Barrage","Redo"],"picked":"Aggregate","floor":18.0},{"not_picked":["Compile Driver+1","Rip and Tear"],"picked":"Conserve Battery+1","floor":21.0},{"not_picked":["Compile Driver","Hologram+1"],"picked":"Static Discharge","floor":24.0},{"not_picked":["Chill","Static Discharge"],"picked":"Storm","floor":25},{"not_picked":["Conserve Battery","Hello World+1"],"picked":"Skim","floor":27},{"not_picked":["Stack","Glacier"],"picked":"Hyperbeam","floor":29},{"not_picked":["Streamline","Melter"],"picked":"Glacier","floor":31}],"player_experience":1058223,"relics_obtained":[{"floor":6.0,"key":"Centennial Puzzle"},{"floor":9.0,"key":"Pantograph"},{"floor":10.0,"key":"Sundial"},{"floor":13.0,"key":"Nunchaku"},{"floor":14.0,"key":"infinitespire:Joker Card"},{"floor":25,"key":"Symbiotic Virus"},{"floor":26,"key":"Bromod:ArcaneGuardian"},{"floor":31,"key":"Smiling Mask"}],"event_choices":[{"damage_healed":0.0,"max_hp_gain":0.0,"max_hp_loss":0.0,"gold_gain":30.0,"event_name":"Dead Adventurer","player_choice":"Searched \u00272\u0027 times","floor":13.0,"gold_loss":0.0,"damage_taken":0.0},{"damage_healed":0.0,"max_hp_gain":0.0,"max_hp_loss":0.0,"gold_gain":275.0,"event_name":"Golden Shrine","player_choice":"Desecrate","floor":19.0,"gold_loss":0.0,"damage_taken":0.0,"cards_obtained":["Regret"]}],"is_beta":false,"boss_relics":[{"not_picked":["Ectoplasm","SacredBark"],"picked":"Nuclear Battery"}],"items_purged_floors":[20],"is_endless":false,"potions_floor_spawned":[2,4,13,16,21,25],"killed_by":"Champ","ascension_level":12}}