{"host":"lhth1efayex2023z","time":1609016599,"event":{"mods":["BaseMod","Colored Map","Googly Eyes","Minty Spire (QoL Compilation)","StSLib"],"gold_per_floor":[114,126,152,172,188,188,6,6,6,31,31,31,31],"floor_reached":12,"playtime":353,"items_purged":[],"score":121,"play_id":"e4c4e9ec-59fc-4c49-943f-9f27e6bcd2d5","local_time":"20201226140319","is_ascension_mode":true,"campfire_choices":[{"data":"Warcry","floor":6.0,"key":"SMITH"},{"data":"Feed","floor":8.0,"key":"SMITH"}],"circlet_count":0,"master_deck":["AscendersBane","Strike_R","Strike_R","Strike_R","Strike_R","Strike_R","Defend_R","Defend_R","Defend_R","Defend_R","Bash","Feed+1","Flex","Warcry+1","Warcry","Heavy Blade","Flex","Demon Form"],"relics":["Burning Blood","Lantern","Pocketwatch","Bag of Preparation"],"acts_visited":["Exordium"],"potions_floor_usage":[],"damage_taken":[{"damage":11.0,"enemies":"Cultist","floor":1.0,"turns":4.0},{"damage":5.0,"enemies":"Small Slimes","floor":2.0,"turns":3.0},{"damage":7.0,"enemies":"2 Louse","floor":4.0,"turns":3.0},{"damage":39.0,"enemies":"Exordium Wildlife","floor":5.0,"turns":8.0},{"damage":45.0,"enemies":"3 Sentries","floor":10.0,"turns":7.0},{"damage":0,"enemies":"Gremlin Nob","floor":12,"turns":2}],"seed_played":"3853230173653684538","potions_obtained":[{"floor":4.0,"key":"SpeedPotion"}],"is_trial":false,"path_per_floor":["M","M","T","M","M","R","$","R","T","E","?","E"],"character_chosen":"IRONCLAD","items_purchased":["Flex","Demon Form"],"campfire_rested":0,"item_purchase_floors":[7,7],"current_hp_per_floor":[70,74,74,76,46,46,46,46,46,11,11,11,11],"gold":31,"neow_bonus":"THREE_RARE_CARDS","is_daily":false,"chose_seed":false,"campfire_upgraded":2,"win_rate":0.0,"timestamp":1609016599,"path_taken":["M","M","?","M","M","R","$","R","T","E","?","E"],"items_purchased_type":["Card","Card"],"build_version":"2020-12-22","purchased_purges":0,"victory":false,"max_hp_per_floor":[75,78,78,81,84,84,84,84,84,88,88,88,88],"card_choices":[{"not_picked":["Fiend Fire","Corruption"],"picked":"Feed","floor":0.0},{"not_picked":["Anger","Feel No Pain"],"picked":"Flex","floor":1.0},{"not_picked":["Armaments","Anger"],"picked":"Warcry","floor":2.0},{"not_picked":["Sever Soul","Heavy Blade"],"picked":"Warcry","floor":4.0},{"not_picked":["Wild Strike","True Grit"],"picked":"Heavy Blade","floor":5.0},{"not_picked":["Clothesline","Reckless Charge","Bludgeon"],"picked":"SKIP","floor":10.0}],"player_experience":410477,"relics_obtained":[{"floor":3.0,"key":"Lantern"},{"floor":9.0,"key":"Pocketwatch"},{"floor":10.0,"key":"Bag of Preparation"}],"event_choices":[{"damage_healed":0,"gold_gain":0,"player_choice":"Searched \u00271\u0027 times","damage_taken":0,"max_hp_gain":0,"max_hp_loss":0,"event_name":"Dead Adventurer","floor":11,"gold_loss":0}],"is_beta":false,"boss_relics":[],"items_purged_floors":[],"is_endless":false,"potions_floor_spawned":[4],"killed_by":"Gremlin Nob","ascension_level":11}}