{"host":"z028tbimoao97v47","time":1609020435,"event":{"mods":["AchievementEnabler","BaseMod","Colored Map","Colored Powertips","Minty Spire (QoL Compilation)","Permanent Neow","Rare Cards Sparkle","SuperFastMode","everything is the same but u backflip on backflip"],"gold_per_floor":[114,126,137,147,147,180,180,180,180,180,29,49,69,80,80,176,176,194,221,221,2,2,2,2,2,52,81,95,112,132,144,144,244,244,264,264,10,20,20,46,46,71,95,114,114,149,163,176,176,176],"floor_reached":51,"playtime":3982,"items_purged":["Defend_G","Strike_G"],"score":957,"play_id":"55576aee-2aba-4fc8-8f14-e4e718f9068f","local_time":"20201227070715","is_ascension_mode":true,"campfire_choices":[{"data":"Well Laid Plans","floor":7.0,"key":"SMITH"},{"floor":10.0,"key":"REST"},{"data":"Neutralize","floor":15.0,"key":"SMITH"},{"floor":23.0,"key":"REST"},{"data":"Footwork","floor":32.0,"key":"SMITH"},{"floor":41.0,"key":"REST"},{"data":"Outmaneuver","floor":45.0,"key":"SMITH"},{"floor":49.0,"key":"REST"}],"circlet_count":0,"master_deck":["Strike_G","Strike_G","Defend_G","Defend_G","Defend_G","Defend_G","Survivor","Neutralize+1","Master of Strategy","Eviscerate","Poisoned Stab","Well Laid Plans+1","Blade Dance","Deflect","Reflex","Dagger Spray","Backstab","Predator","Phantasmal Killer","Crippling Poison","Calculated Gamble+1","Heel Hook","Outmaneuver+1","Predator+1","Footwork+1","Backflip+1","Malaise","Underhanded Strike+1","Footwork+1","Noxious Fumes+1","Escape Plan","Flechettes+1","Blur+1","Prepared+1"],"relics":["Ring of the Serpent","Toy Ornithopter","Thread and Needle","Paper Crane","Red Mask","Juzu Bracelet","MutagenicStrength","Bag of Marbles","Oddly Smooth Stone","SacredBark","DollysMirror","Eternal Feather","Pen Nib","Orichalcum","Ninja Scroll"],"acts_visited":["Exordium","TheCity","TheBeyond"],"potions_floor_usage":[50,50],"damage_taken":[{"damage":0.0,"enemies":"Cultist","floor":1.0,"turns":4.0},{"damage":1.0,"enemies":"Jaw Worm","floor":2.0,"turns":3.0},{"damage":0.0,"enemies":"2 Louse","floor":3.0,"turns":2.0},{"damage":1.0,"enemies":"2 Fungi Beasts","floor":4.0,"turns":4.0},{"damage":22.0,"enemies":"3 Sentries","floor":6.0,"turns":7.0},{"damage":6.0,"enemies":"Exordium Wildlife","floor":12.0,"turns":4.0},{"damage":0.0,"enemies":"Red Slaver","floor":13.0,"turns":3.0},{"damage":0.0,"enemies":"Blue Slaver","floor":14.0,"turns":2.0},{"damage":4.0,"enemies":"Slime Boss","floor":16.0,"turns":9.0},{"damage":0.0,"enemies":"Shell Parasite","floor":18.0,"turns":5.0},{"damage":21.0,"enemies":"Masked Bandits","floor":19.0,"turns":5.0},{"damage":3.0,"enemies":"Slavers","floor":27.0,"turns":5.0},{"damage":0.0,"enemies":"Chosen","floor":28.0,"turns":3.0},{"damage":0.0,"enemies":"Snake Plant","floor":29.0,"turns":2.0},{"damage":2.0,"enemies":"Snecko","floor":30.0,"turns":3.0},{"damage":3.0,"enemies":"Shelled Parasite and Fungi","floor":31.0,"turns":5.0},{"damage":18.0,"enemies":"Automaton","floor":33.0,"turns":14.0},{"damage":1.0,"enemies":"Orb Walker","floor":35.0,"turns":5.0},{"damage":1.0,"enemies":"3 Darklings","floor":38.0,"turns":8.0},{"damage":69.0,"enemies":"Reptomancer","floor":40.0,"turns":10.0},{"damage":10.0,"enemies":"Nemesis","floor":42.0,"turns":9.0},{"damage":6.0,"enemies":"Maw","floor":44.0,"turns":8.0},{"damage":34.0,"enemies":"Reptomancer","floor":46.0,"turns":9.0},{"damage":18.0,"enemies":"Transient","floor":47.0,"turns":5.0},{"damage":0.0,"enemies":"Spire Growth","floor":48.0,"turns":2.0},{"damage":43,"enemies":"Awakened One","floor":50,"turns":15}],"seed_played":"-1506162965490582022","potions_obtained":[{"floor":1.0,"key":"AttackPotion"},{"floor":2.0,"key":"AttackPotion"},{"floor":6.0,"key":"ColorlessPotion"},{"floor":13.0,"key":"LiquidMemories"},{"floor":19.0,"key":"PowerPotion"},{"floor":31.0,"key":"SneckoOil"},{"floor":33.0,"key":"Weak Potion"},{"floor":40.0,"key":"SkillPotion"},{"floor":44.0,"key":"PowerPotion"},{"floor":46.0,"key":"SneckoOil"}],"is_trial":false,"path_per_floor":["M","M","M","M","?","E","R","?","T","R","$","M","M","M","R","B",null,"M","?","?","$","?","R","?","?","T","E","M","M","M","M","R","B",null,"M","?","$","M","$","E","R","E","T","M","R","E","M","M","R","B",null],"character_chosen":"THE_SILENT","items_purchased":["Reflex","Juzu Bracelet","Heel Hook","DollysMirror"],"campfire_rested":4,"item_purchase_floors":[11,21,21,37],"current_hp_per_floor":[45,44,44,43,40,23,23,16,16,37,37,36,36,36,36,37,62,62,41,41,41,28,50,50,50,50,47,47,47,45,42,42,24,62,61,61,61,65,65,1,41,36,36,30,48,14,1,1,41,8],"gold":176,"neow_bonus":"RANDOM_COLORLESS_2","is_daily":false,"chose_seed":false,"campfire_upgraded":4,"win_rate":0.0,"timestamp":1609020435,"path_taken":["M","?","M","M","?","E","R","?","T","R","$","M","M","M","R","BOSS","M","?","?","$","?","R","?","?","T","E","M","M","M","M","R","BOSS","M","?","?","M","$","E","R","E","T","M","R","E","M","M","R","BOSS"],"items_purchased_type":["Card","Relic","Card","Relic"],"build_version":"2020-12-22","purchased_purges":2,"victory":true,"max_hp_per_floor":[70,70,70,70,70,70,70,70,70,70,70,70,70,70,70,70,70,70,70,70,70,75,75,75,75,75,75,75,75,75,75,75,75,75,75,75,75,75,75,75,75,75,75,75,75,75,75,75,75,75],"card_choices":[{"not_picked":["Panache","Magnetism"],"picked":"Master of Strategy","floor":0.0},{"not_picked":["Setup","Accuracy"],"picked":"Eviscerate","floor":1.0},{"not_picked":["Riddle With Holes","Prepared"],"picked":"Poisoned Stab","floor":2.0},{"not_picked":["Slice","Endless Agony"],"picked":"Well Laid Plans","floor":3.0},{"not_picked":["Prepared","Choke"],"picked":"Blade Dance","floor":4.0},{"not_picked":["Eviscerate","Quick Slash"],"picked":"Deflect","floor":6.0},{"not_picked":["Deflect","Cloak And Dagger"],"picked":"Dagger Spray","floor":12.0},{"not_picked":["Prepared","Blade Dance"],"picked":"Backstab","floor":13.0},{"not_picked":["Slice","Bane"],"picked":"Predator","floor":14.0},{"not_picked":["Grand Finale","Bullet Time"],"picked":"Phantasmal Killer","floor":16.0},{"not_picked":["Endless Agony","Flying Knee+1"],"picked":"Crippling Poison","floor":18.0},{"not_picked":["Acrobatics","Deadly Poison"],"picked":"Calculated Gamble+1","floor":19.0},{"not_picked":["PiercingWail","Blade Dance"],"picked":"Predator+1","floor":27.0},{"not_picked":["Eviscerate","Deadly Poison"],"picked":"Footwork","floor":28.0},{"not_picked":["Slice","Noxious Fumes","Predator"],"picked":"SKIP","floor":29.0},{"not_picked":["Caltrops","Dagger Spray"],"picked":"Backflip+1","floor":30.0},{"not_picked":["Crippling Poison","Riddle With Holes","Endless Agony"],"picked":"SKIP","floor":31.0},{"not_picked":["Corpse Explosion","Envenom"],"picked":"Malaise","floor":33.0},{"not_picked":["Acrobatics","Quick Slash+1"],"picked":"Underhanded Strike+1","floor":35.0},{"not_picked":["Backstab","Sucker Punch+1"],"picked":"Noxious Fumes+1","floor":38.0},{"not_picked":["Dagger Throw+1","Bane","Dagger Spray+1"],"picked":"SKIP","floor":40.0},{"not_picked":["Infinite Blades","Sucker Punch+1"],"picked":"Escape Plan","floor":42.0},{"not_picked":["Sucker Punch+1","Slice+1","Blade Dance+1"],"picked":"SKIP","floor":44.0},{"not_picked":["Blade Dance","Phantasmal Killer"],"picked":"Flechettes+1","floor":46.0},{"not_picked":["Expertise","Flying Knee"],"picked":"Blur+1","floor":47.0},{"not_picked":["Flying Knee","Infinite Blades"],"picked":"Prepared+1","floor":48.0}],"player_experience":106440,"relics_obtained":[{"floor":6.0,"key":"Thread and Needle"},{"floor":9.0,"key":"Paper Crane"},{"floor":19.0,"key":"Red Mask"},{"floor":26.0,"key":"Bag of Marbles"},{"floor":27.0,"key":"Oddly Smooth Stone"},{"floor":40.0,"key":"Eternal Feather"},{"floor":42.0,"key":"Pen Nib"},{"floor":43.0,"key":"Orichalcum"},{"floor":46.0,"key":"Ninja Scroll"}],"event_choices":[{"damage_healed":0.0,"max_hp_gain":0.0,"max_hp_loss":0.0,"gold_gain":0.0,"event_name":"Scrap Ooze","player_choice":"Success","floor":5.0,"gold_loss":0.0,"damage_taken":3.0,"relics_obtained":["Toy Ornithopter"]},{"cards_removed":["Strike_G"],"damage_healed":0.0,"max_hp_gain":0.0,"max_hp_loss":0.0,"gold_gain":0.0,"event_name":"Golden Wing","player_choice":"Card Removal","floor":8.0,"gold_loss":0.0,"damage_taken":7.0},{"damage_healed":0.0,"max_hp_gain":0.0,"max_hp_loss":0.0,"gold_gain":0.0,"event_name":"Masked Bandits","player_choice":"Fought Bandits","floor":19.0,"gold_loss":0.0,"damage_taken":0.0},{"damage_healed":0.0,"max_hp_gain":0.0,"max_hp_loss":0.0,"gold_gain":0.0,"event_name":"The Woman in Blue","player_choice":"Bought 0 Potions","floor":20.0,"gold_loss":0.0,"damage_taken":0.0},{"damage_healed":0.0,"max_hp_gain":5.0,"max_hp_loss":0.0,"gold_gain":0.0,"event_name":"Forgotten Altar","player_choice":"Shed Blood","floor":22.0,"gold_loss":0.0,"damage_taken":18.0},{"damage_healed":0.0,"max_hp_gain":0.0,"max_hp_loss":0.0,"gold_gain":0.0,"cards_transformed":["Strike_G"],"event_name":"Transmorgrifier","player_choice":"Transformed","floor":24.0,"gold_loss":0.0,"damage_taken":0.0,"cards_obtained":["Outmaneuver"]},{"damage_healed":0.0,"max_hp_gain":0.0,"max_hp_loss":0.0,"gold_gain":0.0,"event_name":"Drug Dealer","player_choice":"Inject Mutagens","floor":25.0,"gold_loss":0.0,"damage_taken":0.0,"relics_obtained":["MutagenicStrength"]},{"damage_healed":0.0,"max_hp_gain":0.0,"max_hp_loss":0.0,"gold_gain":0.0,"event_name":"SecretPortal","player_choice":"Ignored","floor":36.0,"gold_loss":0.0,"damage_taken":0.0}],"is_beta":false,"boss_relics":[{"not_picked":["Sozu","Pandora\u0027s Box"],"picked":"Ring of the Serpent"},{"not_picked":["Cursed Key","Philosopher\u0027s Stone"],"picked":"SacredBark"}],"items_purged_floors":[11,37],"is_endless":false,"potions_floor_spawned":[1,2,6,13,19,31,33,40,44,46],"ascension_level":7}}