{"host":"icfpfg8l7slpscsh","time":1609014349,"event":{"mods":["AchievementEnabler","BaseMod","Colored Map","Colored Powertips","Highlight Path","Minty Spire (QoL Compilation)","Permanent Neow","Quick Restart","StSLib"],"gold_per_floor":[114,129,144,159,174,174,204,219,219,219,234,234,249,264,264,364,364,379,379,79,79,94,124,124,154,179,194,194,209,209,224,224,324,324,339,339,354,369,384,384,414,414,439,399,399,414,429,444,444,444],"floor_reached":51,"playtime":2980,"items_purged":[],"score":777,"play_id":"8c8e760e-bee6-4088-8eb9-3042aea54ee2","local_time":"20201226152549","daily_mods":["SealedDeck","Diverse","Binary"],"is_ascension_mode":false,"campfire_choices":[{"data":"Collect","floor":6,"key":"SMITH"},{"data":"PathToVictory","floor":10,"key":"SMITH"},{"data":"Streamline","floor":12,"key":"SMITH"},{"data":"Inflame","floor":15,"key":"SMITH"},{"data":"Iron Wave","floor":24,"key":"SMITH"},{"data":"Regret","floor":28,"key":"PURGE"},{"data":"Sanctity","floor":32,"key":"SMITH"},{"data":"Shrug It Off","floor":40,"key":"SMITH"},{"data":"Deflect","floor":42,"key":"SMITH"},{"data":"Parasite","floor":45,"key":"PURGE"},{"floor":49,"key":"REST"}],"circlet_count":0,"master_deck":["PiercingWail","Quick Slash","Iron Wave+1","Deflect+1","Sanctity+1","Genetic Algorithm","Turbo","Ball Lightning","Collect+1","Streamline+1","Pommel Strike","PathToVictory+1","Inflame+1","SandsOfTime","Tools of the Trade+1","SandsOfTime","Perseverance+1","RitualDagger","Core Surge","Shrug It Off+1","Escape Plan","Armaments+1","Parasite","Caltrops+1"],"relics":["Burning Blood","Blood Vial","Sundial","Cursed Key","Peace Pipe","PreservedInsect","Champion Belt","Bronze Scales","SlaversCollar","Incense Burner","Nunchaku"],"acts_visited":["Exordium","TheCity","TheBeyond"],"potions_floor_usage":[5,7,23,23,33,41,41,50,50,50,50,50,50],"damage_taken":[{"damage":0,"enemies":"Cultist","floor":1,"turns":3},{"damage":0,"enemies":"Small Slimes","floor":2,"turns":2},{"damage":0,"enemies":"2 Louse","floor":3,"turns":2},{"damage":0,"enemies":"Large Slime","floor":4,"turns":4},{"damage":0,"enemies":"Gremlin Gang","floor":5,"turns":4},{"damage":0,"enemies":"Lagavulin","floor":7,"turns":4},{"damage":0,"enemies":"2 Fungi Beasts","floor":8,"turns":3},{"damage":0,"enemies":"Exordium Thugs","floor":11,"turns":3},{"damage":0,"enemies":"Exordium Wildlife","floor":13,"turns":3},{"damage":6,"enemies":"Looter","floor":14,"turns":3},{"damage":0,"enemies":"Slime Boss","floor":16,"turns":5},{"damage":10,"enemies":"Chosen","floor":18,"turns":3},{"damage":7,"enemies":"Shell Parasite","floor":22,"turns":3},{"damage":21,"enemies":"Book of Stabbing","floor":23,"turns":3},{"damage":3,"enemies":"Slavers","floor":25,"turns":4},{"damage":0,"enemies":"Chosen and Byrds","floor":27,"turns":4},{"damage":0,"enemies":"Centurion and Healer","floor":29,"turns":4},{"damage":8,"enemies":"Shelled Parasite and Fungi","floor":31,"turns":4},{"damage":6,"enemies":"Collector","floor":33,"turns":6},{"damage":26,"enemies":"3 Darklings","floor":35,"turns":4},{"damage":12,"enemies":"Orb Walker","floor":37,"turns":3},{"damage":8,"enemies":"Maw","floor":38,"turns":7},{"damage":1,"enemies":"Sphere and 2 Shapes","floor":39,"turns":5},{"damage":2,"enemies":"Giant Head","floor":41,"turns":6},{"damage":16,"enemies":"Writhing Mass","floor":46,"turns":4},{"damage":14,"enemies":"Transient","floor":47,"turns":5},{"damage":11,"enemies":"Spire Growth","floor":48,"turns":4},{"damage":37,"enemies":"Time Eater","floor":50,"turns":9}],"seed_played":"5451747836825439005","potions_obtained":[{"floor":3,"key":"Energy Potion"},{"floor":4,"key":"ElixirPotion"},{"floor":5,"key":"Fire Potion"},{"floor":7,"key":"AttackPotion"},{"floor":11,"key":"FearPotion"},{"floor":22,"key":"FearPotion"},{"floor":23,"key":"CultistPotion"},{"floor":25,"key":"Ancient Potion"},{"floor":33,"key":"Explosive Potion"},{"floor":41,"key":"SneckoOil"},{"floor":44,"key":"Dexterity Potion"},{"floor":44,"key":"DistilledChaos"},{"floor":44,"key":"EntropicBrew"},{"floor":47,"key":"Dexterity Potion"}],"is_trial":false,"path_per_floor":["M","M","M","M","M","R","E","M","T","R","M","R","M","M","R","B",null,"M","?","$","?","M","E","R","E","T","M","R","M","?","M","R","B",null,"M","?","M","M","M","R","E","R","T","?","R","M","M","M","R","B",null],"character_chosen":"IRONCLAD","items_purchased":["Peace Pipe"],"campfire_rested":1,"item_purchase_floors":[20],"current_hp_per_floor":[80,80,80,80,80,80,80,80,80,80,80,80,80,80,80,80,80,76,76,76,76,77,64,64,69,69,77,77,80,74,74,74,76,80,60,60,56,56,63,63,69,69,69,69,69,61,55,52,73,42],"gold":444,"neow_bonus":"","is_daily":true,"chose_seed":false,"campfire_upgraded":8,"win_rate":0.0,"timestamp":1609014349,"path_taken":["M","M","M","M","M","R","E","?","T","R","M","R","M","M","R","BOSS","M","?","$","?","M","E","R","E","T","M","R","M","?","M","R","BOSS","M","?","M","M","M","R","E","R","T","?","R","M","?","M","R","BOSS"],"items_purchased_type":["Relic"],"build_version":"2020-12-22","purchased_purges":0,"victory":true,"max_hp_per_floor":[80,80,80,80,80,80,80,80,80,80,80,80,80,80,80,80,80,80,80,80,80,80,80,80,80,80,80,80,80,80,80,80,80,80,80,76,76,76,76,76,76,76,76,76,73,73,73,73,73,73],"card_choices":[{"not_picked":["Riddle With Holes","Turbo"],"picked":"SKIP","floor":1},{"not_picked":["CarveReality","Streamline"],"picked":"SKIP","floor":2},{"not_picked":["TalkToTheHand"],"picked":"Pommel Strike","floor":3},{"not_picked":["Dagger Throw"],"picked":"PathToVictory","floor":4},{"not_picked":["Acrobatics","Outmaneuver"],"picked":"SKIP","floor":5},{"not_picked":["Turbo","Bloodletting"],"picked":"SKIP","floor":7},{"not_picked":["Pray"],"picked":"Inflame","floor":8},{"not_picked":["Acrobatics","CarveReality"],"picked":"SKIP","floor":11},{"not_picked":["WaveOfTheHand","Go for the Eyes"],"picked":"SKIP","floor":13},{"not_picked":["Ball Lightning"],"picked":"SandsOfTime","floor":14},{"not_picked":["Brilliance"],"picked":"Tools of the Trade","floor":16},{"not_picked":["Coolheaded","Concentrate+1"],"picked":"SKIP","floor":18},{"not_picked":["Outmaneuver","Dropkick"],"picked":"SKIP","floor":22},{"not_picked":["ForeignInfluence"],"picked":"SandsOfTime","floor":23},{"not_picked":["Turbo","Meditate"],"picked":"SKIP","floor":25},{"not_picked":["FlyingSleeves"],"picked":"Perseverance+1","floor":27},{"not_picked":["Second Wind","Tactician"],"picked":"SKIP","floor":29},{"not_picked":["Streamline","LikeWater"],"picked":"SKIP","floor":31},{"not_picked":["All For One"],"picked":"Core Surge","floor":33},{"not_picked":["Flex"],"picked":"Shrug It Off","floor":35},{"not_picked":["Outmaneuver"],"picked":"Escape Plan","floor":37},{"not_picked":["Consecrate"],"picked":"Armaments+1","floor":38},{"not_picked":["Prepared","Perfected Strike"],"picked":"SKIP","floor":39},{"not_picked":["Compile Driver+1","Infinite Blades+1"],"picked":"SKIP","floor":41},{"not_picked":["Blade Dance+1","Power Through+1"],"picked":"SKIP","floor":46},{"not_picked":["Turbo","EmptyBody"],"picked":"SKIP","floor":47},{"not_picked":["WaveOfTheHand"],"picked":"Caltrops+1","floor":48}],"player_experience":1419757,"relics_obtained":[{"floor":7,"key":"Blood Vial"},{"floor":9,"key":"Sundial"},{"floor":23,"key":"PreservedInsect"},{"floor":25,"key":"Champion Belt"},{"floor":26,"key":"Bronze Scales"},{"floor":41,"key":"Incense Burner"},{"floor":43,"key":"Nunchaku"}],"event_choices":[{"damage_healed":0,"gold_gain":0,"player_choice":"Upgraded","damage_taken":0,"max_hp_gain":0,"max_hp_loss":0,"event_name":"Upgrade Shrine","floor":19,"gold_loss":0,"cards_upgraded":["Tools of the Trade"]},{"damage_healed":0,"gold_gain":0,"player_choice":"Ignored","damage_taken":0,"max_hp_gain":0,"max_hp_loss":0,"event_name":"Beggar","floor":21,"gold_loss":0},{"damage_healed":0,"gold_gain":0,"player_choice":"Joined the Cult","damage_taken":6,"max_hp_gain":0,"max_hp_loss":0,"event_name":"Nest","floor":30,"gold_loss":0,"cards_obtained":["RitualDagger"]},{"damage_healed":0,"gold_gain":0,"player_choice":"Max HP","damage_taken":0,"max_hp_gain":0,"max_hp_loss":4,"event_name":"Winding Halls","floor":36,"gold_loss":0},{"damage_healed":0,"gold_gain":0,"player_choice":"Bought 3 Potions","damage_taken":0,"max_hp_gain":0,"max_hp_loss":0,"event_name":"The Woman in Blue","floor":44,"gold_loss":0}],"is_beta":false,"boss_relics":[{"not_picked":["Runic Cube","Velvet Choker"],"picked":"Cursed Key"},{"not_picked":["Fusion Hammer","Coffee Dripper"],"picked":"SlaversCollar"}],"items_purged_floors":[],"is_endless":false,"potions_floor_spawned":[3,4,5,7,11,22,23,25,33,41,46,47],"ascension_level":0}}