{"host":"6xsbn6ynqlzwllfm","time":1609008921,"event":{"mods":["2.2 Compatiblity","BaseMod","Bestiary","Colored Map","Colored Powertips","Curses Come First","Highlight Path","Keyboard Shortcuts","Minty Spire (QoL Compilation)","Quick Restart","Relic Stats","Slay the Relics Exporter","StSLib","SuperFastMode"],"gold_per_floor":[112,112,112,130,140,140,174,194,217,233,259,259,272,284,284,284,284],"floor_reached":16,"playtime":920,"items_purged":[],"score":211,"play_id":"819a3078-0221-47a8-897e-21faf066c4f9","local_time":"20201226135521","is_ascension_mode":true,"campfire_choices":[{"floor":6,"key":"REST"},{"floor":12,"key":"REST"},{"data":"Defragment","floor":15,"key":"SMITH"}],"circlet_count":0,"master_deck":["AscendersBane","Strike_B","Strike_B","Strike_B","Strike_B","Defend_B","Defend_B","Defend_B","Defend_B","Zap","Dualcast","Coolheaded","Pain","FTL","Rip and Tear","Sweeping Beam","Leap","Leap","Defragment+1","Double Energy+1"],"relics":["Cracked Core","NeowsBlessing","Regal Pillow","WarpedTongs","Centennial Puzzle","Nunchaku","Toxic Egg 2"],"acts_visited":["Exordium"],"potions_floor_usage":[11,11,16],"damage_taken":[{"damage":0,"enemies":"2 Louse","floor":1,"turns":1},{"damage":0,"enemies":"Jaw Worm","floor":4,"turns":1},{"damage":0,"enemies":"Cultist","floor":5,"turns":1},{"damage":34,"enemies":"Gremlin Nob","floor":7,"turns":4},{"damage":5,"enemies":"Looter","floor":8,"turns":3},{"damage":5,"enemies":"Blue Slaver","floor":10,"turns":3},{"damage":9,"enemies":"3 Sentries","floor":11,"turns":7},{"damage":1,"enemies":"2 Fungi Beasts","floor":13,"turns":4},{"damage":24,"enemies":"Exordium Thugs","floor":14,"turns":4},{"damage":26,"enemies":"Hexaghost","floor":16,"turns":12}],"seed_played":"-7706592648566980084","potions_obtained":[{"floor":4,"key":"EssenceOfSteel"},{"floor":5,"key":"PotionOfCapacity"},{"floor":10,"key":"Energy Potion"},{"floor":11,"key":"Swift Potion"}],"is_trial":false,"path_per_floor":["M","?","?","M","M","R","E","M","T","M","E","R","M","M","R","B"],"character_chosen":"DEFECT","items_purchased":[],"campfire_rested":2,"item_purchase_floors":[],"current_hp_per_floor":[64,29,29,29,29,65,31,26,26,21,12,48,47,23,23,0,0],"gold":284,"neow_bonus":"THREE_ENEMY_KILL","is_daily":false,"chose_seed":false,"campfire_upgraded":1,"win_rate":0.0,"timestamp":1609008921,"path_taken":["M","?","?","M","M","R","E","M","T","?","E","R","M","M","R","BOSS"],"items_purchased_type":[],"build_version":"2020-12-22","purchased_purges":0,"victory":false,"max_hp_per_floor":[71,71,71,71,71,71,71,71,71,71,71,71,71,71,71,71,71],"relic_stats":{"Regal Pillow":30,"Centennial Puzzle":[18],"Nunchaku":[4],"counters":[10,40],"obtain_stats":[{"Regal Pillow":2,"Centennial Puzzle":7,"Nunchaku":9,"NeowsBlessing":0,"Toxic Egg 2":11,"Cracked Core":0,"WarpedTongs":3},{"Regal Pillow":1,"Centennial Puzzle":4,"Nunchaku":5,"NeowsBlessing":0,"Toxic Egg 2":7,"Cracked Core":0,"WarpedTongs":1},{"Regal Pillow":1,"Centennial Puzzle":7,"Nunchaku":10,"NeowsBlessing":0,"Toxic Egg 2":20,"Cracked Core":0,"WarpedTongs":1}],"WarpedTongs":[39]},"card_choices":[{"not_picked":["Stack","Aggregate"],"picked":"Coolheaded","floor":1},{"not_picked":["Steam","Barrage"],"picked":"FTL","floor":4},{"not_picked":["Tempest","Sweeping Beam"],"picked":"Rip and Tear","floor":5},{"not_picked":["FTL","Stack"],"picked":"Sweeping Beam","floor":7},{"not_picked":["Tempest","Streamline"],"picked":"Leap","floor":8},{"not_picked":["Redo","Static Discharge"],"picked":"Leap","floor":10},{"not_picked":["Hologram+1","Beam Cell"],"picked":"Defragment","floor":11},{"not_picked":["Meteor Strike","Redo+1","Barrage"],"picked":"SKIP","floor":13},{"not_picked":["Redo+1","Steam+1"],"picked":"Double Energy+1","floor":14}],"player_experience":1053126,"relics_obtained":[{"floor":7,"key":"Centennial Puzzle"},{"floor":9,"key":"Nunchaku"},{"floor":11,"key":"Toxic Egg 2"}],"event_choices":[{"damage_healed":0,"gold_gain":0,"player_choice":"Success","damage_taken":35,"relics_obtained":["Regal Pillow"],"max_hp_gain":0,"max_hp_loss":0,"event_name":"Scrap Ooze","floor":2,"gold_loss":0},{"damage_healed":0,"gold_gain":0,"player_choice":"Rummage","damage_taken":0,"relics_obtained":["WarpedTongs"],"max_hp_gain":0,"max_hp_loss":0,"event_name":"Accursed Blacksmith","floor":3,"gold_loss":0,"cards_obtained":["Pain"]}],"is_beta":false,"boss_relics":[],"items_purged_floors":[],"is_endless":false,"potions_floor_spawned":[4,5,10,11],"killed_by":"Hexaghost","ascension_level":17}}