{"host":"e8rlfedn69rz2s07","time":1609003336,"event":{"mods":["Act Like it!","BaseMod","Conspire","Hubris","Infinite Spire","Minty Spire (QoL Compilation)","Permanent Neow","Relic Stats","Replay The Spire","Shop Mod","StSLib","The Jungle"],"gold_per_floor":[16,16,83,102,102,130,130,161,211,228,73,73,73,90,90,164,164,182,192,192,204,215,215,246,246,246,246,273,18,29,129,155,171,171,245,245,261,271,283,300,300,300,328,348,375,375,375,393,418,435,435,435,435,435,675,707,707],"floor_reached":58,"playtime":4452,"items_purged":["Strike_R","Strike_R"],"score":2080,"play_id":"f542b8f4-8735-4621-9a4b-476ad16ba0b4","local_time":"20201226192215","is_ascension_mode":true,"campfire_choices":[{"floor":7.0,"key":"REST"},{"data":"Disarm","floor":13.0,"key":"SMITH"},{"data":"True Grit","floor":15.0,"key":"SMITH"},{"data":"Bash","floor":23.0,"key":"SMITH"},{"data":"Fiend Fire","floor":27.0,"key":"SMITH"},{"data":"Rampage","floor":34.0,"key":"SMITH"},{"data":"infinitespire:Collect","floor":42.0,"key":"SMITH"},{"data":"Clothesline","floor":46.0,"key":"SMITH"},{"floor":51.0,"key":"RECALL"},{"data":"Sever Soul","floor":54.0,"key":"SMITH"}],"circlet_count":0,"master_deck":["AscendersBane","Strike_R","Defend_R","Defend_R","Defend_R","Defend_R+1","Bash+1","Clothesline+1","infinitespire:Collect+1","ReplayTheSpireMod:Strike From Hell","True Grit+1","Disarm+1","Sever Soul+1","Abandon","hubris:ReadiedAction+1","Dark Embrace","Shrug It Off","Fiend Fire+1","Rampage+1","Ghostly Armor","ReplayTheSpireMod:Stacked","Sword Boomerang","Armaments+1","hubris:ReadiedAction+1","Defy Death","infinitespire:Execution","Immolate","Shrug It Off","Disarm"],"relics":["Burning Blood","Dead Branch","Sundial","conspire:Dentures","Replay:Mystery Machine","Pet Ghost","Coffee Dripper","Snack Pack","Potion Belt","Shuriken","ReplayTheSpireMod:Spearhead","Snecko Eye","The Courier","Boot","Eternal Feather","hubris:NiceRug","Bag of Marbles","Frozen Eye","War Paint","infinitespire:Eraser"],"acts_visited":["Exordium","Exordium","TheBeyond","TheEnding"],"potions_floor_usage":[57,57],"damage_taken":[{"damage":2.0,"enemies":"2 Louse","floor":1.0,"turns":4.0},{"damage":5.0,"enemies":"Small Slimes","floor":4.0,"turns":3.0},{"damage":32.0,"enemies":"3 Sentries","floor":6.0,"turns":9.0},{"damage":34.0,"enemies":"Gremlin Nob","floor":8.0,"turns":5.0},{"damage":0.0,"enemies":"Cultist","floor":10.0,"turns":3.0},{"damage":21.0,"enemies":"Blue Slaver","floor":14.0,"turns":6.0},{"damage":2.0,"enemies":"Hexaghost","floor":16.0,"turns":10.0},{"damage":6.0,"enemies":"theJungle:MUSHROOMGANG","floor":18.0,"turns":6.0},{"damage":0.0,"enemies":"theJungle:GiantWrat","floor":19.0,"turns":6.0},{"damage":0.0,"enemies":"theJungle:Lyon","floor":21.0,"turns":3.0},{"damage":4.0,"enemies":"Snake Plant","floor":22.0,"turns":4.0},{"damage":30.0,"enemies":"theJungle:2_Phrogs","floor":24.0,"turns":4.0},{"damage":0.0,"enemies":"theJungle:Snecko_Cultist_And_Trap","floor":30.0,"turns":7.0},{"damage":1.0,"enemies":"theJungle:Cassacara","floor":32.0,"turns":5.0},{"damage":9.0,"enemies":"theJungle:JungleHuntersEncounter","floor":33.0,"turns":5.0},{"damage":74.0,"enemies":"theJungle:TotemBoss","floor":35.0,"turns":13.0},{"damage":12.0,"enemies":"3 Shapes","floor":37.0,"turns":5.0},{"damage":10.0,"enemies":"3 Darklings","floor":38.0,"turns":6.0},{"damage":22.0,"enemies":"Jaw Worm Horde","floor":39.0,"turns":4.0},{"damage":0.0,"enemies":"Sphere and 2 Shapes","floor":40.0,"turns":1.0},{"damage":3.0,"enemies":"Nemesis","floor":43.0,"turns":3.0},{"damage":0.0,"enemies":"Spire Growth","floor":44.0,"turns":2.0},{"damage":41.0,"enemies":"Jaw Worm Horde","floor":48.0,"turns":7.0},{"damage":6.0,"enemies":"Giant Head","floor":49.0,"turns":3.0},{"damage":8.0,"enemies":"4 Shapes","floor":50.0,"turns":1.0},{"damage":43.0,"enemies":"Awakened One","floor":52.0,"turns":9.0},{"damage":8.0,"enemies":"hubris:Merchant","floor":55.0,"turns":4.0},{"damage":0,"enemies":"Shield and Spear","floor":56,"turns":2},{"damage":58,"enemies":"The Heart","floor":57,"turns":7}],"seed_played":"-357888887851220736","potions_obtained":[{"floor":4.0,"key":"Weak Potion"},{"floor":8.0,"key":"LiquidMemories"},{"floor":30.0,"key":"Energy Potion"},{"floor":33.0,"key":"PowerPotion"},{"floor":40.0,"key":"Dexterity Potion"},{"floor":43.0,"key":"Regen Potion"},{"floor":50.0,"key":"AttackPotion"},{"floor":55.0,"key":"SteroidPotion"},{"floor":55.0,"key":"PowerPotion"}],"is_trial":false,"path_per_floor":["M","?","?","M","?","E","R","E","T","M","$","?","R","M","R","B",null,"M","M","?","M","M","R","E","PTL","PTL","R","T","$","M","?","E","M","R","B",null,"M","M","M","M","?","R","E","M","T","R","AVR","M","E","M","R","B",null,"R","$","E","B",null],"character_chosen":"IRONCLAD","items_purchased":["Abandon","hubris:ReadiedAction","Dark Embrace","Shuriken"],"campfire_rested":1,"item_purchase_floors":[11,11,11,29],"current_hp_per_floor":[76,56,56,57,57,31,55,27,27,33,33,33,33,18,18,22,66,66,72,72,78,80,80,56,56,56,56,56,56,62,62,71,72,72,10,63,59,59,47,57,57,57,64,76,76,76,76,57,63,63,78,51,73,80,80,80,30],"gold":707,"neow_bonus":"ONE_RARE_RELIC","is_daily":false,"chose_seed":false,"campfire_upgraded":8,"win_rate":0.0,"timestamp":1609003335,"path_taken":["M","?","?","M","?","E","R","E","T","M","$","?","R","M","R","BOSS","M","M","?","M","M","R","E","PTL","PTL","R","T","$","?","?","E","M","R","BOSS","M","?","?","M","?","R","E","M","T","R","AVR","M","E","M","R","BOSS","R","$","E","BOSS"],"items_purchased_type":["Card","Card","Card","Relic"],"build_version":"2020-12-22","purchased_purges":2,"victory":true,"max_hp_per_floor":[80,80,80,80,80,80,80,80,80,80,80,80,80,80,80,80,80,80,80,80,80,80,80,80,80,80,80,80,80,80,80,80,80,80,80,80,80,80,80,80,80,80,80,80,80,80,80,80,80,80,80,80,80,80,80,80,80],"relic_stats":{"counters":[29,147],"Sundial":[24],"Shuriken":[36],"Dead Branch":[601],"Snecko Eye":[136,110,118,121],"Eternal Feather":22,"War Paint":["Defend_R","hubris:ReadiedAction"],"Boot":[10],"obtain_stats":[{"conspire:Dentures":6,"Potion Belt":28,"Dead Branch":0,"Eternal Feather":49,"The Courier":43,"Replay:Mystery Machine":8,"War Paint":55,"Boot":47,"Burning Blood":0,"Pet Ghost":9,"Frozen Eye":55,"ReplayTheSpireMod:Spearhead":32,"Sundial":5,"Shuriken":29,"Snecko Eye":36,"Coffee Dripper":17,"Snack Pack":24,"Bag of Marbles":55,"infinitespire:Eraser":56,"hubris:NiceRug":55},{"conspire:Dentures":3,"Potion Belt":12,"Dead Branch":0,"Eternal Feather":24,"The Courier":21,"Replay:Mystery Machine":4,"War Paint":27,"Boot":22,"Burning Blood":0,"Pet Ghost":4,"Frozen Eye":27,"ReplayTheSpireMod:Spearhead":14,"Sundial":2,"Shuriken":12,"Snecko Eye":16,"Coffee Dripper":7,"Snack Pack":12,"Bag of Marbles":27,"infinitespire:Eraser":28,"hubris:NiceRug":27},{"conspire:Dentures":16,"Potion Belt":63,"Dead Branch":0,"Eternal Feather":124,"The Courier":112,"Replay:Mystery Machine":21,"War Paint":138,"Boot":114,"Burning Blood":0,"Pet Ghost":21,"Frozen Eye":138,"ReplayTheSpireMod:Spearhead":75,"Sundial":7,"Shuriken":63,"Snecko Eye":93,"Coffee Dripper":40,"Snack Pack":63,"Bag of Marbles":138,"infinitespire:Eraser":140,"hubris:NiceRug":138}],"Burning Blood":164},"card_choices":[{"not_picked":["Thunderclap","Flex"],"picked":"Clothesline","floor":1.0},{"not_picked":["infinitespire:SevenWalls","hubris:Rewind"],"picked":"infinitespire:Collect","floor":2.0},{"not_picked":["ReplayTheSpireMod:LeadingStrike","Iron Wave"],"picked":"ReplayTheSpireMod:Strike From Hell","floor":4.0},{"not_picked":["Anger","Clothesline"],"picked":"True Grit","floor":6.0},{"not_picked":["Exhume","Twin Strike"],"picked":"Disarm","floor":8.0},{"not_picked":["Massacre","Blood for Blood"],"picked":"Sever Soul","floor":10.0},{"not_picked":["Run Through","Heavy Blade"],"picked":"Shrug It Off","floor":14.0},{"not_picked":["Juggernaut","Replay:Many Hands"],"picked":"Fiend Fire","floor":16.0},{"not_picked":["Run Through","Pommel Strike","Armaments"],"picked":"SKIP","floor":18.0},{"not_picked":["Armaments","Reckless Charge+1","Second Wind"],"picked":"SKIP","floor":19.0},{"not_picked":["Armaments","Searing Blow"],"picked":"Rampage","floor":21.0},{"not_picked":["Flex","Battle Trance"],"picked":"Ghostly Armor","floor":22.0},{"not_picked":["Havoc","Replay:Undeath\u0027s Touch","Clash+1"],"picked":"SKIP","floor":24.0},{"not_picked":["Pommel Strike","hubris:CleavingFinish"],"picked":"ReplayTheSpireMod:Stacked","floor":30.0},{"not_picked":["Blood for Blood","Dropkick"],"picked":"Sword Boomerang","floor":32.0},{"not_picked":["Replay:Undeath\u0027s Touch+1","Thunderclap","Anger"],"picked":"SKIP","floor":33.0},{"not_picked":["Wild Strike+1","Body Slam"],"picked":"Armaments+1","floor":37.0},{"not_picked":["Feel No Pain","ReplayTheSpireMod:Limb From Limb"],"picked":"hubris:ReadiedAction+1","floor":38.0},{"not_picked":["Heavy Blade","Body Slam","Sword Boomerang"],"picked":"SKIP","floor":39.0},{"not_picked":["ReplayTheSpireMod:LeadingStrike","Warcry","Pommel Strike"],"picked":"SKIP","floor":40.0},{"not_picked":["ReplayTheSpireMod:Strike From Hell","ReplayTheSpireMod:Stacked+1"],"picked":"Defy Death","floor":43.0},{"not_picked":["Replay:Undeath\u0027s Touch+1","Intimidate","Headbutt"],"picked":"SKIP","floor":44.0},{"not_picked":["Twin Strike","Flex+1","Pommel Strike"],"picked":"SKIP","floor":48.0},{"not_picked":["Body Slam","Cleave","ReplayTheSpireMod:Strike From Hell+1"],"picked":"SKIP","floor":49.0},{"not_picked":["Run Through+1","Cleave+1"],"picked":"Immolate","floor":50.0},{"not_picked":[],"picked":"Shrug It Off","floor":55.0},{"not_picked":["Heavy Blade"],"picked":"SKIP","floor":55.0},{"not_picked":["Hemokinesis"],"picked":"SKIP","floor":55.0},{"not_picked":["Flex"],"picked":"SKIP","floor":55.0},{"not_picked":["Dark Embrace"],"picked":"SKIP","floor":55.0},{"not_picked":["Impatience"],"picked":"SKIP","floor":55.0},{"not_picked":["Secret Weapon"],"picked":"SKIP","floor":55.0},{"not_picked":["Shrug It Off","Cleave+1"],"picked":"Disarm","floor":56}],"player_experience":918650,"relics_obtained":[{"floor":5.0,"key":"Sundial"},{"floor":6.0,"key":"conspire:Dentures"},{"floor":8.0,"key":"Replay:Mystery Machine"},{"floor":9.0,"key":"Pet Ghost"},{"floor":24.0,"key":"Snack Pack"},{"floor":28.0,"key":"Potion Belt"},{"floor":32.0,"key":"ReplayTheSpireMod:Spearhead"},{"floor":43.0,"key":"The Courier"},{"floor":49.0,"key":"Eternal Feather"},{"floor":55.0,"key":"Bag of Marbles"},{"floor":55.0,"key":"Frozen Eye"},{"floor":55.0,"key":"War Paint"},{"floor":56,"key":"infinitespire:Eraser"}],"event_choices":[{"damage_healed":0.0,"max_hp_gain":0.0,"max_hp_loss":0.0,"gold_gain":67.0,"event_name":"Golden Wing","player_choice":"Gained Gold","floor":3.0,"gold_loss":0.0,"damage_taken":0.0},{"cards_removed":["Strike_R"],"damage_healed":0.0,"max_hp_gain":0.0,"max_hp_loss":0.0,"gold_gain":0.0,"event_name":"Purifier","player_choice":"Purged","floor":20.0,"gold_loss":0.0,"damage_taken":0.0},{"damage_healed":0.0,"max_hp_gain":0.0,"max_hp_loss":0.0,"gold_gain":100.0,"event_name":"Golden Shrine","player_choice":"Pray","floor":31.0,"gold_loss":0.0,"damage_taken":0.0}],"is_beta":false,"boss_relics":[{"not_picked":["Ectoplasm","Ooze Armor"],"picked":"Coffee Dripper"},{"not_picked":["Replay:Drink Me","conspire:SlowCooker"],"picked":"Snecko Eye"}],"items_purged_floors":[47,55],"is_endless":false,"potions_floor_spawned":[4,8,10,19,21,30,33,40,43,50],"ascension_level":13}}