{"host":"ft2xazkv7v30fddt","time":1609002116,"event":{"mods":["AchievementEnabler","Act Like it!","Aspiration","Astrologer","Bard","BaseMod","Better Altar","Better Match","Better Note","Better Sensory Stone","Better Skull","CapriCore","Chen","Colored Powertips","Downfall","Elementarium","Energized Spire","GifTheSpireLib","Gremlin Mod","Hermit","Hubris","Infinite Spire","KinomotoSakuraMod(????)","Koishi","Marisa????????","Minty Spire (QoL Compilation)","Pale of the Ancients","Permanent Neow","Potionbrewer","Prisma Mod","Replay The Spire","StSLib","Stuff the Spire","The Blackbeard","The Bladedancer","The Construct","The Cursed","The Forsaken","The Gatherer","The Hayseed","The Immortal","The Runesmith","The Servant 0.9.4","The Showman","The Vixen","TheArtist","TheSwordswoman","Wandering Minibosses","thorton","vexMod"],"gold_per_floor":[99,117,133,133,133,133,133,133,151,151,251,268,76,95,108,212,212,212,212,276,172,222,282,356,375,389,439,439,455,455,475,487,590,590,590,609,659,709,769,404,427,440,485,502,18,34,34,64,81,81],"floor_reached":51,"playtime":2605,"items_purged":["StuffTheSpire:CuriosityCurse","Slimebound:Strike_Slimebound","Slimebound:Strike_Slimebound","Slimebound:Strike_Slimebound","Slimebound:Defend_Slimebound"],"score":985,"play_id":"61b397de-9fe0-4a6c-b825-0639d58e5fc3","local_time":"20201227010156","is_ascension_mode":true,"campfire_choices":[{"data":"Slimebound:Split","floor":1,"key":"SMITH"},{"data":"Slimebound:SamplingLick","floor":6,"key":"SMITH"},{"data":"Slimebound:SplitLeeching","floor":8,"key":"SMITH"},{"data":"Slimebound:RollThrough","floor":10,"key":"SMITH"},{"floor":18,"key":"DIG"},{"data":"Slimebound:CheckThePlaybook","floor":28,"key":"SMITH"},{"data":"Slimebound:MegaLick","floor":30,"key":"SMITH"},{"floor":35,"key":"DIG"},{"data":"Slimebound:LeadByExample","floor":47,"key":"SMITH"}],"circlet_count":0,"master_deck":["Slimebound:Defend_Slimebound","Slimebound:Defend_Slimebound","Slimebound:Defend_Slimebound","Slimebound:Split+1","Slimebound:CorrosiveSpit","Slimebound:SamplingLick+1","Slimebound:RollThrough+1","Slimebound:SplitLeeching+1","Slimebound:PressTheAttack","Slimebound:FinishingTackle","Slimebound:CheckThePlaybook+1","Slimebound:RallyTheTroops+1","Slimebound:MegaLick+1","Slimebound:Recycling","Slimebound:LeadByExample+1","StuffTheSpire:WarGroove+1","Slimebound:HauntingLick+1","Slimebound:LevelUp+1","Slimebound:Darklings","Slimebound:ComboTackle+1","Slimebound:DivideAndConquer+1","Slimebound:Repurpose","expansioncontent:Chronoboost","Slimebound:SlimeBrawl+1","expansioncontent:Flail","Slimebound:Prepare+1"],"relics":["Slimebound:AbsorbEndCombat","infinitespire:Magic Flask","potionbrewer:BottledElixir","downfall:CloakOfManyFaces","CultistMask","FaceOfCleric","NlothsMask","GremlinMask","SsserpentHead","Replay:Grab Bag","vexMod:DeviousBotling","Busted Crown","thethorton:BottledFunds","potionbrewer:BhaskarasWheel","Iron Hammer","construct:ClawGrip","Ornamental Fan","HornCleat","Sozu","infinitespire:Satchel","Slimebound:SelfDamagePreventRelic","StuffTheSpire:EmeraldSignet","Toy Ornithopter","StuffTheSpire:CocoNut","Singing Bowl","Runesmith:AutoHammer"],"acts_visited":["Exordium","TheCity","TheBeyond"],"potions_floor_usage":[21,23,25,50,50,50],"damage_taken":[{"damage":0,"enemies":"2 Louse","floor":2,"turns":2},{"damage":8,"enemies":"Small Slimes","floor":3,"turns":2},{"damage":12,"enemies":"Cultist","floor":9,"turns":3},{"damage":25,"enemies":"downfall:FaceTrader","floor":11,"turns":6},{"damage":21,"enemies":"Red Slaver","floor":12,"turns":3},{"damage":12,"enemies":"downfall:FleeingMerchant","floor":13,"turns":4},{"damage":13,"enemies":"Large Slime","floor":14,"turns":4},{"damage":32,"enemies":"Exordium Thugs","floor":15,"turns":3},{"damage":65,"enemies":"downfall:Ironclad","floor":16,"turns":7},{"damage":12,"enemies":"Shell Parasite","floor":20,"turns":3},{"damage":34,"enemies":"downfall:FleeingMerchant","floor":21,"turns":4},{"damage":8,"enemies":"Centurion and Healer","floor":23,"turns":3},{"damage":19,"enemies":"Sentry and Sphere","floor":25,"turns":4},{"damage":16,"enemies":"Shelled Parasite and Fungi","floor":26,"turns":4},{"damage":12,"enemies":"3 Cultists","floor":29,"turns":3},{"damage":4,"enemies":"Centurion and Healer","floor":31,"turns":3},{"damage":12,"enemies":"Cultist and Chosen","floor":32,"turns":3},{"damage":38,"enemies":"downfall:Defect","floor":33,"turns":4},{"damage":6,"enemies":"3 Shapes","floor":36,"turns":2},{"damage":0,"enemies":"Orb Walker","floor":39,"turns":1},{"damage":6,"enemies":"downfall:FleeingMerchant","floor":40,"turns":1},{"damage":32,"enemies":"Spire Growth","floor":42,"turns":3},{"damage":16,"enemies":"Spire Growth","floor":43,"turns":2},{"damage":34,"enemies":"Nemesis","floor":44,"turns":3},{"damage":9,"enemies":"4 Shapes","floor":46,"turns":2},{"damage":20,"enemies":"Giant Head","floor":48,"turns":3},{"damage":16,"enemies":"Maw","floor":49,"turns":4},{"damage":65,"enemies":"downfall:Silent","floor":50,"turns":4}],"seed_played":"-8683692653687748079","potions_obtained":[{"floor":2,"key":"FearPotion"},{"floor":11,"key":"Doom Potion"},{"floor":14,"key":"hexamod:EctoCoolerPotion"},{"floor":20,"key":"potionbrewer:AcidPotion"},{"floor":25,"key":"potionbrewer:BlacksmithPotion"},{"floor":31,"key":"Fire Potion"},{"floor":32,"key":"potionbrewer:EndurancePotion"}],"is_trial":false,"path_per_floor":["R","M","M","?","?","R","T","R","M","R","?","M","$","M","M","B",null,"R","AVR","M","$","?","M","T","M","M","T","R","M","R","M","M","B",null,"R","M","?","?","M","$","T","M","?","E","$","M","R","E","M","B",null],"character_chosen":"SLIMEBOUND","items_purchased":["Slimebound:RallyTheTroops+1","Slimebound:LeadByExample","Slimebound:SelfDamagePreventRelic","Slimebound:Repurpose","StuffTheSpire:EmeraldSignet","expansioncontent:Chronoboost","expansioncontent:Flail","Singing Bowl"],"campfire_rested":0,"item_purchase_floors":[13,21,40,40,40,40,45,45],"current_hp_per_floor":[60,60,60,60,60,60,60,60,60,60,51,47,56,63,52,40,65,65,65,66,67,47,48,48,54,70,70,70,71,71,72,73,74,74,74,75,75,75,76,77,77,70,77,77,77,90,90,93,94,72],"gold":81,"neow_bonus":"THREE_CARDS","is_daily":false,"chose_seed":false,"campfire_upgraded":7,"win_rate":0.0,"timestamp":1609002116,"path_taken":["R","M","M","?","?","R","T","R","M","R","?","M","$","M","M","BOSS","R","AVR","?","?","?","?","T","M","M","?","R","M","R","M","M","BOSS","R","M","?","?","?","$","T","M","?","E","$","M","R","E","M","BOSS"],"items_purchased_type":["Card","Card","Relic","Card","Relic","Card","Card","Relic"],"build_version":"2020-12-22","purchased_purges":5,"victory":true,"max_hp_per_floor":[60,60,60,60,60,60,60,60,60,60,60,61,62,63,64,65,65,65,65,66,67,67,68,68,69,70,70,70,71,71,72,73,74,74,74,75,75,75,76,77,77,78,79,87,87,90,90,93,94,95],"card_choices":[{"not_picked":["Slimebound:LevelUp","Slimebound:LivingWall"],"picked":"Slimebound:SamplingLick","floor":0},{"not_picked":["Slimebound:DisruptingSlam","Slimebound:ComboTackle"],"picked":"Slimebound:RollThrough","floor":2},{"not_picked":["Slimebound:SlimeSlap","Slimebound:LeechingTouch"],"picked":"Slimebound:SplitLeeching","floor":3},{"not_picked":["Slimebound:DivideAndConquer","Slimebound:Equalize"],"picked":"Slimebound:PressTheAttack","floor":9},{"not_picked":["Slimebound:Schlurp","Slimebound:SlimeSpikes"],"picked":"Slimebound:FinishingTackle","floor":11},{"not_picked":["Slimebound:SplitLeeching","Slimebound:LeechingTouch","Slimebound:GoopSpray"],"picked":"SKIP","floor":12},{"not_picked":["Slimebound:GrowthPunch","Slimebound:SplitLeeching"],"picked":"Slimebound:CheckThePlaybook","floor":13},{"not_picked":["Slimebound:SplitLeeching","Slimebound:LeechEnergy","Slimebound:SplitAcid"],"picked":"SKIP","floor":14},{"not_picked":["Slimebound:HungryTackle","Slimebound:Schlurp"],"picked":"Slimebound:MegaLick","floor":15},{"not_picked":["Slimebound:MinionMaster","Slimebound:OozeBath"],"picked":"Slimebound:Recycling","floor":16},{"not_picked":["Slimebound:GrowthPunch"],"picked":"SKIP","floor":20},{"not_picked":["Slimebound:DisruptingSlam"],"picked":"SKIP","floor":21},{"not_picked":[],"picked":"Slimebound:HauntingLick+1","floor":23},{"not_picked":["Slimebound:LeechingTouch"],"picked":"SKIP","floor":25},{"not_picked":["Slimebound:SplitAcid"],"picked":"SKIP","floor":26},{"not_picked":["Slimebound:FormOfPuddle"],"picked":"SKIP","floor":29},{"not_picked":["Slimebound:ViciousTackle"],"picked":"SKIP","floor":31},{"not_picked":["Slimebound:ViciousTackle"],"picked":"SKIP","floor":31},{"not_picked":[],"picked":"Slimebound:LevelUp+1","floor":32},{"not_picked":["Slimebound:HauntingLick+1"],"picked":"SKIP","floor":36},{"not_picked":[],"picked":"Slimebound:ComboTackle+1","floor":39},{"not_picked":[],"picked":"Slimebound:DivideAndConquer+1","floor":40},{"not_picked":["Slimebound:FinishingTackle+1"],"picked":"SKIP","floor":42},{"not_picked":[],"picked":"Slimebound:SlimeBrawl+1","floor":44},{"not_picked":["Slimebound:Schlurp+1"],"picked":"Singing Bowl","floor":46},{"not_picked":["Slimebound:DisruptingSlam"],"picked":"Singing Bowl","floor":48},{"not_picked":[],"picked":"Slimebound:Prepare+1","floor":49}],"player_experience":1632248,"relics_obtained":[{"floor":7,"key":"potionbrewer:BottledElixir"},{"floor":11,"key":"downfall:CloakOfManyFaces"},{"floor":18,"key":"Iron Hammer"},{"floor":27,"key":"HornCleat"},{"floor":35,"key":"infinitespire:Satchel"},{"floor":41,"key":"Toy Ornithopter"},{"floor":44,"key":"StuffTheSpire:CocoNut"},{"floor":48,"key":"Runesmith:AutoHammer"}],"event_choices":[],"is_beta":false,"boss_relics":[{"not_picked":["Tiny House","Honey Jar"],"picked":"Replay:Grab Bag"},{"not_picked":["StuffTheSpire:RunicConfusion","Replay:Wanted Poster"],"picked":"vexMod:DeviousBotling"},{"not_picked":["vexMod:TanglingVine","energizedSpire:HugeHouse"],"picked":"Busted Crown"},{"not_picked":["aspiration:WatcherSkillbook","Black Star"],"picked":"thethorton:BottledFunds"},{"not_picked":["aspiration:MarisaSkillbook","aspiration:MobileForge"],"picked":"potionbrewer:BhaskarasWheel"},{"not_picked":["hubris:ScarierMask","vexMod:MysteryBossChallenge"],"picked":"Sozu"}],"items_purged_floors":[13,19,21,40,45],"is_endless":false,"potions_floor_spawned":[2,11,14,15,20,25,31,32,33,43,44,46,48],"ascension_level":1}}