{"host":"kzpuingyul43kz0j","time":1609011138,"event":{"mods":["2.2 Compatiblity","BaseMod","Bestiary","Better Skull","BetterRewards","Colored Map","Colored Powertips","Downfall","Highlight Path","Keyboard Shortcuts","Minty Spire (QoL Compilation)","Relic Stats","StSLib","Uncapped"],"gold_per_floor":[112,112,112,112,112,112,139,139,139,139,139,155,188,77,77,182,182,197,214,214,225,225,258,258,125,152,172,172,188,223,235,235,338,338,349,360,374,2,16,16,31,41,41,41,61,77,108,124,124,124],"floor_reached":51,"playtime":3491,"items_purged":["Defend_B","Strike_B","Strike_B"],"score":1083,"play_id":"e2761e6d-a86d-48f5-a4be-61a81fbc23f9","local_time":"20201226203218","is_ascension_mode":false,"campfire_choices":[{"data":"Dualcast","floor":6,"key":"SMITH"},{"data":"Zap","floor":8,"key":"SMITH"},{"data":"Blizzard","floor":10,"key":"SMITH"},{"data":"Loop","floor":15,"key":"SMITH"},{"data":"1","floor":24,"key":"LIFT"},{"data":"2","floor":28,"key":"LIFT"},{"floor":32,"key":"REST"},{"data":"Creative AI","floor":40,"key":"SMITH"},{"data":"Heatsinks","floor":44,"key":"SMITH"},{"data":"Machine Learning","floor":49,"key":"SMITH"}],"circlet_count":0,"master_deck":["Strike_B","Defend_B","Defend_B","Zap+1","Dualcast+1","Leap","Blizzard+1","Heatsinks+1","Glacier","Defragment","Steam","Conserve Battery","Cold Snap","Cold Snap","Hologram","Loop+1","Creative AI+1","Steam","Defragment","Writhe","Capacitor+1","Blizzard","Coolheaded","Cold Snap","Cold Snap","Machine Learning+1","CurseOfTheBell","Enlightenment","Storm+1","Coolheaded+1","Core Surge"],"relics":["Cracked Core","WingedGreaves","FrozenCore","Pen Nib","FossilizedHelix","Potion Belt","Sozu","Girya","Lantern","Bronze Scales","Incense Burner","Calling Bell","Bag of Preparation","Ornamental Fan","Thread and Needle","ClockworkSouvenir","TungstenRod","Blood Vial"],"acts_visited":["Exordium","TheCity","TheBeyond"],"potions_floor_usage":[7,13,21,23],"damage_taken":[{"damage":2,"enemies":"2 Louse","floor":1,"turns":3},{"damage":0,"enemies":"Small Slimes","floor":5,"turns":3},{"damage":2,"enemies":"Lagavulin","floor":7,"turns":8},{"damage":0,"enemies":"Cultist","floor":11,"turns":4},{"damage":5,"enemies":"3 Louse","floor":12,"turns":3},{"damage":0,"enemies":"3 Sentries","floor":13,"turns":8},{"damage":0,"enemies":"Slime Boss","floor":16,"turns":11},{"damage":12,"enemies":"2 Thieves","floor":18,"turns":4},{"damage":0,"enemies":"Spheric Guardian","floor":19,"turns":5},{"damage":0,"enemies":"Centurion and Healer","floor":21,"turns":9},{"damage":31,"enemies":"Slavers","floor":23,"turns":8},{"damage":0,"enemies":"Snecko","floor":27,"turns":6},{"damage":0,"enemies":"Cultist and Chosen","floor":29,"turns":7},{"damage":1,"enemies":"Book of Stabbing","floor":30,"turns":6},{"damage":14,"enemies":"Snake Plant","floor":31,"turns":5},{"damage":0,"enemies":"Champ","floor":33,"turns":12},{"damage":0,"enemies":"3 Shapes","floor":35,"turns":5},{"damage":0,"enemies":"Orb Walker","floor":36,"turns":4},{"damage":0,"enemies":"Maw","floor":37,"turns":8},{"damage":0,"enemies":"3 Darklings","floor":39,"turns":5},{"damage":9,"enemies":"4 Shapes","floor":41,"turns":5},{"damage":1,"enemies":"Sphere and 2 Shapes","floor":42,"turns":5},{"damage":0,"enemies":"Spire Growth","floor":45,"turns":7},{"damage":2,"enemies":"Jaw Worm Horde","floor":46,"turns":3},{"damage":0,"enemies":"Nemesis","floor":47,"turns":7},{"damage":6,"enemies":"3 Darklings","floor":48,"turns":4},{"damage":25,"enemies":"Donu and Deca","floor":50,"turns":7}],"seed_played":"1562910277560408346","potions_obtained":[{"floor":1,"key":"Dexterity Potion"},{"floor":7,"key":"Swift Potion"},{"floor":11,"key":"LiquidMemories"},{"floor":13,"key":"CultistPotion"},{"floor":16,"key":"SmokeBomb"}],"is_trial":false,"path_per_floor":["M","?","?","?","M","R","E","R","T","R","M","M","E","$","R","B",null,"M","M","?","M","?","E","R","$","T","M","R","M","E","M","R","B",null,"M","M","M","$","M","R","M","M","T","R","M","M","E","M","R","B",null],"character_chosen":"DEFECT","items_purchased":["Leap","Blizzard","Heatsinks","Loop","Blizzard","ClockworkSouvenir","Enlightenment"],"campfire_rested":1,"item_purchase_floors":[0,0,0,14,25,38,38],"current_hp_per_floor":[53,46,71,71,71,71,69,69,69,69,69,64,64,64,64,64,75,63,63,63,63,56,25,25,25,25,25,25,25,24,10,32,32,75,75,75,75,75,75,75,66,65,65,65,65,63,63,59,59,36],"gold":124,"neow_bonus":"","is_daily":false,"chose_seed":false,"campfire_upgraded":7,"win_rate":0.0,"timestamp":1609011138,"path_taken":["M","?","?","?","M","R","E","R","T","R","M","?","E","$","R","BOSS","M","M","?","M","?","E","R","$","T","M","R","M","E","M","R","BOSS","M","M","M","$","M","R","M","?","T","R","M","M","E","M","R","BOSS"],"items_purchased_type":["Card","Card","Card","Card","Card","Relic","Card"],"build_version":"2020-12-22","purchased_purges":3,"victory":true,"max_hp_per_floor":[75,75,75,75,75,75,75,75,75,75,75,75,75,75,75,75,75,75,75,75,75,75,75,75,75,75,75,75,75,75,75,75,75,75,75,75,75,75,75,75,75,75,75,75,75,75,75,75,75,75],"relic_stats":{"Sozu":6,"Blood Vial":4,"counters":[121,568],"Ornamental Fan":[104],"Bronze Scales":[285],"Pen Nib":[18],"Bag of Preparation":[22],"obtain_stats":[{"Whetstone":12,"FrozenCore":0,"Sozu":17,"Blood Vial":47,"Centennial Puzzle":10,"Lizard Tail":9,"Strawberry":22,"MealTicket":9,"Kunai":9,"Toxic Egg 2":0,"Girya":20,"Happy Flower":26,"downfall:HeartsMalice":0,"Pen Nib":9,"War Paint":26,"SlaversCollar":17,"Bronze Scales":9,"Molten Egg 2":7,"Black Star":17,"Meat on the Bone":28,"Lantern":23,"SacredBark":17,"Mango":0,"Bag of Preparation":21,"Incense Burner":30,"Smiling Mask":8,"Cursed Key":34,"ClockworkSouvenir":38,"Dream Catcher":28,"Nunchaku":24,"WingedGreaves":0,"Cracked Core":0,"InkBottle":27,"Potion Belt":19,"Lee\u0027s Waffle":24,"Inserter":17,"NeowsBlessing":0,"Golden Idol":8,"Thread and Needle":0,"PreservedInsect":19,"Omamori":0,"Frozen Egg 2":26,"Orichalcum":26,"MawBank":24,"Medical Kit":24,"White Beast Statue":27,"Mercury Hourglass":2,"Calling Bell":34,"Busted Crown":17,"Ornamental Fan":9,"Bottled Lightning":26,"Toy Ornithopter":19,"FossilizedHelix":9,"TungstenRod":43},{"Whetstone":51,"FrozenCore":94,"Sozu":101,"Blood Vial":119,"Centennial Puzzle":35,"Lizard Tail":77,"Strawberry":56,"MealTicket":20,"Kunai":12,"Toxic Egg 2":61,"Girya":103,"Happy Flower":44,"downfall:HeartsMalice":9,"Pen Nib":1,"War Paint":71,"SlaversCollar":24,"Bronze Scales":35,"Molten Egg 2":11,"Black Star":39,"Meat on the Bone":71,"Lantern":105,"SacredBark":5,"Mango":46,"Bag of Preparation":70,"Incense Burner":108,"Smiling Mask":77,"Cursed Key":89,"ClockworkSouvenir":113,"Dream Catcher":45,"Nunchaku":84,"WingedGreaves":94,"Cracked Core":0,"InkBottle":45,"Potion Belt":81,"Lee\u0027s Waffle":43,"Inserter":80,"NeowsBlessing":0,"Golden Idol":20,"Thread and Needle":46,"PreservedInsect":25,"Omamori":30,"Frozen Egg 2":27,"Orichalcum":57,"MawBank":27,"Medical Kit":71,"White Beast Statue":45,"Mercury Hourglass":1,"Calling Bell":110,"Busted Crown":68,"Ornamental Fan":50,"Bottled Lightning":84,"Toy Ornithopter":81,"FossilizedHelix":97,"TungstenRod":116},{"Whetstone":200,"FrozenCore":406,"Sozu":446,"Blood Vial":557,"Centennial Puzzle":129,"Lizard Tail":316,"Strawberry":223,"MealTicket":69,"Kunai":33,"Toxic Egg 2":245,"Girya":455,"Happy Flower":175,"downfall:HeartsMalice":30,"Pen Nib":1,"War Paint":292,"SlaversCollar":91,"Bronze Scales":129,"Molten Egg 2":32,"Black Star":146,"Meat on the Bone":292,"Lantern":472,"SacredBark":13,"Mango":189,"Bag of Preparation":286,"Incense Burner":491,"Smiling Mask":316,"Cursed Key":387,"ClockworkSouvenir":525,"Dream Catcher":185,"Nunchaku":360,"WingedGreaves":406,"Cracked Core":0,"InkBottle":185,"Potion Belt":343,"Lee\u0027s Waffle":168,"Inserter":338,"NeowsBlessing":0,"Golden Idol":69,"Thread and Needle":189,"PreservedInsect":96,"Omamori":115,"Frozen Egg 2":107,"Orichalcum":228,"MawBank":107,"Medical Kit":292,"White Beast Statue":185,"Mercury Hourglass":1,"Calling Bell":508,"Busted Crown":274,"Ornamental Fan":197,"Bottled Lightning":360,"Toy Ornithopter":343,"FossilizedHelix":420,"TungstenRod":540}],"TungstenRod":5,"FrozenCore":[53]},"card_choices":[{"not_picked":["Steam","FTL"],"picked":"Glacier","floor":1},{"not_picked":["Gash","Compile Driver"],"picked":"Steam","floor":5},{"not_picked":["Thunder Strike","Sunder"],"picked":"Conserve Battery","floor":7},{"not_picked":["Steam","Hologram"],"picked":"Cold Snap","floor":11},{"not_picked":["Beam Cell","Rip and Tear"],"picked":"Cold Snap","floor":12},{"not_picked":["Beam Cell","Darkness"],"picked":"Hologram","floor":13},{"not_picked":["Amplify","Buffer"],"picked":"Creative AI","floor":16},{"not_picked":["Rebound","Fusion"],"picked":"Steam","floor":18},{"not_picked":["Consume","Lockon"],"picked":"Defragment","floor":19},{"not_picked":["Ball Lightning","Streamline"],"picked":"Capacitor+1","floor":21},{"not_picked":["Static Discharge+1","Chaos","Lockon+1"],"picked":"SKIP","floor":23},{"not_picked":["Go for the Eyes","Reboot","Fusion"],"picked":"SKIP","floor":27},{"not_picked":["Turbo","Ball Lightning"],"picked":"Coolheaded","floor":29},{"not_picked":["Leap+1","Auto Shields"],"picked":"Cold Snap","floor":30},{"not_picked":["Gash","Leap+1"],"picked":"Cold Snap","floor":31},{"not_picked":["Multi-Cast","Echo Form"],"picked":"Machine Learning","floor":33},{"not_picked":["Go for the Eyes","Beam Cell","Coolheaded"],"picked":"SKIP","floor":35},{"not_picked":["Darkness+1","Cold Snap","Stack"],"picked":"SKIP","floor":36},{"not_picked":["Conserve Battery","Gash","Beam Cell+1"],"picked":"SKIP","floor":37},{"not_picked":["Consume","Melter+1","Ball Lightning+1"],"picked":"SKIP","floor":39},{"not_picked":["Heatsinks","Rainbow","Sweeping Beam+1"],"picked":"SKIP","floor":41},{"not_picked":["Beam Cell+1","Doom and Gloom","Blizzard+1"],"picked":"SKIP","floor":42},{"not_picked":["Static Discharge+1","Leap"],"picked":"Storm+1","floor":45},{"not_picked":["Static Discharge+1","Genetic Algorithm","Turbo"],"picked":"SKIP","floor":46},{"not_picked":["Turbo+1","Go for the Eyes"],"picked":"Coolheaded+1","floor":47},{"not_picked":["Sweeping Beam","Cold Snap+1"],"picked":"Core Surge","floor":48}],"player_experience":59566,"relics_obtained":[{"floor":7,"key":"Pen Nib"},{"floor":9,"key":"FossilizedHelix"},{"floor":13,"key":"Potion Belt"},{"floor":23,"key":"Lantern"},{"floor":26,"key":"Bronze Scales"},{"floor":30,"key":"Incense Burner"},{"floor":34,"key":"Bag of Preparation"},{"floor":34,"key":"Ornamental Fan"},{"floor":34,"key":"Thread and Needle"},{"floor":43,"key":"TungstenRod"},{"floor":47,"key":"Blood Vial"}],"event_choices":[{"cards_removed":["Defend_B"],"damage_healed":0,"gold_gain":0,"player_choice":"Card Removal","damage_taken":7,"max_hp_gain":0,"max_hp_loss":0,"event_name":"Golden Wing","floor":2,"gold_loss":0},{"damage_healed":25,"gold_gain":0,"player_choice":"Banana","damage_taken":0,"max_hp_gain":0,"max_hp_loss":0,"event_name":"Big Fish","floor":3,"gold_loss":0},{"damage_healed":0,"gold_gain":0,"cards_transformed":["Strike_B"],"player_choice":"Transformed","damage_taken":0,"max_hp_gain":0,"max_hp_loss":0,"event_name":"Transmorgrifier","floor":4,"gold_loss":0,"cards_obtained":["Defragment"]},{"damage_healed":0,"gold_gain":0,"player_choice":"Opened","damage_taken":0,"relics_obtained":["Girya"],"max_hp_gain":0,"max_hp_loss":0,"event_name":"The Mausoleum","floor":20,"gold_loss":0,"cards_obtained":["Writhe"]},{"damage_healed":0,"gold_gain":0,"player_choice":"Damaged","damage_taken":7,"max_hp_gain":0,"max_hp_loss":0,"event_name":"Wheel of Change","floor":22,"gold_loss":0}],"is_beta":false,"boss_relics":[{"not_picked":["Busted Crown","Nuclear Battery"],"picked":"Sozu"},{"not_picked":["Philosopher\u0027s Stone","Cursed Key"],"picked":"Calling Bell"}],"items_purged_floors":[14,25,38],"is_endless":false,"potions_floor_spawned":[1,7,11,13,16,18,29,35,39,45,47],"ascension_level":0}}