{"host":"ywt8u9kq80n9hc8s","time":1609020699,"event":{"mods":["AchievementEnabler","Alarm Clock","BaseMod","Better Altar","Better Match","Better Note","Better Sensory Stone","Better Skull","Better Third Choice","BetterRewards","Filter the Spire","Minty Spire (QoL Compilation)","Permanent Neow","Rare Cards Sparkle","StSLib"],"gold_per_floor":[116,132,152,4,43,43,43,100,100,427,469,469,469,559,559,687,687,731,741,434,434,451,510,510,538,563,124,183,31,66,85,85,214,214,227,237,280,109,188,220,245,337,360,418,490,532,554,52,52,52],"floor_reached":51,"playtime":4329,"items_purged":[],"score":1545,"play_id":"abae82a2-2e0f-4358-bb6a-13809b95cf00","local_time":"20201227001139","daily_mods":["Draft","Vintage","Diverse","Heirloom","Time Dilation","Flight","DeadlyEvents","Elite Swarm"],"is_ascension_mode":false,"campfire_choices":[{"data":"DevaForm","floor":6,"key":"SMITH"},{"data":"Echo Form","floor":7,"key":"SMITH"},{"data":"Wraith Form v2","floor":12,"key":"SMITH"},{"data":"Demon Form","floor":13,"key":"SMITH"},{"data":"Hologram","floor":15,"key":"SMITH"},{"data":"Storm","floor":24,"key":"SMITH"},{"floor":32,"key":"REST"},{"data":"Wireheading","floor":49,"key":"SMITH"}],"circlet_count":0,"master_deck":["Demon Form+1","Wraith Form v2+1","Echo Form+1","DevaForm+1","Underhanded Strike","Thunderclap","SashWhip","Storm+1","Backflip","Chaos","Hologram+1","Armaments","Wallop","ThirdEye+1","Iron Wave","CrushJoints+1","SandsOfTime","Tantrum","Blood for Blood+1","Wish+1","Omniscience","Barricade","Creative AI","MasterReality","Corruption","Exhume","Mayhem","Devotion","Wireheading+1"],"relics":["Snecko Eye","The Specimen","Akabeko","Pantograph","Mercury Hourglass","Mummified Hand","Snake Skull","Gremlin Horn","Old Coin","War Paint","Matryoshka","Black Star","Boot","Happy Flower","Bag of Marbles","Tiny Chest","Lantern","Regal Pillow","Bag of Preparation","Whetstone","Smiling Mask","Art of War","Orichalcum","Vajra","Ancient Tea Set","TwistedFunnel","Du-Vu Doll","Letter Opener","Toolbox","Dead Branch","Oddly Smooth Stone","MealTicket","Coffee Dripper","Anchor","Bottled Lightning","Potion Belt","Dream Catcher","Bronze Scales","Paper Crane","Ginger","Darkstone Periapt","Torii","Pear","CeramicFish","Omamori","Pen Nib","Thread and Needle","MawBank","Strawberry","StrikeDummy","PreservedInsect","Blood Vial","Sling","Toy Ornithopter"],"acts_visited":["Exordium","TheCity","TheBeyond"],"potions_floor_usage":[35],"damage_taken":[{"damage":0,"enemies":"Small Slimes","floor":1,"turns":2},{"damage":0,"enemies":"Jaw Worm","floor":2,"turns":2},{"damage":0,"enemies":"2 Louse","floor":3,"turns":1},{"damage":0,"enemies":"Exordium Wildlife","floor":5,"turns":1},{"damage":0,"enemies":"Lagavulin","floor":8,"turns":2},{"damage":0,"enemies":"3 Sentries","floor":10,"turns":2},{"damage":0,"enemies":"3 Louse","floor":11,"turns":1},{"damage":0,"enemies":"Lagavulin","floor":14,"turns":2},{"damage":0,"enemies":"The Guardian","floor":16,"turns":4},{"damage":0,"enemies":"Chosen","floor":18,"turns":2},{"damage":0,"enemies":"Shell Parasite","floor":19,"turns":1},{"damage":0,"enemies":"Snecko","floor":22,"turns":1},{"damage":0,"enemies":"Gremlin Leader","floor":23,"turns":2},{"damage":10,"enemies":"Slavers","floor":25,"turns":2},{"damage":6,"enemies":"Book of Stabbing","floor":28,"turns":2},{"damage":0,"enemies":"Gremlin Leader","floor":30,"turns":1},{"damage":0,"enemies":"Cultist and Chosen","floor":31,"turns":1},{"damage":0,"enemies":"Collector","floor":33,"turns":1},{"damage":0,"enemies":"Orb Walker","floor":35,"turns":1},{"damage":0,"enemies":"3 Darklings","floor":36,"turns":1},{"damage":0,"enemies":"4 Shapes","floor":37,"turns":1},{"damage":0,"enemies":"Maw","floor":39,"turns":2},{"damage":0,"enemies":"Nemesis","floor":40,"turns":1},{"damage":0,"enemies":"Giant Head","floor":41,"turns":1},{"damage":0,"enemies":"Reptomancer","floor":42,"turns":1},{"damage":0,"enemies":"Giant Head","floor":44,"turns":2},{"damage":0,"enemies":"Transient","floor":45,"turns":3},{"damage":0,"enemies":"Reptomancer","floor":46,"turns":1},{"damage":0,"enemies":"Spire Growth","floor":47,"turns":1},{"damage":0,"enemies":"Awakened One","floor":50,"turns":2}],"seed_played":"3405766802968385098","potions_obtained":[{"floor":2,"key":"CunningPotion"},{"floor":5,"key":"AttackPotion"},{"floor":8,"key":"SmokeBomb"},{"floor":10,"key":"SkillPotion"},{"floor":22,"key":"EssenceOfSteel"},{"floor":25,"key":"PowerPotion"},{"floor":33,"key":"SkillPotion"},{"floor":35,"key":"Fruit Juice"},{"floor":37,"key":"Fire Potion"},{"floor":40,"key":"Regen Potion"},{"floor":46,"key":"BlessingOfTheForge"}],"is_trial":true,"path_per_floor":["M","M","M","$","M","R","R","E","T","E","M","R","R","E","R","B",null,"M","M","$","?","M","E","R","E","T","$","E","$","E","M","R","B",null,"M","M","M","$","M","E","E","E","T","E","M","E","M","$","R","B",null],"character_chosen":"THE_SILENT","items_purchased":["Wish","Bag of Marbles","Tiny Chest","Vajra","Ancient Tea Set","TwistedFunnel","Toolbox","Mayhem","Blood Vial","Sling","Toy Ornithopter","Wireheading"],"campfire_rested":1,"item_purchase_floors":[4,20,20,27,27,27,29,38,48,48,48,48],"current_hp_per_floor":[70,70,70,70,70,70,70,70,70,70,70,70,70,70,70,70,70,70,70,70,70,70,70,70,60,60,60,54,54,54,54,70,70,70,75,75,75,75,75,75,75,85,85,85,85,92,92,92,92,92],"gold":52,"neow_bonus":"","is_daily":false,"chose_seed":false,"campfire_upgraded":7,"win_rate":0.0,"timestamp":1609020699,"path_taken":["M","M","M","$","M","R","R","E","T","E","M","R","R","E","R","BOSS","M","M","$","?","M","E","R","E","T","$","E","$","E","M","R","BOSS","M","M","M","$","M","E","E","E","T","E","M","E","M","$","R","BOSS"],"items_purchased_type":["Card","Relic","Relic","Relic","Relic","Relic","Relic","Card","Relic","Relic","Relic","Card"],"build_version":"2020-12-22","purchased_purges":0,"victory":true,"max_hp_per_floor":[70,70,70,70,70,70,70,70,70,70,70,70,70,70,70,70,70,70,70,70,70,70,70,70,70,70,70,70,70,70,70,70,70,70,75,75,75,75,75,75,75,85,85,85,85,92,92,92,92,92],"card_choices":[{"not_picked":["Protect","True Grit"],"picked":"Underhanded Strike","floor":0},{"not_picked":["BowlingBash","Deflect"],"picked":"Thunderclap","floor":0},{"not_picked":["Deadly Poison","Protect"],"picked":"SashWhip","floor":0},{"not_picked":["Quick Slash","Heavy Blade"],"picked":"Storm","floor":0},{"not_picked":["Clash","BattleHymn"],"picked":"Backflip","floor":0},{"not_picked":["Study","Well Laid Plans"],"picked":"Chaos","floor":0},{"not_picked":["Heavy Blade","Poisoned Stab"],"picked":"Hologram","floor":0},{"not_picked":["Gash","Rebound"],"picked":"Armaments","floor":0},{"not_picked":["Study","Auto Shields"],"picked":"Wallop","floor":0},{"not_picked":["BowlingBash","SashWhip"],"picked":"ThirdEye","floor":0},{"not_picked":["Clash","PathToVictory"],"picked":"Iron Wave","floor":0},{"not_picked":["Leap","Underhanded Strike"],"picked":"CrushJoints","floor":0},{"not_picked":["Dodge and Roll","Clash"],"picked":"SandsOfTime","floor":0},{"not_picked":["Sword Boomerang","Warcry"],"picked":"Tantrum","floor":0},{"not_picked":["Crescendo","Footwork"],"picked":"Blood for Blood","floor":0},{"not_picked":["All For One","Envenom"],"picked":"Omniscience","floor":8},{"not_picked":["Hyperbeam","Offering"],"picked":"Barricade","floor":10},{"not_picked":["Fission","Reaper"],"picked":"Creative AI","floor":14},{"not_picked":["Hyperbeam","After Image"],"picked":"MasterReality","floor":16},{"not_picked":["Juggernaut","Die Die Die"],"picked":"Corruption","floor":23},{"not_picked":["Reboot","Judgement","Envenom"],"picked":"SKIP","floor":25},{"not_picked":["Corpse Explosion","Immolate","Barricade"],"picked":"SKIP","floor":28},{"not_picked":["Corpse Explosion","Echo Form"],"picked":"Exhume","floor":30},{"not_picked":["Hyperbeam","Corruption","Blasphemy"],"picked":"SKIP","floor":40},{"not_picked":["Unload","All For One","Echo Form"],"picked":"SKIP","floor":41},{"not_picked":["Judgement","MasterReality"],"picked":"Devotion","floor":42},{"not_picked":["Corpse Explosion","DevaForm","ConjureBlade"],"picked":"SKIP","floor":44},{"not_picked":["Corpse Explosion","DevaForm","ConjureBlade"],"picked":"SKIP","floor":44},{"not_picked":["LessonLearned","Double Tap","Night Terror"],"picked":"SKIP","floor":46}],"player_experience":78099,"relics_obtained":[{"floor":1,"key":"Akabeko"},{"floor":2,"key":"Pantograph"},{"floor":3,"key":"Mercury Hourglass"},{"floor":5,"key":"Mummified Hand"},{"floor":8,"key":"Snake Skull"},{"floor":9,"key":"Gremlin Horn"},{"floor":10,"key":"Old Coin"},{"floor":11,"key":"War Paint"},{"floor":14,"key":"Matryoshka"},{"floor":18,"key":"Boot"},{"floor":19,"key":"Happy Flower"},{"floor":22,"key":"Lantern"},{"floor":23,"key":"Regal Pillow"},{"floor":23,"key":"Bag of Preparation"},{"floor":25,"key":"Whetstone"},{"floor":25,"key":"Smiling Mask"},{"floor":26,"key":"Art of War"},{"floor":26,"key":"Orichalcum"},{"floor":28,"key":"Du-Vu Doll"},{"floor":28,"key":"Letter Opener"},{"floor":30,"key":"Dead Branch"},{"floor":30,"key":"Oddly Smooth Stone"},{"floor":31,"key":"MealTicket"},{"floor":35,"key":"Anchor"},{"floor":36,"key":"Bottled Lightning"},{"floor":37,"key":"Potion Belt"},{"floor":39,"key":"Dream Catcher"},{"floor":40,"key":"Bronze Scales"},{"floor":40,"key":"Paper Crane"},{"floor":41,"key":"Ginger"},{"floor":41,"key":"Darkstone Periapt"},{"floor":42,"key":"Torii"},{"floor":42,"key":"Pear"},{"floor":43,"key":"CeramicFish"},{"floor":43,"key":"Omamori"},{"floor":44,"key":"Pen Nib"},{"floor":44,"key":"Thread and Needle"},{"floor":45,"key":"MawBank"},{"floor":46,"key":"Strawberry"},{"floor":46,"key":"StrikeDummy"},{"floor":47,"key":"PreservedInsect"}],"event_choices":[{"damage_healed":0,"gold_gain":0,"player_choice":"Ignored","damage_taken":0,"max_hp_gain":0,"max_hp_loss":0,"event_name":"betterNote:BetterNote","floor":21,"gold_loss":0,"cards_obtained":["DevaForm"]}],"is_beta":false,"boss_relics":[{"not_picked":["Ectoplasm","HoveringKite"],"picked":"Black Star"},{"not_picked":["SlaversCollar","Fusion Hammer"],"picked":"Coffee Dripper"}],"items_purged_floors":[],"is_endless":false,"potions_floor_spawned":[2,5,8,10,16,22,25,33,35,37,40,46],"ascension_level":0}}