{"host":"1ltt377nc7aury4n","time":1609007465,"event":{"mods":["AchievementEnabler","BaseMod","Best Route Mod","Colored Powertips","Minty Spire (QoL Compilation)","StSLib"],"gold_per_floor":[112,37,37,49,49,81,81,106,129,129,160,172,201,193,205,315,327,354,366,378,1,21,51,62,77,77,97,147,147,163,178,178,283,283,294,311,212,224,174,174,204,216,216,216,166,266,347,347,347,347],"floor_reached":51,"playtime":16752,"items_purged":["Strike_P","Regret","Strike_P","Defend_P","Strike_P"],"score":740,"play_id":"5d6a8b2c-e148-4b2f-ba5f-9815ec7df15b","local_time":"20201226133105","is_ascension_mode":true,"campfire_choices":[{"data":"Eruption","floor":7.0,"key":"SMITH"},{"floor":12.0,"key":"REST"},{"data":"DeusExMachina","floor":15.0,"key":"SMITH"},{"floor":29.0,"key":"REST"},{"floor":32.0,"key":"REST"},{"floor":40,"key":"REST"},{"data":"Scrawl","floor":44,"key":"SMITH"},{"data":"CrushJoints","floor":49,"key":"SMITH"}],"circlet_count":0,"master_deck":["Strike_P+1","Defend_P+1","Defend_P","Eruption+1","Vigilance+1","CrushJoints+1","CutThroughFate","LessonLearned","DeusExMachina+1","Consecrate+1","Evaluate","Ragnarok+1","EmptyMind","Crescendo+1","EmptyFist","CrushJoints+1","Scrawl+1","FearNoEvil","EmptyFist+1"],"relics":["PureWater","NeowsBlessing","Darkstone Periapt","Tiny Chest","Vajra","Smiling Mask","MawBank","SlaversCollar","Shuriken","HornCleat","Centennial Puzzle","Matryoshka","Busted Crown","Blood Vial","Boot","Eternal Feather","Damaru","Bottled Flame","Art of War"],"acts_visited":["Exordium","TheCity","TheBeyond"],"potions_floor_usage":[36,42],"damage_taken":[{"damage":0.0,"enemies":"2 Louse","floor":1.0,"turns":1.0},{"damage":0.0,"enemies":"Cultist","floor":4.0,"turns":1.0},{"damage":0.0,"enemies":"3 Sentries","floor":6.0,"turns":1.0},{"damage":21.0,"enemies":"Lagavulin","floor":8.0,"turns":3.0},{"damage":2.0,"enemies":"Small Slimes","floor":11.0,"turns":2.0},{"damage":0.0,"enemies":"2 Fungi Beasts","floor":13.0,"turns":1.0},{"damage":46.0,"enemies":"Hexaghost","floor":16.0,"turns":9.0},{"damage":20.0,"enemies":"Spheric Guardian","floor":18.0,"turns":3.0},{"damage":6.0,"enemies":"2 Thieves","floor":22.0,"turns":2.0},{"damage":14.0,"enemies":"Slavers","floor":23.0,"turns":2.0},{"damage":9.0,"enemies":"Centurion and Healer","floor":24.0,"turns":2.0},{"damage":0.0,"enemies":"Sentry and Sphere","floor":25.0,"turns":3.0},{"damage":7.0,"enemies":"Snake Plant","floor":27.0,"turns":3.0},{"damage":13.0,"enemies":"Shelled Parasite and Fungi","floor":30.0,"turns":2.0},{"damage":0.0,"enemies":"Cultist and Chosen","floor":31.0,"turns":3.0},{"damage":33.0,"enemies":"Collector","floor":33.0,"turns":5.0},{"damage":15.0,"enemies":"Orb Walker","floor":35.0,"turns":2.0},{"damage":1,"enemies":"3 Darklings","floor":36,"turns":3},{"damage":13,"enemies":"Spire Growth","floor":38,"turns":3},{"damage":0,"enemies":"Nemesis","floor":41,"turns":1},{"damage":20,"enemies":"Jaw Worm Horde","floor":42,"turns":2},{"damage":67,"enemies":"Awakened One","floor":50,"turns":6}],"seed_played":"2523944215785232155","potions_obtained":[{"floor":1.0,"key":"Strength Potion"},{"floor":4.0,"key":"BottledMiracle"},{"floor":6.0,"key":"AttackPotion"},{"floor":23.0,"key":"Weak Potion"},{"floor":25.0,"key":"LiquidBronze"},{"floor":27.0,"key":"BottledMiracle"},{"floor":35.0,"key":"SkillPotion"}],"is_trial":false,"path_per_floor":["M","$","?","M","T","E","R","E","T","?","M","R","M","?","R","B",null,"M","?","T","$","M","E","M","M","T","M","?","R","M","M","R","B",null,"M","M","$","M","$","R","E","M","T","R","$","?","T","T","R","B",null],"character_chosen":"WATCHER","items_purchased":["HornCleat","BlessingOfTheForge","Dexterity Potion","BottledMiracle"],"campfire_rested":4,"item_purchase_floors":[21,21,21,37],"current_hp_per_floor":[72,72,72,72,72,72,72,51,51,57,55,78,78,78,78,32,78,58,43,43,43,37,23,14,14,14,7,7,31,18,18,42,9,83,68,67,67,54,54,78,78,60,60,72,72,72,72,72,81,16],"gold":347,"neow_bonus":"THREE_ENEMY_KILL","is_daily":false,"chose_seed":false,"campfire_upgraded":4,"win_rate":0.0,"timestamp":1609007465,"path_taken":["M","$","?","?","?","E","R","E","T","?","M","R","M","?","R","BOSS","M","?","?","$","M","E","M","M","T","M","?","R","M","M","R","BOSS","M","M","$","M","?","R","E","M","T","R","$","?","?","?","R","BOSS"],"items_purchased_type":["Relic","Potion","Potion","Potion"],"build_version":"2020-12-22","purchased_purges":5,"victory":true,"max_hp_per_floor":[72,72,72,72,72,72,72,72,72,78,78,78,78,78,78,78,78,78,83,83,83,83,83,83,83,83,83,83,83,83,83,83,83,83,83,83,83,83,83,83,83,83,83,83,83,83,83,83,83,83],"card_choices":[{"not_picked":["JustLucky","Study"],"picked":"CrushJoints","floor":1.0},{"not_picked":["ClearTheMind","SashWhip"],"picked":"CutThroughFate","floor":4.0},{"not_picked":["Pray","Protect"],"picked":"LessonLearned","floor":6.0},{"not_picked":["CutThroughFate","ThirdEye"],"picked":"DeusExMachina","floor":8.0},{"not_picked":["Protect","MentalFortress"],"picked":"Consecrate","floor":11.0},{"not_picked":["CrushJoints","ClearTheMind"],"picked":"Evaluate","floor":13.0},{"not_picked":["Omniscience","MasterReality"],"picked":"Ragnarok","floor":16.0},{"not_picked":["Evaluate","Halt+1"],"picked":"EmptyMind","floor":18.0},{"not_picked":["Indignation","PathToVictory"],"picked":"Crescendo","floor":22.0},{"not_picked":["Halt","Adaptation","WaveOfTheHand"],"picked":"SKIP","floor":23.0},{"not_picked":["Halt+1","Worship"],"picked":"EmptyFist","floor":24.0},{"not_picked":["Swivel","Collect","WreathOfFlame+1"],"picked":"SKIP","floor":25.0},{"not_picked":["Worship","BowlingBash","Evaluate"],"picked":"SKIP","floor":27.0},{"not_picked":["Collect","EmptyFist"],"picked":"CrushJoints+1","floor":30.0},{"not_picked":["WreathOfFlame","CutThroughFate","Halt"],"picked":"SKIP","floor":31.0},{"not_picked":["DeusExMachina","Vault"],"picked":"Scrawl","floor":33.0},{"not_picked":[],"picked":"FearNoEvil","floor":35.0},{"not_picked":[],"picked":"EmptyFist+1","floor":36},{"not_picked":["EmptyBody"],"picked":"SKIP","floor":38},{"not_picked":["ThirdEye"],"picked":"SKIP","floor":41},{"not_picked":["WheelKick+1"],"picked":"SKIP","floor":42}],"player_experience":205805,"relics_obtained":[{"floor":5.0,"key":"Darkstone Periapt"},{"floor":6.0,"key":"Tiny Chest"},{"floor":8.0,"key":"Vajra"},{"floor":9.0,"key":"Smiling Mask"},{"floor":20.0,"key":"Shuriken"},{"floor":23.0,"key":"Centennial Puzzle"},{"floor":26.0,"key":"Matryoshka"},{"floor":41,"key":"Blood Vial"},{"floor":43,"key":"Boot"},{"floor":43,"key":"Eternal Feather"},{"floor":47,"key":"Damaru"},{"floor":47,"key":"Bottled Flame"},{"floor":48,"key":"Art of War"}],"event_choices":[{"cards_removed":["Defend_P"],"damage_healed":0.0,"max_hp_gain":0.0,"max_hp_loss":0.0,"gold_gain":0.0,"event_name":"Purifier","player_choice":"Purged","floor":3.0,"gold_loss":0.0,"damage_taken":0.0},{"damage_healed":0.0,"max_hp_gain":0.0,"max_hp_loss":0.0,"gold_gain":0.0,"event_name":"Big Fish","player_choice":"Box","floor":10.0,"gold_loss":0.0,"damage_taken":0.0,"relics_obtained":["MawBank"],"cards_obtained":["Regret"]},{"damage_healed":0.0,"max_hp_gain":0.0,"max_hp_loss":0.0,"gold_gain":0.0,"event_name":"World of Goop","player_choice":"Left Gold","floor":14.0,"gold_loss":20.0,"damage_taken":0.0},{"damage_healed":0.0,"max_hp_gain":5.0,"max_hp_loss":0.0,"gold_gain":0.0,"event_name":"Forgotten Altar","player_choice":"Shed Blood","floor":19.0,"gold_loss":0.0,"damage_taken":20.0},{"damage_healed":0.0,"max_hp_gain":0.0,"max_hp_loss":0.0,"gold_gain":100.0,"event_name":"The Joust","player_choice":"Bet on Murderer","floor":28.0,"gold_loss":50.0,"damage_taken":0.0},{"damage_healed":0,"gold_gain":100,"player_choice":"Pray","damage_taken":0,"max_hp_gain":0,"max_hp_loss":0,"event_name":"Golden Shrine","floor":46,"gold_loss":0}],"is_beta":false,"boss_relics":[{"not_picked":["SacredBark","Coffee Dripper"],"picked":"SlaversCollar"},{"not_picked":["Cursed Key","Empty Cage"],"picked":"Busted Crown"}],"items_purged_floors":[2,21,37,39,45],"is_endless":false,"potions_floor_spawned":[1,4,6,23,25,27,35],"ascension_level":1}}