{"host":"pi8b3ffzwvxqztac","time":1609001266,"event":{"mods":["BaseMod","Colored Map","Downfall","Minty Spire (QoL Compilation)","StSLib"],"gold_per_floor":[199,219,238,256,256,181,261,281,339,364,289,306,306,318,334,431,431,431,446,459,459,459,469,469,486,505,505,505],"floor_reached":27,"playtime":1589,"items_purged":[],"score":234,"play_id":"e3e45252-d2ac-49f5-a5a9-c3bd10c8336b","local_time":"20201227054746","is_ascension_mode":false,"campfire_choices":[{"floor":1,"key":"RECALL"},{"data":"sneckomod:WideSting","floor":6,"key":"SMITH"},{"data":"sneckomod:SerpentIdol","floor":11,"key":"SMITH"},{"data":"sneckomod:UnknownBlock","floor":13,"key":"SMITH"},{"data":"sneckomod:PureSnecko","floor":18,"key":"SMITH"}],"circlet_count":0,"master_deck":["sneckomod:Strike","sneckomod:Strike","sneckomod:Strike","sneckomod:Defend","sneckomod:Defend","sneckomod:Defend","sneckomod:TailWhip","sneckomod:SnekBite","sneckomod:Unknown","sneckomod:Unknown","sneckomod:SerpentIdol+1","sneckomod:UnknownVulnerable","sneckomod:WideSting+1","sneckomod:RainOfDice+1","sneckomod:SnakeSap+1","sneckomod:UnknownBlock+1","sneckomod:UnknownClassRED","sneckomod:PureSnecko+1","sneckomod:UnlimitedRolls","sneckomod:UnknownUncommonAttack+1","sneckomod:Unknown1Cost","sneckomod:Unknown2Cost+1","sneckomod:UnknownRareAttack+1"],"relics":["sneckomod:SneckoSoul","downfall:HeartBlessingRed","Molten Egg 2","sneckomod:ConfusingCodex","downfall:HeartBlessingBlue","Black Star","HornCleat"],"acts_visited":["Exordium","TheCity"],"potions_floor_usage":[15,16,16,23,25,26],"damage_taken":[{"damage":0,"enemies":"Cultist","floor":2,"turns":2},{"damage":0,"enemies":"2 Louse","floor":3,"turns":3},{"damage":9,"enemies":"Jaw Worm","floor":4,"turns":4},{"damage":6,"enemies":"Exordium Wildlife","floor":8,"turns":3},{"damage":25,"enemies":"3 Sentries","floor":9,"turns":5},{"damage":0,"enemies":"3 Louse","floor":12,"turns":2},{"damage":0,"enemies":"Large Slime","floor":14,"turns":3},{"damage":0,"enemies":"Lots of Slimes","floor":15,"turns":2},{"damage":5,"enemies":"downfall:Watcher","floor":16,"turns":5},{"damage":10,"enemies":"Chosen","floor":19,"turns":5},{"damage":4,"enemies":"Centurion and Healer","floor":20,"turns":4},{"damage":23,"enemies":"Shelled Parasite and Fungi","floor":23,"turns":4},{"damage":4,"enemies":"3 Cultists","floor":25,"turns":3},{"damage":3,"enemies":"Sentry and Sphere","floor":26,"turns":3},{"damage":84,"enemies":"Gremlin Leader","floor":27,"turns":8}],"seed_played":"837433455306819961","potions_obtained":[{"floor":2,"key":"DuplicationPotion"},{"floor":8,"key":"champ:CounterPotion"},{"floor":9,"key":"SkillPotion"},{"floor":14,"key":"Weak Potion"},{"floor":15,"key":"Explosive Potion"},{"floor":23,"key":"SneckoOil"},{"floor":25,"key":"SkillPotion"}],"is_trial":false,"path_per_floor":["R","M","M","M","?","R","T","M","?","T","R","M","R","M","M","B",null,"R","M","M","?","?","M","T","M","M","E"],"character_chosen":"THE_SNECKO","items_purchased":[],"campfire_rested":0,"item_purchase_floors":[],"current_hp_per_floor":[90,90,91,82,87,87,87,81,56,56,66,67,67,68,68,63,108,108,99,96,96,96,74,74,70,68,0,0],"gold":505,"neow_bonus":"HUNDRED_GOLD","is_daily":false,"chose_seed":false,"campfire_upgraded":4,"win_rate":0.0,"timestamp":1609001266,"path_taken":["R","M","M","M","?","R","T","M","?","?","R","M","R","M","M","BOSS","R","M","M","?","?","M","T","M","M","E"],"items_purchased_type":[],"build_version":"2020-12-22","purchased_purges":0,"victory":false,"max_hp_per_floor":[90,90,91,91,96,96,96,96,96,96,106,107,107,108,108,108,108,108,109,110,110,110,111,111,111,112,112,112],"card_choices":[{"not_picked":["sneckomod:RainOfDice","sneckomod:SoulDraw"],"picked":"sneckomod:SerpentIdol","floor":2},{"not_picked":["sneckomod:RainOfDice","sneckomod:DiceBoulder"],"picked":"sneckomod:UnknownVulnerable","floor":3},{"not_picked":["sneckomod:UnknownClassHEXA_GHOST_PURPLE","sneckomod:UnknownBlock"],"picked":"sneckomod:WideSting","floor":4},{"not_picked":["sneckomod:SoulCleanse","sneckomod:SoulDraw"],"picked":"sneckomod:RainOfDice+1","floor":8},{"not_picked":["sneckomod:TrashToTreasure","sneckomod:Unknown1Cost"],"picked":"sneckomod:SnakeSap+1","floor":9},{"not_picked":["sneckomod:DiceCrush+1","sneckomod:WideSting+1"],"picked":"sneckomod:UnknownBlock","floor":12},{"not_picked":["sneckomod:IronFang+1","sneckomod:SoulCleanse"],"picked":"sneckomod:UnknownClassRED","floor":14},{"not_picked":["sneckomod:UnknownCommonSkill","sneckomod:UnknownVulnerable"],"picked":"sneckomod:PureSnecko","floor":15},{"not_picked":["sneckomod:Cheat","sneckomod:SerpentMind"],"picked":"sneckomod:UnlimitedRolls","floor":16},{"not_picked":["sneckomod:SoulRoll","sneckomod:UnknownStrike+1"],"picked":"sneckomod:UnknownUncommonAttack+1","floor":19},{"not_picked":["sneckomod:MasterEye","sneckomod:UnknownStrike+1"],"picked":"sneckomod:Unknown1Cost","floor":20},{"not_picked":["sneckomod:ImprovisedAttack+1","sneckomod:UnknownVulnerable"],"picked":"sneckomod:Unknown2Cost+1","floor":23},{"not_picked":["sneckomod:UnknownEthereal","sneckomod:UnknownUncommonPower","sneckomod:WideSting+1"],"picked":"SKIP","floor":25},{"not_picked":["sneckomod:UnknownClassBLUE","sneckomod:Unknown2Cost"],"picked":"sneckomod:UnknownRareAttack+1","floor":26}],"player_experience":441503,"relics_obtained":[{"floor":7,"key":"Molten Egg 2"},{"floor":9,"key":"sneckomod:ConfusingCodex"},{"floor":24,"key":"HornCleat"}],"event_choices":[{"damage_healed":0,"gold_gain":0,"player_choice":"Donut","damage_taken":0,"max_hp_gain":5,"max_hp_loss":0,"event_name":"Big Fish","floor":5,"gold_loss":0}],"is_beta":false,"boss_relics":[{"not_picked":["Snecko Eye","Velvet Choker"],"picked":"Black Star"}],"items_purged_floors":[],"is_endless":false,"potions_floor_spawned":[2,8,9,14,15,23,25],"killed_by":"Gremlin Leader","ascension_level":0}}