{"host":"pi8b3ffzwvxqztac","time":1609021172,"event":{"mods":["BaseMod","Colored Map","Downfall","Minty Spire (QoL Compilation)","StSLib"],"gold_per_floor":[99,111,126,137,155,181,181,198,48,61,81,42,42,62,80,184,184,184,202,215,215,229,229,229,229,1,1,28,28,40,25,37,132,132,57,73,73,98,148,148,175,24,39,54,54,74,74,91,103,103,103,132,105,105,105],"floor_reached":56,"playtime":3757,"items_purged":["Shame"],"score":1225,"play_id":"9efb9798-b5b5-43b5-b8b5-c3ebcf400e61","local_time":"20201227111932","is_ascension_mode":false,"campfire_choices":[{"floor":1,"key":"RECALL"},{"data":"Slimebound:Split","floor":9,"key":"SMITH"},{"data":"Slimebound:SelfFormingGoo","floor":13,"key":"SMITH"},{"data":"Slimebound:FormOfPuddle","floor":18,"key":"SMITH"},{"data":"Slimebound:GrowthPunch","floor":29,"key":"SMITH"},{"data":"Slimebound:LevelUp","floor":35,"key":"SMITH"},{"data":"Slimebound:LevelUp","floor":40,"key":"SMITH"},{"data":"Slimebound:Darklings","floor":47,"key":"SMITH"},{"data":"Slimebound:SlimeSpikes","floor":54,"key":"SMITH"}],"circlet_count":0,"master_deck":["Slimebound:Strike_Slimebound+1","Slimebound:Strike_Slimebound","Slimebound:Strike_Slimebound","Slimebound:Defend_Slimebound","Slimebound:Defend_Slimebound","Slimebound:Defend_Slimebound","Slimebound:Defend_Slimebound","Slimebound:Split+1","Slimebound:CorrosiveSpit","Slimebound:FormOfPuddle+1","Slimebound:SlimeSpikes+1","Slimebound:LevelUp+1","Slimebound:LivingWall","Slimebound:SplitLeeching","Slimebound:SplitMire","Slimebound:SplitMire","Slimebound:Equalize+1","Slimebound:Repurpose","Slimebound:SelfFormingGoo+1","Slimebound:SplitMire","Slimebound:SamplingLick+1","Slimebound:GrowthPunch+1","Slimebound:SplitSpecialist+1","Slimebound:LevelUp+1","Slimebound:GrowthPunch+1","Slimebound:OneTwoCombo","Slimebound:SplitMire","Slimebound:OneTwoCombo","Slimebound:SplitMire","Slimebound:SplitMire","Slimebound:Darklings+1","Slimebound:Gluttony+1","Slimebound:SplitMire"],"relics":["Slimebound:AbsorbEndCombatUpgraded","TungstenRod","downfall:HeartBlessingBlue","downfall:HeartBlessingRed","Question Card","InkBottle","Whetstone","Strawberry","SlaversCollar","downfall:HeartBlessingGreen","Mummified Hand","Torii","Centennial Puzzle","DollysMirror","CaptainsWheel"],"acts_visited":["Exordium","TheCity","TheBeyond","TheEnding"],"potions_floor_usage":[15,16,16,22,26,38,50,55],"damage_taken":[{"damage":6,"enemies":"Cultist","floor":2,"turns":5},{"damage":7,"enemies":"Jaw Worm","floor":3,"turns":5},{"damage":9,"enemies":"Small Slimes","floor":4,"turns":5},{"damage":4,"enemies":"Blue Slaver","floor":5,"turns":4},{"damage":17,"enemies":"Lagavulin","floor":6,"turns":8},{"damage":9,"enemies":"Large Slime","floor":8,"turns":5},{"damage":21,"enemies":"2 Fungi Beasts","floor":10,"turns":4},{"damage":21,"enemies":"3 Louse","floor":11,"turns":4},{"damage":17,"enemies":"downfall:FleeingMerchant","floor":12,"turns":4},{"damage":14,"enemies":"Blue Slaver","floor":14,"turns":3},{"damage":9,"enemies":"2 Fungi Beasts","floor":15,"turns":4},{"damage":36,"enemies":"downfall:Ironclad","floor":16,"turns":7},{"damage":33,"enemies":"Spheric Guardian","floor":19,"turns":5},{"damage":29,"enemies":"3 Byrds","floor":20,"turns":5},{"damage":34,"enemies":"Sentry and Sphere","floor":22,"turns":6},{"damage":25,"enemies":"downfall:FleeingMerchant","floor":26,"turns":4},{"damage":67,"enemies":"Gremlin Leader","floor":28,"turns":7},{"damage":36,"enemies":"Centurion and Healer","floor":30,"turns":6},{"damage":33,"enemies":"downfall:FleeingMerchant","floor":31,"turns":4},{"damage":27,"enemies":"Cultist and Chosen","floor":32,"turns":6},{"damage":38,"enemies":"downfall:Defect","floor":33,"turns":8},{"damage":15,"enemies":"3 Shapes","floor":36,"turns":3},{"damage":33,"enemies":"downfall:FleeingMerchant","floor":38,"turns":4},{"damage":57,"enemies":"2 Orb Walkers","floor":39,"turns":4},{"damage":6,"enemies":"Orb Walker","floor":43,"turns":2},{"damage":32,"enemies":"Writhing Mass","floor":44,"turns":4},{"damage":30,"enemies":"Transient","floor":46,"turns":5},{"damage":15,"enemies":"Spire Growth","floor":48,"turns":2},{"damage":15,"enemies":"4 Shapes","floor":49,"turns":3},{"damage":30,"enemies":"downfall:Silent","floor":50,"turns":3},{"damage":35,"enemies":"downfall:CharBossMerchant","floor":52,"turns":5},{"damage":56,"enemies":"downfall:NeowBoss","floor":55,"turns":20}],"seed_played":"8279676989172442419","potions_obtained":[{"floor":3,"key":"Energy Potion"},{"floor":8,"key":"FairyPotion"},{"floor":11,"key":"PowerPotion"},{"floor":15,"key":"Energy Potion"},{"floor":20,"key":"SkillPotion"},{"floor":22,"key":"hexamod:EctoCoolerPotion"},{"floor":32,"key":"FearPotion"},{"floor":33,"key":"LiquidBronze"},{"floor":43,"key":"Dexterity Potion"},{"floor":48,"key":"SkillPotion"}],"is_trial":false,"path_per_floor":["R","M","M","M","M","E","T","M","R","M","M","$","R","M","M","B",null,"R","M","M","?","M","?","T","?","$","?","E","R","M","$","M","B",null,"R","M","?","?","?","R","T","$","M","M","?","M","R","M","M","B",null,"E","$","R","B",null],"character_chosen":"SLIMEBOUND","items_purchased":["Slimebound:SplitMire","Whetstone","Slimebound:LevelUp","Mummified Hand","DollysMirror","Slimebound:SplitMire"],"campfire_rested":0,"item_purchase_floors":[12,26,26,38,42,53],"current_hp_per_floor":[60,60,60,60,60,57,57,60,70,61,62,68,68,69,70,66,70,70,61,68,56,66,66,66,66,73,58,52,52,66,73,78,80,82,82,82,82,82,57,57,57,57,73,82,82,82,82,82,81,82,82,82,82,82,82],"gold":105,"neow_bonus":"TRANSFORM_CARD","is_daily":false,"chose_seed":false,"campfire_upgraded":8,"win_rate":0.0,"timestamp":1609021172,"path_taken":["R","M","M","M","M","E","T","M","R","?","M","?","R","M","M","BOSS","R","M","M","?","M","?","T","?","?","?","E","R","M","$","M","BOSS","R","M","?","?","?","R","T","?","M","M","?","M","R","?","M","BOSS","E","$","R","BOSS"],"items_purchased_type":["Card","Relic","Card","Relic","Relic","Card"],"build_version":"2020-12-22","purchased_purges":1,"victory":true,"max_hp_per_floor":[60,60,60,60,60,60,60,60,70,70,70,70,70,70,70,70,70,70,70,70,75,75,75,75,75,75,75,82,82,82,82,82,82,82,82,82,82,82,82,82,82,82,82,82,82,82,82,82,82,82,82,82,82,82,82],"card_choices":[{"not_picked":["Slimebound:SplitAcid","Slimebound:LevelUp"],"picked":"Slimebound:SlimeSpikes","floor":2},{"not_picked":["Slimebound:ServeAndProtect","Slimebound:SplitBruiser"],"picked":"Slimebound:LevelUp","floor":3},{"not_picked":["Slimebound:SlimeSpikes","Slimebound:FormOfPuddle"],"picked":"Slimebound:LivingWall","floor":4},{"not_picked":["Slimebound:BestDefense","Slimebound:DisruptingSlam"],"picked":"Slimebound:SplitLeeching","floor":5},{"not_picked":["Slimebound:SamplingLick","Slimebound:Equalize"],"picked":"Slimebound:SplitMire","floor":6},{"not_picked":["Slimebound:DivideAndConquer","Slimebound:SplitLeeching"],"picked":"Slimebound:SplitMire","floor":8},{"not_picked":["Slimebound:FlameTackle","Slimebound:PressTheAttack"],"picked":"Slimebound:Equalize","floor":10},{"not_picked":["Slimebound:SpikyOuterGoop","Slimebound:MassRepurpose"],"picked":"Slimebound:Repurpose","floor":11},{"not_picked":["Slimebound:LeechLife","Slimebound:Schlurp"],"picked":"Slimebound:SelfFormingGoo","floor":12},{"not_picked":["Slimebound:BestDefense","Slimebound:FinishingTackle","Slimebound:ComboTackle"],"picked":"SKIP","floor":14},{"not_picked":["Slimebound:ProtectTheBoss","Slimebound:RainOfGoop","Slimebound:MegaLick"],"picked":"SKIP","floor":15},{"not_picked":["Slimebound:SlimeTap","Slimebound:RollThrough"],"picked":"Slimebound:SamplingLick+1","floor":19},{"not_picked":["Slimebound:MegaLick+1","Slimebound:PressTheAttack"],"picked":"Slimebound:GrowthPunch","floor":20},{"not_picked":["Slimebound:DisruptingSlam","Slimebound:SlimeTap"],"picked":"Slimebound:SplitSpecialist+1","floor":22},{"not_picked":["Slimebound:Nibble","Slimebound:FinishingTackle","Slimebound:LeechingTouch","Slimebound:Grow"],"picked":"SKIP","floor":26},{"not_picked":["Slimebound:ProtectTheBoss","Slimebound:ViciousTackle","Slimebound:GoopSpray","Slimebound:Chomp+1"],"picked":"SKIP","floor":28},{"not_picked":["Slimebound:SplitMire","Slimebound:Gluttony","Slimebound:SlimeBrawl"],"picked":"Slimebound:GrowthPunch+1","floor":30},{"not_picked":["Slimebound:DivideAndConquer","Slimebound:FlameTackle","Slimebound:LeechingTouch","Slimebound:Repurpose+1"],"picked":"SKIP","floor":31},{"not_picked":["Slimebound:ViciousTackle","Slimebound:Schlurp+1","Slimebound:LivingWall+1"],"picked":"Slimebound:SplitMire","floor":32},{"not_picked":["Slimebound:OozeBath","Slimebound:Overexert","Slimebound:MassRepurpose"],"picked":"Slimebound:OneTwoCombo","floor":33},{"not_picked":["Slimebound:SplitLeeching","Slimebound:ServeAndProtect+1","Slimebound:Chomp"],"picked":"Slimebound:SplitMire","floor":36},{"not_picked":["Slimebound:LevelUp","Slimebound:ItLooksTasty","Slimebound:ServeAndProtect+1","Slimebound:RollThrough+1"],"picked":"SKIP","floor":38},{"not_picked":["Slimebound:Repurpose","Slimebound:CheckThePlaybook","Slimebound:SplitLeeching"],"picked":"Slimebound:SplitMire","floor":43},{"not_picked":["Slimebound:ItLooksTasty+1","Slimebound:MegaLick+1","Slimebound:Nibble"],"picked":"Slimebound:SplitMire","floor":44},{"not_picked":["Slimebound:SplitAcid+1","Slimebound:ViciousTackle+1","Slimebound:GrowthPunch","Slimebound:FinishingTackle"],"picked":"SKIP","floor":46},{"not_picked":["Slimebound:RollThrough","Slimebound:MassFeed","Slimebound:SamplingLick"],"picked":"Slimebound:Gluttony+1","floor":48},{"not_picked":["Slimebound:SplitBruiser+1","Slimebound:SpikyOuterGoop","Slimebound:Schlurp","Slimebound:ProtectTheBoss"],"picked":"SKIP","floor":49},{"not_picked":["Slimebound:FinishingTackle","Slimebound:GoopTackle","Slimebound:Overexert","Slimebound:AcidTongue+1"],"picked":"SKIP","floor":52}],"player_experience":446287,"relics_obtained":[{"floor":6,"key":"TungstenRod"},{"floor":24,"key":"InkBottle"},{"floor":28,"key":"Strawberry"},{"floor":39,"key":"Torii"},{"floor":41,"key":"Centennial Puzzle"},{"floor":52,"key":"CaptainsWheel"}],"event_choices":[{"damage_healed":0,"gold_gain":0,"player_choice":"Stole Relic","damage_taken":0,"relics_obtained":["Question Card"],"max_hp_gain":0,"max_hp_loss":0,"event_name":"Addict","floor":23,"gold_loss":0,"cards_obtained":["Shame"]},{"damage_healed":0,"gold_gain":0,"player_choice":"Ignored","damage_taken":0,"max_hp_gain":0,"max_hp_loss":0,"event_name":"Vampires","floor":25,"gold_loss":0},{"cards_removed":["Slimebound:SplitMire"],"damage_healed":0,"gold_gain":0,"player_choice":"Removed Skill","damage_taken":0,"max_hp_gain":0,"max_hp_loss":0,"event_name":"Falling","floor":37,"gold_loss":0},{"damage_healed":0,"gold_gain":0,"player_choice":"Fight","damage_taken":0,"max_hp_gain":0,"max_hp_loss":0,"event_name":"Mysterious Sphere","floor":39,"gold_loss":0}],"is_beta":false,"boss_relics":[{"not_picked":["Sozu","Busted Crown"],"picked":"Slimebound:AbsorbEndCombatUpgraded"},{"not_picked":["Fusion Hammer","Coffee Dripper"],"picked":"SlaversCollar"}],"items_purged_floors":[38],"is_endless":false,"potions_floor_spawned":[3,8,11,15,20,22,32,33,36,43,48,49],"ascension_level":0}}