{"host":"8k8yej65nd5c5wcn","time":1609022204,"event":{"mods":["BaseMod","Colored Map","Colored Powertips","Curses Come First","Downfall","Googly Eyes","Highlight Path","Hubris","Minty Spire (QoL Compilation)","Rare Cards Sparkle","Replay The Spire","StSLib"],"gold_per_floor":[117,117,117,83,83,95,120,138,138,151,185,200,200,200,200,295,295,315,315,332,332,332,332,361,361,361,387,387,405,436,448,448,548,548,558,558,608,628,628,628,628,628,628,658,138,173,173,186,186,186,186,186,5,39,39],"floor_reached":56,"playtime":5396,"items_purged":["hubris:Wrath"],"score":1448,"play_id":"e54ab568-7419-4d45-9677-e6233c701877","local_time":"20201226223644","is_ascension_mode":true,"campfire_choices":[{"floor":13,"key":"DIG"},{"floor":15,"key":"DIG"},{"floor":23,"key":"RECALL"},{"floor":25,"key":"REST"},{"data":"Heavy Blade","floor":28,"key":"SMITH"},{"floor":32,"key":"REST"},{"floor":40,"key":"REST"},{"floor":42,"key":"REST"},{"floor":47,"key":"REST"},{"floor":49,"key":"REST"},{"data":"Secret Weapon","floor":52,"key":"SMITH"}],"circlet_count":0,"master_deck":["Demon Form+1","Strike_R+1","Strike_R+1","Strike_R+1","Strike_R+1","Strike_R+1","Defend_R+1","Defend_R+1","Defend_R+1","Defend_R+1","Bash","Hemogenesis","Pummel","Rampage+1","hubris:SharpeningStone","Run Through","Clothesline","Twin Strike","Headbutt","Wild Strike","Replay:Many Hands","Replay:Undeath\u0027s Touch","Pommel Strike","Inflame","Heavy Blade+1","Headbutt+1","Twin Strike","ReplayTheSpireMod:Muscle Training","Exhume","Dark Embrace","hubris:DuctTapeCard","Heavy Blade","Secret Weapon+1","Havoc","Pummel","Replay:Undeath\u0027s Touch","Pot Of Greed","Pot Of Greed","Pot Of Greed","Pot Of Greed","Madness","Power Through","Iron Wave+1"],"relics":["Burning Blood","Replay:Multitool","hubris:Icosahedron","hubris:Metronome","Counterbalance","Ancient Tea Set","hubris:SlimyHat","hubris:FunFungus","Replay:Bronze Core","InkBottle","Lantern","hubris:CrystalStatue","Replay:Grab Bag","Cursed Key","Runic Dome","hubris:HollowSoul","hubris:ScarierMask","ReplayTheSpireMod:Ring of Addiction","Chameleon Ring","Toy Ornithopter","hubris:MedicalManual","hubris:DuctTape","Bottled Tornado","Membership Card","Grinning Jar","Pear","Toolbox","Replay:WaspNest"],"acts_visited":["Exordium","TheCity","TheBeyond","TheEnding"],"potions_floor_usage":[7,11,11,18,18,24,33,37,41,46,46,50,50,50,55,55,55],"damage_taken":[{"damage":8,"enemies":"Jaw Worm","floor":1,"turns":4},{"damage":17,"enemies":"2 Louse","floor":4,"turns":4},{"damage":12,"enemies":"Small Slimes","floor":6,"turns":4},{"damage":21,"enemies":"Lagavulin","floor":7,"turns":6},{"damage":11,"enemies":"Looter","floor":8,"turns":2},{"damage":24,"enemies":"3 Louse","floor":10,"turns":3},{"damage":0,"enemies":"Replay:BlueRogue","floor":11,"turns":1},{"damage":11,"enemies":"Lots of Slimes","floor":12,"turns":4},{"damage":56,"enemies":"The Guardian","floor":16,"turns":8},{"damage":4,"enemies":"Shell Parasite","floor":18,"turns":2},{"damage":7,"enemies":"3 Byrds","floor":20,"turns":4},{"damage":46,"enemies":"Gremlin Leader","floor":24,"turns":6},{"damage":14,"enemies":"Slavers","floor":27,"turns":3},{"damage":0,"enemies":"Centurion and Healer","floor":29,"turns":2},{"damage":40,"enemies":"Book of Stabbing","floor":30,"turns":4},{"damage":6,"enemies":"3 Cultists","floor":31,"turns":3},{"damage":58,"enemies":"Champ","floor":33,"turns":9},{"damage":25,"enemies":"Orb Walker","floor":35,"turns":3},{"damage":40,"enemies":"Mind Bloom Boss Battle","floor":37,"turns":4},{"damage":9,"enemies":"3 Darklings","floor":38,"turns":2},{"damage":56,"enemies":"4 Shapes","floor":41,"turns":3},{"damage":35,"enemies":"Reptomancer","floor":44,"turns":3},{"damage":22,"enemies":"Giant Head","floor":46,"turns":5},{"damage":45,"enemies":"Sphere and 2 Shapes","floor":48,"turns":2},{"damage":31,"enemies":"hubris:GrandSnecko","floor":50,"turns":6},{"damage":11,"enemies":"Shield and Spear","floor":54,"turns":2},{"damage":105,"enemies":"The Heart","floor":55,"turns":5}],"seed_played":"6491633296497984205","potions_obtained":[{"floor":4,"key":"Toxic Potion"},{"floor":7,"key":"sneckomod:MuddlingPotion"},{"floor":10,"key":"Strength Potion"},{"floor":16,"key":"BlessingOfTheForge"},{"floor":18,"key":"Fruit Juice"},{"floor":20,"key":"BloodPotion"},{"floor":30,"key":"DistilledChaos"},{"floor":35,"key":"SmokeBomb"},{"floor":36,"key":"Doom Potion"},{"floor":36,"key":"Death Potion"},{"floor":46,"key":"ColorlessPotion"},{"floor":48,"key":"Guardian:BlockOnCardUsePotion"},{"floor":54,"key":"DistilledChaos"}],"is_trial":false,"path_per_floor":["M","?","?","M","?","M","E","M","T","M","E","M","R","?","R","B",null,"M","?","M","?","?","R","E","R","T","E","R","M","E","M","R","B",null,"M","?","?","M","?","R","M","R","T","E","$","E","R","M","R","B",null,"R","$","E","B",null],"character_chosen":"IRONCLAD","items_purchased":["Membership Card","Secret Weapon","Havoc","Pummel","Replay:Undeath\u0027s Touch","Grinning Jar","SteroidPotion","SteroidPotion","Madness","Toolbox","BloodPotion","Slimebound:ThreeZeroPotion","FearPotion"],"campfire_rested":6,"item_purchase_floors":[45,45,45,45,45,45,45,45,45,53,53,53,53],"current_hp_per_floor":[78,66,66,60,60,59,49,75,75,57,63,58,58,58,58,9,80,85,85,85,85,85,85,63,85,85,78,78,84,51,52,77,30,85,70,70,44,42,42,67,28,52,52,27,27,34,61,27,54,50,89,89,89,82,24],"gold":39,"neow_bonus":"ONE_RANDOM_RARE_CARD","is_daily":false,"chose_seed":false,"campfire_upgraded":2,"win_rate":0.0,"timestamp":1609022204,"path_taken":["M","?","?","M","?","M","E","M","T","?","E","M","R","?","R","BOSS","M","?","M","?","?","R","E","R","T","E","R","?","E","M","R","BOSS","M","?","?","M","?","R","M","R","T","E","$","E","R","M","R","BOSS","R","$","E","BOSS"],"items_purchased_type":["Relic","Card","Card","Card","Card","Relic","Potion","Potion","Card","Relic","Potion","Potion","Potion"],"build_version":"2020-12-22","purchased_purges":1,"victory":true,"max_hp_per_floor":[80,80,80,80,80,80,80,80,80,80,80,80,80,80,80,80,80,85,85,85,85,85,85,85,85,85,85,85,85,85,85,85,85,85,85,85,85,85,85,85,83,83,83,83,81,91,91,91,91,89,89,89,89,87,87],"card_choices":[{"not_picked":["Replay:Undeath\u0027s Touch","Body Slam"],"picked":"Pummel","floor":1},{"not_picked":["Sword Boomerang","Havoc"],"picked":"Rampage","floor":4},{"not_picked":["ReplayTheSpireMod:Corrosion Curse","Replay:Undeath\u0027s Touch"],"picked":"hubris:SharpeningStone","floor":6},{"not_picked":["Clothesline","Anger"],"picked":"Run Through","floor":7},{"not_picked":["hubris:ReadiedAction","Run Through"],"picked":"Clothesline","floor":8},{"not_picked":["Thunderclap","hubris:StunningStrike"],"picked":"Twin Strike","floor":10},{"not_picked":["Armaments","Reaper"],"picked":"Headbutt","floor":11},{"not_picked":["Disarm","Twin Strike"],"picked":"Wild Strike","floor":12},{"not_picked":["Reaper","Offering"],"picked":"Replay:Many Hands","floor":16},{"not_picked":["Heavy Blade","Flex"],"picked":"Replay:Undeath\u0027s Touch","floor":18},{"not_picked":["Abandon","Warcry"],"picked":"Pommel Strike","floor":20},{"not_picked":["Dual Wield+1","Blood for Blood"],"picked":"Inflame","floor":24},{"not_picked":["Evolve","Reckless Charge"],"picked":"Heavy Blade","floor":27},{"not_picked":["Dark Embrace","Anger"],"picked":"Headbutt+1","floor":29},{"not_picked":["Sword Boomerang","hubris:ReadiedAction"],"picked":"Twin Strike","floor":30},{"not_picked":["Perfected Strike","Clash+1"],"picked":"ReplayTheSpireMod:Muscle Training","floor":31},{"not_picked":["Replay:Many Hands","Hemogenesis"],"picked":"Exhume","floor":33},{"not_picked":["Spot Weakness+1","ReplayTheSpireMod:Muscle Training"],"picked":"Dark Embrace","floor":35},{"not_picked":["Evolve","Heavy Blade+1"],"picked":"Perfected Strike+1","floor":37},{"not_picked":["Wild Strike","Metallicize"],"picked":"Heavy Blade+1","floor":38},{"not_picked":["Wild Strike+1","Feel No Pain"],"picked":"Heavy Blade","floor":44},{"not_picked":["Sever Soul+1","ReplayTheSpireMod:Strike From Hell","Sword Boomerang"],"picked":"SKIP","floor":46},{"not_picked":["Pommel Strike","Heavy Blade+1"],"picked":"Power Through","floor":48},{"not_picked":["Shrug It Off+1","Bloodletting"],"picked":"Iron Wave+1","floor":54}],"player_experience":190811,"relics_obtained":[{"floor":7,"key":"hubris:Metronome"},{"floor":9,"key":"Counterbalance"},{"floor":11,"key":"Ancient Tea Set"},{"floor":13,"key":"hubris:SlimyHat"},{"floor":15,"key":"hubris:FunFungus"},{"floor":24,"key":"InkBottle"},{"floor":27,"key":"Lantern"},{"floor":30,"key":"hubris:CrystalStatue"},{"floor":36,"key":"ReplayTheSpireMod:Ring of Addiction"},{"floor":36,"key":"Chameleon Ring"},{"floor":36,"key":"Toy Ornithopter"},{"floor":37,"key":"hubris:MedicalManual"},{"floor":43,"key":"hubris:DuctTape"},{"floor":44,"key":"Bottled Tornado"},{"floor":46,"key":"Pear"},{"floor":54,"key":"Replay:WaspNest"}],"event_choices":[{"damage_healed":0,"gold_gain":0,"player_choice":"Success","damage_taken":12,"relics_obtained":["Replay:Multitool"],"max_hp_gain":0,"max_hp_loss":0,"event_name":"Scrap Ooze","floor":2,"gold_loss":0},{"damage_healed":0,"gold_gain":0,"player_choice":"Grow","damage_taken":0,"max_hp_gain":0,"max_hp_loss":0,"event_name":"Living Wall","floor":14,"gold_loss":0,"cards_upgraded":["Rampage"]},{"damage_healed":0,"gold_gain":0,"player_choice":"Simplicity","damage_taken":0,"max_hp_gain":0,"max_hp_loss":0,"event_name":"Back to Basics","floor":19,"gold_loss":0,"cards_upgraded":["Strike_R","Strike_R","Strike_R","Strike_R","Strike_R","Defend_R","Defend_R","Defend_R","Defend_R"]},{"damage_healed":0,"gold_gain":0,"player_choice":"Ignored","damage_taken":0,"max_hp_gain":0,"max_hp_loss":0,"event_name":"Vampires","floor":21,"gold_loss":0},{"damage_healed":0,"gold_gain":0,"player_choice":"Ignored","damage_taken":0,"max_hp_gain":0,"max_hp_loss":0,"event_name":"Purifier","floor":22,"gold_loss":0},{"damage_healed":0,"gold_gain":0,"player_choice":"Fight","damage_taken":0,"max_hp_gain":0,"max_hp_loss":0,"event_name":"MindBloom","floor":37,"gold_loss":0},{"damage_healed":0,"gold_gain":0,"player_choice":"Ignored","damage_taken":0,"max_hp_gain":0,"max_hp_loss":0,"event_name":"Mysterious Sphere","floor":39,"gold_loss":0}],"is_beta":false,"boss_relics":[{"not_picked":["ChewingGum","hubris:TerracottaHorce"],"picked":"Replay:Bronze Core"},{"not_picked":["hubris:Stopwatch","Black Star"],"picked":"Replay:Grab Bag"},{"not_picked":["hubris:GrandSneckoEye","Ooze Armor"],"picked":"Cursed Key"},{"not_picked":["Coffee Dripper","Velvet Choker"],"picked":"Runic Dome"},{"not_picked":["Kintsugi","Black Blood"],"picked":"hubris:HollowSoul"},{"not_picked":["Pandora\u0027s Box","Runic Pyramid"],"picked":"hubris:ScarierMask"}],"items_purged_floors":[45],"is_endless":false,"potions_floor_spawned":[4,7,10,16,18,20,30,35,41,46,48,54],"ascension_level":2}}