{"host":"npubv26u89aif4fa","time":1609012776,"event":{"mods":["Astrologer","BaseMod","Better Vampires","Better-Laid Plans","Colored Powertips","GifTheSpireLib","GungeonMod","HornydragonMod","Hubris","Jedi Mod","Minty Spire (QoL Compilation)","Quick Restart","Remilia（蕾米莉亚）","Replay The Spire","StSLib","Td1madao Mod","The Administrix","The Alterego","The Bug Knight","The Cursed","The Runesmith","Yuri Mod","残留之物"],"gold_per_floor":[406,29,29,41,60,60,76,109,109,109,109,109,124,140,140,298,298,313,348,369,70,91,91,125,125,205,229,287,287,328,328,328,452,452,471,93,93,114,133,133,173,173,173,173,198,223,243,284,284,284,284,284,49,157,157],"floor_reached":56,"playtime":4346,"items_purged":["DemoMod:Strike_Huntress","DemoMod:Strike_Huntress"],"score":1174,"play_id":"2ed4c113-69b1-44ab-8a9a-b2d3d85d3eb0","local_time":"20201227035936","is_ascension_mode":false,"campfire_choices":[{"data":"1","floor":6.0,"key":"LIFT"},{"data":"2","floor":15.0,"key":"LIFT"},{"data":"3","floor":23.0,"key":"LIFT"},{"floor":25.0,"key":"RECALL"},{"data":"DemoMod:ConditionalReflex","floor":32.0,"key":"SMITH"},{"data":"DemoMod:HungryBullets","floor":40.0,"key":"SMITH"},{"data":"DemoMod:ManualReload","floor":42.0,"key":"SMITH"},{"data":"DemoMod:BattleInHaste","floor":44.0,"key":"SMITH"},{"floor":49.0,"key":"REST"},{"floor":52.0,"key":"REST"}],"circlet_count":0,"master_deck":["DemoMod:Defend_Huntress+1","DemoMod:Defend_Huntress+1","DemoMod:Defend_Huntress","DemoMod:Defend_Huntress","DemoMod:Roll","DemoMod:ManualReload+1","DemoMod:RustySidearm","DemoMod:CrossBow","DemoMod:HardPowerCard","DemoMod:BalloonGun","DemoMod:PotionOfGunFriendShip+1","DemoMod:StickyCrossBow","DemoMod:MegaHand","DemoMod:FightSabre+1","DemoMod:BattleInHaste","DemoMod:ConditionalReflex+1","DemoMod:SuppressiveFire+1","DemoMod:Gungine+1","DemoMod:Polaris","DemoMod:HungryBullets+1","DemoMod:BattleInHaste+1","DemoMod:MachoBrace+1","DemoMod:DarkMarker+1","DemoMod:FightSabre+1","DemoMod:TableSutra+1","DemoMod:Rummage+1","DemoMod:SniperShot+1","DemoMod:TripleGun+1","DemoMod:DoubleSwitch+1","DemoMod:ProbeStrike","DemoMod:Unity+1","DemoMod:CursedBullets+1","DemoMod:CursedBullets+1","DemoMod:SkilledReload+1"],"relics":["DemoMod:Dog","Girya","Du-Vu Doll","Golden Egg","Golden Idol","hubris:Icosahedron","Busted Crown","Red Mask","DemoMod:AgedBell","Bronze Scales","DemoMod:Orange","War Paint","DemoMod:Ammonomicon","ChewingGum","Bottled Flame","ReplayTheSpireMod:Lightbulb","yuri:PortableGlitches","DemoMod:Antibody","DemoMod:RatBoots","Dream Catcher","Ornamental Fan"],"acts_visited":["Exordium","TheCity","TheBeyond","TheEnding"],"potions_floor_usage":[54,55,55],"damage_taken":[{"damage":1.0,"enemies":"Cultist","floor":1.0,"turns":3.0},{"damage":0.0,"enemies":"2 Louse","floor":4.0,"turns":4.0},{"damage":0.0,"enemies":"Small Slimes","floor":5.0,"turns":3.0},{"damage":0.0,"enemies":"2 Fungi Beasts","floor":7.0,"turns":3.0},{"damage":0.0,"enemies":"Lagavulin","floor":8.0,"turns":7.0},{"damage":0.0,"enemies":"Blue Slaver","floor":13.0,"turns":2.0},{"damage":0.0,"enemies":"Looter","floor":14.0,"turns":2.0},{"damage":20.0,"enemies":"Slime Boss","floor":16.0,"turns":10.0},{"damage":0.0,"enemies":"3 Byrds","floor":18.0,"turns":3.0},{"damage":10.0,"enemies":"Masked Bandits","floor":19.0,"turns":4.0},{"damage":0.0,"enemies":"2 Thieves","floor":20.0,"turns":3.0},{"damage":5.0,"enemies":"Centurion and Healer","floor":22.0,"turns":4.0},{"damage":0.0,"enemies":"Slavers","floor":24.0,"turns":3.0},{"damage":0.0,"enemies":"Cultist and Chosen","floor":27.0,"turns":2.0},{"damage":0.0,"enemies":"Sentry and Sphere","floor":28.0,"turns":1.0},{"damage":0.0,"enemies":"Gremlin Leader","floor":30.0,"turns":4.0},{"damage":9.0,"enemies":"Champ","floor":33.0,"turns":5.0},{"damage":0.0,"enemies":"Orb Walker","floor":35.0,"turns":2.0},{"damage":2.0,"enemies":"3 Shapes","floor":38.0,"turns":2.0},{"damage":0.0,"enemies":"Sphere and 2 Shapes","floor":39.0,"turns":2.0},{"damage":0.0,"enemies":"HollowMod:StalkingDevout","floor":41.0,"turns":4.0},{"damage":9.0,"enemies":"Writhing Mass","floor":45.0,"turns":5.0},{"damage":0.0,"enemies":"Transient","floor":46.0,"turns":5.0},{"damage":8.0,"enemies":"Maw","floor":47.0,"turns":4.0},{"damage":0.0,"enemies":"Giant Head","floor":48.0,"turns":5.0},{"damage":0.0,"enemies":"Replay:Hell Engine","floor":50.0,"turns":5.0},{"damage":0,"enemies":"Shield and Spear","floor":54,"turns":2},{"damage":35,"enemies":"The Heart","floor":55,"turns":5}],"seed_played":"8717190143923788183","potions_obtained":[{"floor":1.0,"key":"SneckoOil"},{"floor":4.0,"key":"FearPotion"},{"floor":5.0,"key":"DemoMod:LeadSkinPotion"},{"floor":13.0,"key":"LiquidBronze"},{"floor":16.0,"key":"DemoMod:LeadSkinPotion"},{"floor":20.0,"key":"PowerPotion"},{"floor":24.0,"key":"Elixir"},{"floor":28.0,"key":"jedi:hoardpotion"},{"floor":33.0,"key":"DistilledChaos"},{"floor":45.0,"key":"PlaceholderMod:PlaceholderPotion"},{"floor":46.0,"key":"SteroidPotion"},{"floor":47.0,"key":"Swift Potion"},{"floor":54,"key":"FearPotion"}],"is_trial":false,"path_per_floor":["M","$","?","M","M","R","M","E","T","?","?","?","M","M","R","B",null,"M","?","M","$","M","R","E","R","T","M","M","?","E","?","R","B",null,"M","$","?","M","M","R","E","R","T","R","M","M","M","E","R","B",null,"R","$","E","B",null],"character_chosen":"HUNTRESS","items_purchased":["Girya","DemoMod:WeirdEgg","Bronze Scales","DemoMod:TableSutra","DemoMod:Rummage+1","Bottled Flame","DemoMod:Unity","DemoMod:CursedBullets"],"campfire_rested":2,"item_purchase_floors":[2,21,21,36,36,36,53,53],"current_hp_per_floor":[48,48,48,48,48,48,48,48,48,31,31,31,31,31,31,11,70,70,60,60,60,55,55,67,67,67,67,67,67,67,67,67,58,82,82,82,67,65,65,65,65,65,65,65,56,56,48,48,82,82,82,82,82,82,47],"gold":157,"neow_bonus":"TWO_FIFTY_GOLD","is_daily":false,"chose_seed":false,"campfire_upgraded":4,"win_rate":0.0,"timestamp":1609012776,"path_taken":["M","$","?","M","?","R","?","E","T","?","?","?","M","M","R","BOSS","M","?","M","$","M","R","E","R","T","M","M","?","E","?","R","BOSS","M","$","?","?","M","R","E","R","T","R","M","M","M","E","R","BOSS","R","$","E","BOSS"],"items_purchased_type":["Relic","Relic","Relic","Card","Card","Relic","Card","Card"],"build_version":"2020-12-22","purchased_purges":2,"victory":true,"max_hp_per_floor":[70,70,70,70,70,70,70,70,70,70,70,70,70,70,70,70,70,70,70,70,70,70,70,82,82,82,82,82,82,82,82,82,82,82,82,82,82,82,82,82,82,82,82,82,82,82,82,82,82,82,82,82,82,82,82],"card_choices":[{"not_picked":["DemoMod:ConditionalReflex","DemoMod:HuntsMan"],"picked":"DemoMod:HardPowerCard","floor":1.0},{"not_picked":["DemoMod:FastSwitch","DemoMod:Unmoved","DemoMod:GunstockTap"],"picked":"SKIP","floor":4.0},{"not_picked":["DemoMod:DirectionalPad","DemoMod:GunstockTap"],"picked":"DemoMod:BalloonGun","floor":5.0},{"not_picked":["DemoMod:StickyCrossBow","DemoMod:MachoBrace"],"picked":"DemoMod:PotionOfGunFriendShip","floor":7.0},{"not_picked":["DemoMod:DoubleSwitch","DemoMod:HardPowerCard","DemoMod:HuntsMan"],"picked":"SKIP","floor":8.0},{"not_picked":["DemoMod:FastSwitch","DemoMod:GunstockTap"],"picked":"DemoMod:SuppressiveFire","floor":13.0},{"not_picked":["DemoMod:PotionOfGunFriendShip","DemoMod:ConditionalReflex","DemoMod:AWP"],"picked":"SKIP","floor":14.0},{"not_picked":["DemoMod:BlackHoleGun","DemoMod:FightSabre"],"picked":"DemoMod:Gungine","floor":16.0},{"not_picked":["DemoMod:Unmoved"],"picked":"SKIP","floor":18.0},{"not_picked":[],"picked":"DemoMod:Polaris","floor":19.0},{"not_picked":["DemoMod:AC15"],"picked":"SKIP","floor":20.0},{"not_picked":["DemoMod:MachoBrace"],"picked":"SKIP","floor":22.0},{"not_picked":["DemoMod:MachoBrace"],"picked":"SKIP","floor":22.0},{"not_picked":["DemoMod:AC15"],"picked":"SKIP","floor":24.0},{"not_picked":["DemoMod:AC15"],"picked":"SKIP","floor":24.0},{"not_picked":[],"picked":"DemoMod:HungryBullets","floor":27.0},{"not_picked":[],"picked":"DemoMod:BattleInHaste","floor":28.0},{"not_picked":[],"picked":"DemoMod:MachoBrace+1","floor":30.0},{"not_picked":[],"picked":"DemoMod:DarkMarker","floor":33.0},{"not_picked":[],"picked":"DemoMod:FightSabre","floor":33.0},{"not_picked":["DemoMod:MegaHand"],"picked":"SKIP","floor":35.0},{"not_picked":["DemoMod:TeaPot"],"picked":"SKIP","floor":38.0},{"not_picked":["DemoMod:DirectionalPad"],"picked":"SKIP","floor":39.0},{"not_picked":[],"picked":"DemoMod:DirectionalPad","floor":39.0},{"not_picked":["DemoMod:HardPowerCard"],"picked":"SKIP","floor":41.0},{"not_picked":["DemoMod:Polaris+1"],"picked":"SKIP","floor":45.0},{"not_picked":["DemoMod:ConditionalReflex"],"picked":"SKIP","floor":46.0},{"not_picked":[],"picked":"DemoMod:SniperShot+1","floor":47.0},{"not_picked":[],"picked":"DemoMod:TripleGun+1","floor":48.0},{"not_picked":[],"picked":"DemoMod:DoubleSwitch+1","floor":49.0},{"not_picked":[],"picked":"DemoMod:ProbeStrike","floor":52.0},{"not_picked":[],"picked":"DemoMod:SkilledReload+1","floor":54}],"player_experience":191376,"relics_obtained":[{"floor":8.0,"key":"Du-Vu Doll"},{"floor":9.0,"key":"Golden Egg"},{"floor":19.0,"key":"Red Mask"},{"floor":24.0,"key":"DemoMod:Orange"},{"floor":30.0,"key":"War Paint"},{"floor":41.0,"key":"yuri:PortableGlitches"},{"floor":43.0,"key":"DemoMod:Antibody"},{"floor":45.0,"key":"DemoMod:RatBoots"},{"floor":48.0,"key":"Dream Catcher"},{"floor":54,"key":"Ornamental Fan"}],"event_choices":[{"cards_removed":["DemoMod:Strike_Huntress"],"damage_healed":0.0,"max_hp_gain":0.0,"max_hp_loss":0.0,"gold_gain":0.0,"event_name":"Bonfire Elementals","player_choice":"Offered Basic","floor":3.0,"gold_loss":0.0,"damage_taken":0.0},{"damage_healed":0.0,"max_hp_gain":0.0,"max_hp_loss":0.0,"gold_gain":0.0,"event_name":"Golden Idol","player_choice":"Take Damage","floor":10.0,"gold_loss":0.0,"damage_taken":17.0,"relics_obtained":["Golden Idol"]},{"damage_healed":0.0,"max_hp_gain":0.0,"max_hp_loss":0.0,"gold_gain":0.0,"event_name":"Masked Bandits","player_choice":"Fought Bandits","floor":19.0,"gold_loss":0.0,"damage_taken":0.0}],"is_beta":false,"boss_relics":[{"not_picked":["PlaceholderMod:LiveLive","hubris:Stopwatch"],"picked":"Busted Crown"},{"not_picked":["Velvet Choker","ReplayTheSpireMod:DimensionalGlitch"],"picked":"ChewingGum"}],"items_purged_floors":[2,53],"is_endless":false,"potions_floor_spawned":[1,4,5,13,16,20,22,24,28,33,39,45,46,47,54],"ascension_level":0}}