{"host":"l0047jjvlunvhvbu","time":1609003189,"event":{"mods":["BaseMod","Colored Map","Colored Powertips","GifTheSpireLib","Minty Spire (QoL Compilation)","Permanent Neow","Quick Restart","StSLib"],"gold_per_floor":[119,135,135,147,147,147,175,191,191,191,201,230,245,245,245,348,348,367,386,26,52,65,65,95,95,119,136,136,136,14,31,31,130,130,145,164,164,164,178,204,204,220,520,27,46,46,46,62,62,62],"floor_reached":51,"playtime":3450,"items_purged":["Strike_G"],"score":1089,"play_id":"09761275-2896-4443-9c96-867b04924cbb","local_time":"20201226181949","is_ascension_mode":true,"campfire_choices":[{"floor":6.0,"key":"REST"},{"floor":10.0,"key":"REST"},{"data":"Noxious Fumes","floor":15.0,"key":"SMITH"},{"floor":23.0,"key":"REST"},{"floor":25.0,"key":"REST"},{"data":"Catalyst","floor":32.0,"key":"SMITH"},{"data":"Cloak And Dagger","floor":41.0,"key":"SMITH"},{"data":"Bouncing Flask","floor":46,"key":"SMITH"},{"floor":49,"key":"REST"}],"circlet_count":0,"master_deck":["AscendersBane","Strike_G","Strike_G","Strike_G","Defend_G","Defend_G","Defend_G","Defend_G","Survivor","Neutralize","Purity","Cloak And Dagger+1","Noxious Fumes+1","Dagger Throw","Masterful Stab","Poisoned Stab+1","Skewer","Burst+1","After Image","Backflip+1","Crippling Poison+1","Bullet Time","Catalyst+1","Noxious Fumes","Envenom","Crippling Poison+1","Catalyst+1","Terror+1","Bouncing Flask+1"],"relics":["Ring of the Snake","InkBottle","The Courier","Bottled Tornado","Gambling Chip","Philosopher\u0027s Stone","The Specimen","Snake Skull","Red Mask","War Paint","Tiny Chest","Blue Candle","HoveringKite","Darkstone Periapt","White Beast Statue","Old Coin","Shuriken","Bag of Marbles","Strange Spoon","Vajra"],"acts_visited":["Exordium","TheCity","TheBeyond"],"potions_floor_usage":[50,50],"damage_taken":[{"damage":6.0,"enemies":"Cultist","floor":1.0,"turns":5.0},{"damage":6.0,"enemies":"Jaw Worm","floor":2.0,"turns":5.0},{"damage":0.0,"enemies":"2 Louse","floor":4.0,"turns":2.0},{"damage":38.0,"enemies":"3 Sentries","floor":7.0,"turns":7.0},{"damage":1.0,"enemies":"Blue Slaver","floor":8.0,"turns":4.0},{"damage":0.0,"enemies":"Exordium Wildlife","floor":11.0,"turns":2.0},{"damage":23.0,"enemies":"Gremlin Nob","floor":12.0,"turns":4.0},{"damage":0.0,"enemies":"Large Slime","floor":13.0,"turns":4.0},{"damage":16.0,"enemies":"The Guardian","floor":16.0,"turns":11.0},{"damage":16.0,"enemies":"3 Byrds","floor":18.0,"turns":5.0},{"damage":8.0,"enemies":"Chosen","floor":19.0,"turns":4.0},{"damage":10.0,"enemies":"Masked Bandits","floor":21.0,"turns":4.0},{"damage":13.0,"enemies":"Snake Plant","floor":22.0,"turns":4.0},{"damage":11.0,"enemies":"Gremlin Leader","floor":24.0,"turns":5.0},{"damage":0.0,"enemies":"Chosen and Byrds","floor":27.0,"turns":4.0},{"damage":0.0,"enemies":"Snecko","floor":31.0,"turns":3.0},{"damage":7.0,"enemies":"Automaton","floor":33.0,"turns":6.0},{"damage":0.0,"enemies":"3 Shapes","floor":35.0,"turns":4.0},{"damage":8.0,"enemies":"3 Darklings","floor":36.0,"turns":4.0},{"damage":4.0,"enemies":"Sphere and 2 Shapes","floor":39.0,"turns":3.0},{"damage":0.0,"enemies":"Reptomancer","floor":40.0,"turns":2.0},{"damage":0.0,"enemies":"Transient","floor":42.0,"turns":5.0},{"damage":4,"enemies":"4 Shapes","floor":45,"turns":4},{"damage":0,"enemies":"Sphere and 2 Shapes","floor":48,"turns":3},{"damage":79,"enemies":"Awakened One","floor":50,"turns":8}],"seed_played":"4764563395482698146","potions_obtained":[{"floor":2.0,"key":"GamblersBrew"},{"floor":4.0,"key":"Ancient Potion"},{"floor":7.0,"key":"LiquidMemories"},{"floor":18.0,"key":"SpeedPotion"},{"floor":21.0,"key":"Weak Potion"},{"floor":24.0,"key":"Fire Potion"},{"floor":36.0,"key":"AttackPotion"},{"floor":39.0,"key":"Block Potion"},{"floor":42,"key":"Regen Potion"}],"is_trial":false,"path_per_floor":["M","M","?","M","?","R","E","M","T","R","M","E","M","?","R","B",null,"M","M","$","?","M","R","E","R","T","M","T","?","$","M","R","B",null,"M","M","T","$","M","E","R","M","T","$","M","R","T","M","R","B",null],"character_chosen":"THE_SILENT","items_purchased":["The Specimen","Snake Skull","Catalyst","Shuriken","Bag of Marbles","Strange Spoon","Bouncing Flask"],"campfire_rested":5,"item_purchase_floors":[20,20,30,44,44,44,44],"current_hp_per_floor":[57,51,44,44,44,65,27,26,26,47,47,24,24,24,24,8,55,39,31,31,21,8,29,18,39,39,39,39,39,39,39,39,32,61,61,53,53,53,49,49,49,49,49,49,45,45,45,45,66,2],"gold":62,"neow_bonus":"RANDOM_COLORLESS","is_daily":false,"chose_seed":false,"campfire_upgraded":4,"win_rate":0.0,"timestamp":1609003189,"path_taken":["M","M","?","M","?","R","E","M","T","R","?","E","M","?","R","BOSS","M","M","$","?","M","R","E","R","T","M","?","?","$","M","R","BOSS","M","M","?","$","M","E","R","M","T","$","M","R","?","M","R","BOSS"],"items_purchased_type":["Relic","Relic","Card","Relic","Relic","Relic","Card"],"build_version":"2020-12-22","purchased_purges":1,"victory":true,"max_hp_per_floor":[70,70,70,70,70,70,70,70,70,70,70,70,70,70,70,70,70,70,70,70,70,70,70,70,70,70,70,70,70,70,70,70,70,70,70,70,70,70,70,70,70,70,70,70,70,70,70,70,70,70],"card_choices":[{"not_picked":["Forethought","Panacea"],"picked":"Purity","floor":0.0},{"not_picked":["Slice","Outmaneuver"],"picked":"Cloak And Dagger","floor":1.0},{"not_picked":["Choke","Well Laid Plans"],"picked":"Noxious Fumes","floor":2.0},{"not_picked":["Reflex","Distraction"],"picked":"Dagger Throw","floor":4.0},{"not_picked":["Sucker Punch","Acrobatics","PiercingWail"],"picked":"SKIP","floor":7.0},{"not_picked":["Masterful Stab","Endless Agony","Bane"],"picked":"SKIP","floor":8.0},{"not_picked":["Night Terror","Dagger Throw"],"picked":"Poisoned Stab","floor":11.0},{"not_picked":["Quick Slash","Deflect"],"picked":"Skewer","floor":12.0},{"not_picked":["Footwork","Blade Dance"],"picked":"Burst","floor":13.0},{"not_picked":["Grand Finale","Storm of Steel"],"picked":"After Image","floor":16.0},{"not_picked":["Blade Dance","Cloak And Dagger"],"picked":"Backflip+1","floor":18.0},{"not_picked":["Blur","Predator"],"picked":"Crippling Poison","floor":19.0},{"not_picked":["Well Laid Plans","Poisoned Stab","Underhanded Strike"],"picked":"SKIP","floor":22.0},{"not_picked":["Underhanded Strike","Blur"],"picked":"Bullet Time","floor":24.0},{"not_picked":["Poisoned Stab","Quick Slash+1","Deflect"],"picked":"SKIP","floor":27.0},{"not_picked":["Sucker Punch","Slice+1"],"picked":"Noxious Fumes","floor":31.0},{"not_picked":["Night Terror","Venomology"],"picked":"Envenom","floor":33.0},{"not_picked":["Expertise","Cloak And Dagger+1","Concentrate"],"picked":"SKIP","floor":35.0},{"not_picked":["Concentrate","Leg Sweep"],"picked":"Crippling Poison+1","floor":36.0},{"not_picked":["PiercingWail+1","Slice"],"picked":"Catalyst+1","floor":39.0},{"not_picked":["Finisher+1","Prepared+1","Catalyst"],"picked":"SKIP","floor":40.0},{"not_picked":["Predator","PiercingWail"],"picked":"Terror+1","floor":42},{"not_picked":["Infinite Blades","Prepared+1","Outmaneuver"],"picked":"SKIP","floor":45},{"not_picked":["Footwork","Dodge and Roll+1","After Image"],"picked":"SKIP","floor":48}],"player_experience":232632,"relics_obtained":[{"floor":7.0,"key":"InkBottle"},{"floor":9.0,"key":"The Courier"},{"floor":12.0,"key":"Bottled Tornado"},{"floor":21.0,"key":"Red Mask"},{"floor":24.0,"key":"War Paint"},{"floor":26.0,"key":"Tiny Chest"},{"floor":28.0,"key":"Blue Candle"},{"floor":37.0,"key":"Darkstone Periapt"},{"floor":40.0,"key":"White Beast Statue"},{"floor":43,"key":"Old Coin"},{"floor":47,"key":"Vajra"}],"event_choices":[{"cards_removed":["Strike_G"],"damage_healed":0.0,"max_hp_gain":0.0,"max_hp_loss":0.0,"gold_gain":0.0,"event_name":"Golden Wing","player_choice":"Card Removal","floor":3.0,"gold_loss":0.0,"damage_taken":7.0},{"damage_healed":0.0,"max_hp_gain":0.0,"max_hp_loss":0.0,"gold_gain":0.0,"cards_transformed":["Defend_G"],"event_name":"Transmorgrifier","player_choice":"Transformed","floor":5.0,"gold_loss":0.0,"damage_taken":0.0,"cards_obtained":["Masterful Stab"]},{"damage_healed":0.0,"max_hp_gain":0.0,"max_hp_loss":0.0,"gold_gain":0.0,"event_name":"Dead Adventurer","player_choice":"Searched \u00271\u0027 times","floor":14.0,"gold_loss":0.0,"damage_taken":0.0,"relics_obtained":["Gambling Chip"]},{"damage_healed":0.0,"max_hp_gain":0.0,"max_hp_loss":0.0,"gold_gain":0.0,"event_name":"Masked Bandits","player_choice":"Fought Bandits","floor":21.0,"gold_loss":0.0,"damage_taken":0.0},{"damage_healed":0.0,"max_hp_gain":0.0,"max_hp_loss":0.0,"gold_gain":0.0,"event_name":"Accursed Blacksmith","player_choice":"Forge","floor":29.0,"gold_loss":0.0,"damage_taken":0.0,"cards_upgraded":["Poisoned Stab"]}],"is_beta":false,"boss_relics":[{"not_picked":["Runic Dome","Black Star"],"picked":"Philosopher\u0027s Stone"},{"not_picked":["Velvet Choker","Cursed Key"],"picked":"HoveringKite"}],"items_purged_floors":[30],"is_endless":false,"potions_floor_spawned":[2,4,7,18,21,24,36,39,42,45,48],"ascension_level":10}}