{"host":"bjzqjr1ycgj8gt55","time":1609025218,"event":{"mods":["BaseMod","Better Altar","Better Match","Better Sensory Stone","Better Skull","Better Third Choice","Better Vampires","Block Reminder","Colored Map","Colored Powertips","Downfall","GifTheSpireLib","Minty Spire (QoL Compilation)","Shop Mod","StSLib","Waifu the Spire"],"gold_per_floor":[99,99,112,123,139,155,181,215,235,74,74,74,108,127,139,237,237,162,174,174,3,3,19,19,32,32,48,76,90,102,102,118,218,218,143,159,169,182,182,107,107,92,92,424,444,444,444,472,486,486],"floor_reached":51,"playtime":2716,"items_purged":["Guardian:Strike_Guardian"],"score":803,"play_id":"fb00c158-7d86-46f3-9d17-e60718045b4c","local_time":"20201226172658","is_ascension_mode":true,"campfire_choices":[{"floor":1,"key":"REST"},{"data":"Guardian:DecasProtection","floor":12,"key":"SMITH"},{"data":"Guardian:MultiBeam","floor":18,"key":"SMITH"},{"floor":26,"key":"REST"},{"floor":35,"key":"RECALL"},{"floor":40,"key":"REST"},{"data":"Guardian:FuturePlans","floor":47,"key":"SMITH"}],"circlet_count":0,"master_deck":["Guardian:Strike_Guardian","Guardian:Strike_Guardian","Guardian:Strike_Guardian","Guardian:Defend_Guardian","Guardian:Defend_Guardian","Guardian:Defend_Guardian","Guardian:CurlUp","Guardian:TwinSlam","Guardian:FastForward","Guardian:ChargeUp","Guardian:TemporalStrike","Guardian:MultiBeam+1","Guardian:ShieldSpikes","Guardian:BronzeOrb","Guardian:DecasProtection+1","Guardian:FuturePlans+1","Guardian:GatlingBeam+1","Guardian:BronzeArmor","Guardian:Suspension","Guardian:VentSteam","Guardian:AncientConstruct","Guardian:Reroute+1","expansioncontent:DecasProtection","expansioncontent:BronzeBeam","Guardian:Orbwalk","Guardian:ChargeUp+1","Guardian:PiercingHide","Guardian:TimeCapacitor","Guardian:TimeBomb","Guardian:CompilePackage","Guardian:PiercingHide","Guardian:ShieldCharger","Parasite","Writhe","Guardian:TimeCapacitor","Guardian:Planning+1","Guardian:EvasiveProtocol","Guardian:FuturePlans","Guardian:PiercingHide+1"],"relics":["Guardian:ModeShifter","Bronze Scales","Nunchaku","Sozu","downfall:HeartBlessingBlue","Nilry\u0027s Codex","Strawberry","Pear","Pantograph","Cursed Key","downfall:HeartBlessingGreen","downfall:HeartBlessingRed","Toxic Egg 2","Old Coin","Pen Nib"],"acts_visited":["Exordium","TheCity","TheBeyond"],"potions_floor_usage":[8,8,33],"damage_taken":[{"damage":0,"enemies":"Small Slimes","floor":3,"turns":3},{"damage":0,"enemies":"Cultist","floor":4,"turns":3},{"damage":6,"enemies":"Jaw Worm","floor":5,"turns":4},{"damage":12,"enemies":"Lots of Slimes","floor":6,"turns":3},{"damage":3,"enemies":"Gremlin Nob","floor":8,"turns":4},{"damage":3,"enemies":"3 Louse","floor":9,"turns":2},{"damage":0,"enemies":"downfall:FleeingMerchant","floor":10,"turns":4},{"damage":3,"enemies":"3 Sentries","floor":13,"turns":5},{"damage":7,"enemies":"Large Slime","floor":14,"turns":5},{"damage":0,"enemies":"Blue Slaver","floor":15,"turns":3},{"damage":14,"enemies":"downfall:Ironclad","floor":16,"turns":7},{"damage":11,"enemies":"Shell Parasite","floor":19,"turns":4},{"damage":0,"enemies":"downfall:FleeingMerchant","floor":21,"turns":4},{"damage":17,"enemies":"3 Byrds","floor":23,"turns":3},{"damage":2,"enemies":"Snake Plant","floor":25,"turns":3},{"damage":0,"enemies":"Snecko","floor":27,"turns":5},{"damage":20,"enemies":"Book of Stabbing","floor":28,"turns":6},{"damage":16,"enemies":"Centurion and Healer","floor":29,"turns":6},{"damage":6,"enemies":"Snake Plant","floor":30,"turns":3},{"damage":9,"enemies":"Cultist and Chosen","floor":32,"turns":5},{"damage":26,"enemies":"downfall:Watcher","floor":33,"turns":7},{"damage":0,"enemies":"Orb Walker","floor":36,"turns":5},{"damage":7,"enemies":"3 Shapes","floor":37,"turns":4},{"damage":15,"enemies":"Writhing Mass","floor":38,"turns":7},{"damage":0,"enemies":"downfall:FleeingMerchant","floor":42,"turns":4},{"damage":2,"enemies":"Reptomancer","floor":44,"turns":8},{"damage":0,"enemies":"Sphere and 2 Shapes","floor":45,"turns":3},{"damage":20,"enemies":"Giant Head","floor":48,"turns":8},{"damage":23,"enemies":"4 Shapes","floor":49,"turns":2},{"damage":38,"enemies":"downfall:Silent","floor":50,"turns":10}],"seed_played":"630839596949937922","potions_obtained":[{"floor":5,"key":"DistilledChaos"},{"floor":6,"key":"SteroidPotion"},{"floor":14,"key":"CultistPotion"},{"floor":15,"key":"Fire Potion"},{"floor":16,"key":"Energy Potion"}],"is_trial":false,"path_per_floor":["R","?","M","M","M","M","T","E","M","$","?","R","E","M","M","B",null,"R","M","?","$","?","M","T","M","R","M","E","M","M","?","M","B",null,"R","M","M","M","?","R","T","$","?","E","M","T","R","E","M","B",null],"character_chosen":"GUARDIAN","items_purchased":["Guardian:GatlingBeam","Guardian:Orbwalk"],"campfire_rested":3,"item_purchase_floors":[10,21],"current_hp_per_floor":[80,80,80,80,74,62,62,59,56,56,56,56,53,46,46,32,80,90,79,79,79,63,46,53,51,80,80,70,54,48,48,39,38,107,107,107,100,85,85,107,107,107,107,105,105,105,105,85,62,49],"gold":486,"neow_bonus":"THREE_RARE_CARDS","is_daily":false,"chose_seed":false,"campfire_upgraded":3,"win_rate":0.0,"timestamp":1609025218,"path_taken":["R","?","M","M","?","M","T","E","M","$","?","R","E","?","M","BOSS","R","M","?","$","?","M","T","M","R","M","E","M","M","?","M","BOSS","R","M","M","M","?","R","T","$","?","E","M","?","R","E","M","BOSS"],"items_purchased_type":["Card","Card"],"build_version":"2020-12-22","purchased_purges":1,"victory":true,"max_hp_per_floor":[80,80,80,80,80,80,80,80,80,80,80,80,80,80,80,80,80,90,90,90,90,90,90,97,97,97,97,107,107,107,107,107,107,107,107,107,107,107,107,107,107,107,107,107,107,107,107,107,107,107],"card_choices":[{"not_picked":["Guardian:GemFire","Guardian:Gem_Synthetic"],"picked":"Guardian:FastForward","floor":0},{"not_picked":["Guardian:Suspension","Guardian:Gem_Crimson"],"picked":"Guardian:ChargeUp","floor":3},{"not_picked":["Guardian:RollAttack","Guardian:ArmoredProtocol"],"picked":"Guardian:TemporalStrike","floor":4},{"not_picked":["Guardian:RollAttack","Guardian:PrimingBeam"],"picked":"Guardian:MultiBeam","floor":5},{"not_picked":["Guardian:Gem_Crimson","Guardian:VentSteam"],"picked":"Guardian:ShieldSpikes","floor":6},{"not_picked":["Guardian:Incinerate","Guardian:Gem_White"],"picked":"Guardian:BronzeOrb","floor":8},{"not_picked":["Guardian:Gem_Red","Guardian:ChargeCore"],"picked":"Guardian:DecasProtection","floor":9},{"not_picked":["Guardian:Suspension","Guardian:DonusPower"],"picked":"Guardian:FuturePlans","floor":10},{"not_picked":["Guardian:VentSteam","Guardian:Gem_Red"],"picked":"Guardian:BronzeArmor","floor":13},{"not_picked":["Guardian:StasisStrike","Guardian:Recover"],"picked":"Guardian:Suspension","floor":14},{"not_picked":["Guardian:GuardianWhirl","Guardian:Gem_Cyan"],"picked":"Guardian:VentSteam","floor":15},{"not_picked":["Guardian:ExploitGems","Guardian:GemFinder"],"picked":"Guardian:AncientConstruct","floor":16},{"not_picked":["Guardian:Gem_Green","Guardian:Suspension+1"],"picked":"Guardian:Reroute+1","floor":19},{"not_picked":["Impatience","expansioncontent:Flail"],"picked":"expansioncontent:DecasProtection","floor":20},{"not_picked":["expansioncontent:FaceSlap","Magnetism"],"picked":"expansioncontent:BronzeBeam","floor":20},{"not_picked":["Guardian:WalkerClaw","Guardian:Gem_Blue"],"picked":"Guardian:Gem_Fragmented","floor":21},{"not_picked":["Guardian:PolyBeam","Guardian:Planning"],"picked":"Guardian:ChargeUp+1","floor":23},{"not_picked":["Guardian:TemporalStrike","Guardian:Reroute"],"picked":"Guardian:Gem_Lightblue","floor":25},{"not_picked":["Guardian:Repulse","Guardian:Suspension"],"picked":"Guardian:PiercingHide","floor":27},{"not_picked":["Guardian:WalkerClaw","Guardian:ShieldCharger"],"picked":"Guardian:TimeCapacitor","floor":28},{"not_picked":["Guardian:CrystalBeam","Guardian:Reroute","Guardian:Incinerate"],"picked":"SKIP","floor":29},{"not_picked":["Guardian:Gem_Crimson","Guardian:Gem_Lightblue"],"picked":"Guardian:TimeBomb","floor":30},{"not_picked":["Guardian:GuardianWhirl","Guardian:PrismaticBeam","Guardian:TemporalShield"],"picked":"SKIP","floor":32},{"not_picked":["Guardian:BaubleBeam","Guardian:GemFinder"],"picked":"Guardian:CompilePackage","floor":33},{"not_picked":["Guardian:Gem_Green","Guardian:ChargeCore"],"picked":"Guardian:PiercingHide","floor":36},{"not_picked":["Guardian:Incinerate+1","Guardian:WalkerClaw"],"picked":"Guardian:ShieldCharger","floor":37},{"not_picked":["Guardian:Emergency","Guardian:Gem_Purple"],"picked":"Guardian:Gem_Crimson","floor":38},{"not_picked":["Guardian:TemporalStrike","Guardian:PiercingHide+1"],"picked":"Guardian:TimeCapacitor","floor":42},{"not_picked":["Guardian:CrystalBeam+1","Guardian:Recover+1"],"picked":"Guardian:Planning+1","floor":44},{"not_picked":["Guardian:Gem_Purple","Guardian:Gem_Cyan"],"picked":"Guardian:EvasiveProtocol","floor":45},{"not_picked":["Guardian:Gem_Green","Guardian:ShieldCharger+1"],"picked":"Guardian:FuturePlans","floor":48},{"not_picked":["Guardian:StasisStrike","Guardian:TimeCapacitor"],"picked":"Guardian:PiercingHide+1","floor":49}],"player_experience":103215,"relics_obtained":[{"floor":8,"key":"Bronze Scales"},{"floor":13,"key":"Nunchaku"},{"floor":22,"key":"Nilry\u0027s Codex"},{"floor":24,"key":"Strawberry"},{"floor":28,"key":"Pear"},{"floor":41,"key":"Toxic Egg 2"},{"floor":44,"key":"Old Coin"},{"floor":48,"key":"Pen Nib"}],"event_choices":[{"cards_removed":["Guardian:Defend_Guardian"],"damage_healed":0,"gold_gain":0,"player_choice":"Offered Basic","damage_taken":0,"max_hp_gain":0,"max_hp_loss":0,"event_name":"Bonfire Elementals","floor":2,"gold_loss":0},{"damage_healed":0,"gold_gain":2,"player_choice":"1","damage_taken":0,"max_hp_gain":0,"max_hp_loss":0,"event_name":"betterStone:BetterStone","floor":20,"gold_loss":0}],"is_beta":false,"boss_relics":[{"not_picked":["SacredBark","Snecko Eye"],"picked":"Sozu"},{"not_picked":["Coffee Dripper","Runic Dome"],"picked":"Cursed Key"}],"items_purged_floors":[21],"is_endless":false,"potions_floor_spawned":[5,6,14,15,16,19,23,27,28,29,33,37,44],"ascension_level":1}}