{"host":"5fasz840ryq7obdf","time":1609002935,"event":{"mods":["AchievementEnabler","BaseMod","Bestiary","Better Altar","Better Skull","Better Third Choice","BetterRewards","Block Reminder","Colored Powertips","Curses Come First","Minty Spire (QoL Compilation)","Quick Restart","Relic Stats","Shop Mod","Spicy Shops","StSLib"],"gold_per_floor":[116,116,126,4,23,23,55,15,63,89,102,102,135,145,145,219,219,237,25,25,40,40,40,69,5,5,45,69,111,131,151,151,234,234,246,272,293,293,293,293],"floor_reached":39,"playtime":3478,"items_purged":["Strike_P","Defend_P"],"score":1047,"play_id":"43ed1b49-3474-4bce-beeb-207b29c2e964","local_time":"20201226171535","is_ascension_mode":true,"campfire_choices":[{"data":"Eruption","floor":6.0,"key":"SMITH"},{"floor":15.0,"key":"REST"},{"floor":23.0,"key":"REST"},{"data":"DeusExMachina","floor":32.0,"key":"SMITH"}],"circlet_count":0,"master_deck":["AscendersBane","Strike_P+1","Strike_P+1","Strike_P+1","Defend_P+1","Defend_P","Eruption+1","Vigilance","WheelKick+1","JustLucky+1","Consecrate+1","Burn+1","CutThroughFate+1","TalkToTheHand+1","Adaptation+1","EmptyBody+1","InnerPeace","DeusExMachina+1","Protect","Eruption+1","LessonLearned+1","Wireheading","CrushJoints+1","DevaForm","ClearTheMind","Nirvana","Nirvana+1","ReachHeaven+1","MentalFortress","LikeWater","ReachHeaven+1","CrushJoints+1","Evaluate","FlurryOfBlows+1","CutThroughFate+1","ConjureBlade","Halt","SashWhip+1"],"relics":["HolyWater","Membership Card","Vajra","TungstenRod","Gremlin Horn","Molten Egg 2","Whetstone","Toy Ornithopter","War Paint","Boot","Kunai","GoldenEye","Matryoshka","Letter Opener","CeramicFish","Bottled Lightning","Happy Flower","Meat on the Bone","SlaversCollar"],"acts_visited":["Exordium","TheCity","TheBeyond"],"potions_floor_usage":[],"damage_taken":[{"damage":0.0,"enemies":"2 Louse","floor":1.0,"turns":2.0},{"damage":0.0,"enemies":"Small Slimes","floor":3.0,"turns":1.0},{"damage":0.0,"enemies":"Cultist","floor":5.0,"turns":1.0},{"damage":3.0,"enemies":"3 Sentries","floor":7.0,"turns":3.0},{"damage":15.0,"enemies":"Lagavulin","floor":10.0,"turns":3.0},{"damage":0.0,"enemies":"2 Fungi Beasts","floor":11.0,"turns":1.0},{"damage":3.0,"enemies":"3 Sentries","floor":13.0,"turns":3.0},{"damage":1.0,"enemies":"Red Slaver","floor":14.0,"turns":3.0},{"damage":0.0,"enemies":"The Guardian","floor":16.0,"turns":6.0},{"damage":18.0,"enemies":"Spheric Guardian","floor":18.0,"turns":4.0},{"damage":14.0,"enemies":"3 Byrds","floor":21.0,"turns":5.0},{"damage":14.0,"enemies":"Gremlin Leader","floor":24.0,"turns":5.0},{"damage":23.0,"enemies":"Slavers","floor":27.0,"turns":2.0},{"damage":0.0,"enemies":"3 Cultists","floor":28.0,"turns":2.0},{"damage":8.0,"enemies":"Gremlin Leader","floor":29.0,"turns":3.0},{"damage":0.0,"enemies":"Chosen and Byrds","floor":30.0,"turns":5.0},{"damage":5.0,"enemies":"Centurion and Healer","floor":31.0,"turns":3.0},{"damage":7.0,"enemies":"Automaton","floor":33.0,"turns":6.0},{"damage":7.0,"enemies":"Orb Walker","floor":35.0,"turns":3.0},{"damage":6.0,"enemies":"3 Darklings","floor":36.0,"turns":2.0},{"damage":14.0,"enemies":"4 Shapes","floor":37.0,"turns":3.0},{"damage":51,"enemies":"Spire Growth","floor":39,"turns":3}],"seed_played":"-8875002174194172773","potions_obtained":[{"floor":1.0,"key":"Strength Potion"},{"floor":7.0,"key":"BottledMiracle"},{"floor":16.0,"key":"DuplicationPotion"},{"floor":27.0,"key":"Dexterity Potion"},{"floor":29.0,"key":"Dexterity Potion"}],"is_trial":false,"path_per_floor":["M","?","M","$","M","R","E","$","T","E","M","?","E","M","R","B",null,"M","$","?","M","?","R","E","$","T","E","M","E","M","M","R","B",null,"M","M","M","?","M"],"character_chosen":"WATCHER","items_purchased":["Membership Card","Vajra","TungstenRod","Gremlin Horn","Molten Egg 2","WheelKick+1","JustLucky+1","TalkToTheHand+1","Adaptation","Whetstone","War Paint","Nirvana","JustLucky+1","Matryoshka","LikeWater","ReachHeaven+1"],"campfire_rested":2,"item_purchase_floors":[0,0,0,0,0,0,0,4,4,4,8,19,19,19,25,25],"current_hp_per_floor":[30,30,30,30,30,30,27,27,27,12,12,12,9,8,28,28,58,40,40,40,26,26,46,32,32,32,14,14,11,23,30,30,35,60,53,47,45,45,0,0],"gold":293,"neow_bonus":"","is_daily":false,"chose_seed":false,"campfire_upgraded":2,"win_rate":0.0,"timestamp":1609002935,"path_taken":["M","?","M","$","M","R","E","$","T","E","M","?","E","M","R","BOSS","M","$","?","M","?","R","E","$","T","E","?","E","M","M","R","BOSS","M","?","M","?","M"],"items_purchased_type":["Relic","Relic","Relic","Relic","Relic","Card","Card","Card","Card","Relic","Relic","Card","Card","Relic","Card","Card"],"build_version":"2020-12-22","purchased_purges":2,"victory":false,"max_hp_per_floor":[68,68,68,68,68,68,68,68,68,68,68,68,68,68,68,68,68,68,68,68,68,68,68,68,68,68,68,68,68,68,68,68,68,68,68,68,68,68,68,68],"relic_stats":{"Gremlin Horn":[27,27],"Happy Flower":[10],"counters":[22,69],"CeramicFish":63,"Whetstone":["Strike_P","Strike_P"],"Letter Opener":[92],"War Paint":["Defend_P","EmptyBody"],"Boot":[17],"GoldenEye":[99],"Kunai":[37],"obtain_stats":[{"Gremlin Horn":0,"Happy Flower":27,"CeramicFish":26,"Vajra":0,"Whetstone":4,"Letter Opener":24,"War Paint":8,"Boot":9,"GoldenEye":13,"SlaversCollar":34,"Matryoshka":19,"HolyWater":17,"Molten Egg 2":0,"Membership Card":0,"Kunai":10,"Bottled Lightning":26,"PureWater":0,"TungstenRod":0,"Toy Ornithopter":7,"Meat on the Bone":29},{"Gremlin Horn":0,"Happy Flower":13,"CeramicFish":12,"Vajra":0,"Whetstone":2,"Letter Opener":12,"War Paint":4,"Boot":4,"GoldenEye":7,"SlaversCollar":18,"Matryoshka":10,"HolyWater":9,"Molten Egg 2":0,"Membership Card":0,"Kunai":5,"Bottled Lightning":12,"PureWater":0,"TungstenRod":0,"Toy Ornithopter":4,"Meat on the Bone":15},{"Gremlin Horn":0,"Happy Flower":39,"CeramicFish":37,"Vajra":0,"Whetstone":3,"Letter Opener":37,"War Paint":7,"Boot":7,"GoldenEye":14,"SlaversCollar":58,"Matryoshka":27,"HolyWater":23,"Molten Egg 2":0,"Membership Card":0,"Kunai":10,"Bottled Lightning":37,"PureWater":0,"TungstenRod":0,"Toy Ornithopter":7,"Meat on the Bone":44}],"TungstenRod":36,"Toy Ornithopter":10,"Meat on the Bone":48},"card_choices":[{"not_picked":["ThirdEye","Sanctity"],"picked":"Consecrate+1","floor":1.0},{"not_picked":["EmptyFist+1","WaveOfTheHand"],"picked":"CutThroughFate+1","floor":3.0},{"not_picked":["CutThroughFate+1","PathToVictory"],"picked":"EmptyBody","floor":5.0},{"not_picked":["Halt","Evaluate"],"picked":"InnerPeace","floor":7.0},{"not_picked":["Fasting2","CarveReality+1"],"picked":"DeusExMachina","floor":10.0},{"not_picked":["Collect","Halt"],"picked":"Protect","floor":11.0},{"not_picked":["FollowUp+1","JustLucky+1"],"picked":"Wireheading","floor":13.0},{"not_picked":["Indignation","MentalFortress"],"picked":"CrushJoints+1","floor":14.0},{"not_picked":["MasterReality","Ragnarok+1"],"picked":"DevaForm","floor":16.0},{"not_picked":["Conclude+1","EmptyFist+1"],"picked":"ClearTheMind","floor":18.0},{"not_picked":["SashWhip+1","Crescendo"],"picked":"ReachHeaven+1","floor":21.0},{"not_picked":["WreathOfFlame","FollowUp+1"],"picked":"MentalFortress","floor":24.0},{"not_picked":["FearNoEvil+1","Wireheading"],"picked":"CrushJoints+1","floor":27.0},{"not_picked":["Meditate","BattleHymn"],"picked":"Evaluate","floor":28.0},{"not_picked":["FollowUp+1","Adaptation"],"picked":"FlurryOfBlows+1","floor":29.0},{"not_picked":["ReachHeaven+1","Crescendo"],"picked":"CutThroughFate+1","floor":30.0},{"not_picked":["PathToVictory+1","FearNoEvil+1","Swivel"],"picked":"SKIP","floor":31.0},{"not_picked":["Establishment","Devotion"],"picked":"ConjureBlade","floor":33.0},{"not_picked":["FollowUp+1","PathToVictory","ClearTheMind"],"picked":"SKIP","floor":35.0},{"not_picked":["FlyingSleeves+1","WindmillStrike+1"],"picked":"Halt","floor":36.0},{"not_picked":["Wireheading","BowlingBash+1"],"picked":"SashWhip+1","floor":37.0}],"player_experience":1127531,"relics_obtained":[{"floor":7.0,"key":"Toy Ornithopter"},{"floor":9.0,"key":"Boot"},{"floor":10.0,"key":"Kunai"},{"floor":13.0,"key":"GoldenEye"},{"floor":24.0,"key":"Letter Opener"},{"floor":26.0,"key":"CeramicFish"},{"floor":26.0,"key":"Bottled Lightning"},{"floor":27.0,"key":"Happy Flower"},{"floor":29.0,"key":"Meat on the Bone"}],"event_choices":[{"damage_healed":30.0,"max_hp_gain":0.0,"max_hp_loss":68.0,"gold_gain":0.0,"event_name":"betterThird:BetterShining","player_choice":"Embrace Burn","floor":2.0,"gold_loss":0.0,"damage_taken":0.0},{"damage_healed":0.0,"max_hp_gain":0.0,"max_hp_loss":0.0,"gold_gain":0.0,"event_name":"Match and Keep!","player_choice":"2 cards matched","floor":12.0,"gold_loss":0.0,"damage_taken":0.0,"cards_obtained":["Eruption","LessonLearned"]},{"damage_healed":0.0,"max_hp_gain":0.0,"max_hp_loss":0.0,"gold_gain":0.0,"event_name":"The Library","player_choice":"Read","floor":20.0,"gold_loss":0.0,"damage_taken":0.0,"cards_obtained":["Nirvana"]},{"cards_removed":["Defend_P"],"damage_healed":0.0,"max_hp_gain":0.0,"max_hp_loss":0.0,"gold_gain":0.0,"event_name":"Bonfire Elementals","player_choice":"Offered Basic","floor":22.0,"gold_loss":0.0,"damage_taken":0.0},{"cards_removed":["JustLucky"],"damage_healed":0.0,"max_hp_gain":0.0,"max_hp_loss":0.0,"gold_gain":0.0,"event_name":"Falling","player_choice":"Removed Attack","floor":38.0,"gold_loss":0.0,"damage_taken":0.0}],"is_beta":false,"boss_relics":[{"not_picked":["Calling Bell","Tiny House"],"picked":"HolyWater"},{"not_picked":["SacredBark","Empty Cage"],"picked":"SlaversCollar"}],"items_purged_floors":[0,0],"is_endless":false,"potions_floor_spawned":[1,7,13,16,21,27,28,29,31,37],"killed_by":"Spire Growth","ascension_level":20}}