{"host":"atc9njsbcy6dgluf","time":1609009021,"event":{"mods":["BaseMod","Minty Spire (QoL Compilation)","StSLib","The Marked"],"gold_per_floor":[20,20,32,42,55,55,65,79,79,113,113,63,96,112,112,215,215,232,248,267,366,366,393,83,115,165,178,178,73,73,85,85,188,188,202,202,52,68,68,100,100,133,156,170,170,199,210,210,210,210,210],"floor_reached":50,"playtime":5106,"items_purged":["Decay"],"score":607,"play_id":"3d85a884-3655-4a3e-8159-d8d156218d25","local_time":"20201226195701","is_ascension_mode":false,"campfire_choices":[{"data":"theMarked:Polarize","floor":6.0,"key":"SMITH"},{"floor":15.0,"key":"REST"},{"floor":28.0,"key":"REST"},{"floor":30.0,"key":"REST"},{"floor":32.0,"key":"REST"},{"floor":49,"key":"RECALL"}],"circlet_count":0,"master_deck":["theMarked:Strike","theMarked:Strike+1","theMarked:Strike","theMarked:Strike","theMarked:Defend","theMarked:Defend","theMarked:Defend","theMarked:Defend","theMarked:SoldierOfQuellstein","theMarked:BindingBlade","theMarked:GodGivenPower","theMarked:StartUp","theMarked:Polarize+1","theMarked:Overcharge","theMarked:MaelstromOfLightning","theMarked:EnhancedHearing","theMarked:RogueSparks","theMarked:Snap+1","theMarked:Generate+1","theMarked:ReduceFriction","theMarked:Electrify+1","theMarked:ElectricStrings","theMarked:HeightenedSenses","theMarked:ComboAttacks","theMarked:Static","theMarked:Polarize+1","theMarked:MagicAdept+1","theMarked:EnhanceMovement","theMarked:MagicAdept+1","Doubt","theMarked:ComboAttacks+1","Pain"],"relics":["theMarked:ArtifactOfAir","Bag of Preparation","Smiling Mask","Incense Burner","Ornamental Fan","theMarked:Gun","Juzu Bracelet","Centennial Puzzle","Philosopher\u0027s Stone","Toy Ornithopter","Blue Candle","Gremlin Horn","Whetstone","Orichalcum","WarpedTongs"],"acts_visited":["Exordium","TheCity","TheBeyond"],"potions_floor_usage":[42,42,50],"damage_taken":[{"damage":1.0,"enemies":"Jaw Worm","floor":1.0,"turns":3.0},{"damage":1.0,"enemies":"Cultist","floor":3.0,"turns":3.0},{"damage":0.0,"enemies":"Small Slimes","floor":4.0,"turns":3.0},{"damage":8.0,"enemies":"2 Fungi Beasts","floor":5.0,"turns":3.0},{"damage":0.0,"enemies":"3 Louse","floor":7.0,"turns":2.0},{"damage":8.0,"enemies":"Lots of Slimes","floor":8.0,"turns":4.0},{"damage":8.0,"enemies":"Lagavulin","floor":10.0,"turns":5.0},{"damage":12.0,"enemies":"Gremlin Nob","floor":13.0,"turns":3.0},{"damage":8.0,"enemies":"Gremlin Gang","floor":14.0,"turns":4.0},{"damage":7.0,"enemies":"The Guardian","floor":16.0,"turns":7.0},{"damage":18.0,"enemies":"3 Byrds","floor":18.0,"turns":5.0},{"damage":24.0,"enemies":"Shell Parasite","floor":19.0,"turns":4.0},{"damage":0.0,"enemies":"Snake Plant","floor":20.0,"turns":2.0},{"damage":4.0,"enemies":"Gremlin Leader","floor":23.0,"turns":3.0},{"damage":20.0,"enemies":"Book of Stabbing","floor":25.0,"turns":4.0},{"damage":0.0,"enemies":"Cultist and Chosen","floor":27.0,"turns":3.0},{"damage":20.0,"enemies":"Centurion and Healer","floor":31.0,"turns":3.0},{"damage":4.0,"enemies":"Automaton","floor":33.0,"turns":3.0},{"damage":3.0,"enemies":"3 Shapes","floor":35.0,"turns":2.0},{"damage":10.0,"enemies":"3 Darklings","floor":38.0,"turns":4.0},{"damage":23.0,"enemies":"Giant Head","floor":40.0,"turns":4.0},{"damage":32,"enemies":"Reptomancer","floor":42,"turns":5},{"damage":0,"enemies":"Spire Growth","floor":44,"turns":2},{"damage":17,"enemies":"Nemesis","floor":46,"turns":3},{"damage":13,"enemies":"Sphere and 2 Shapes","floor":47,"turns":2},{"damage":65,"enemies":"Time Eater","floor":50,"turns":4}],"seed_played":"7496120648115312842","potions_obtained":[{"floor":1.0,"key":"SteroidPotion"},{"floor":2.0,"key":"Strength Potion"},{"floor":2.0,"key":"PowerPotion"},{"floor":2.0,"key":"FearPotion"},{"floor":8.0,"key":"Weak Potion"},{"floor":14.0,"key":"GamblersBrew"},{"floor":16.0,"key":"Strength Potion"},{"floor":18.0,"key":"FearPotion"},{"floor":20.0,"key":"SpeedPotion"},{"floor":27.0,"key":"PowerPotion"},{"floor":33.0,"key":"BlessingOfTheForge"},{"floor":35.0,"key":"SteroidPotion"},{"floor":47,"key":"SteroidPotion"}],"is_trial":false,"path_per_floor":["M","?","M","M","M","R","M","M","T","E","?","?","E","M","R","B",null,"M","M","M","?","?","E","$","E","T","M","R","$","R","M","R","B",null,"M","?","$","M","?","E","?","E","T","M","?","E","M","?","R","B"],"character_chosen":"THE_DEFAULT","items_purchased":["theMarked:Gun","theMarked:ElectricStrings","theMarked:ComboAttacks","theMarked:Static","Toy Ornithopter"],"campfire_rested":4,"item_purchase_floors":[24,24,29,29,37],"current_hp_per_floor":[69,69,68,68,60,60,60,52,52,44,44,44,32,24,45,38,70,52,28,28,28,28,24,24,4,4,4,25,25,46,26,47,43,70,67,66,66,56,56,33,33,11,11,11,66,49,36,36,36,0,0],"gold":210,"neow_bonus":"THREE_RARE_CARDS","is_daily":false,"chose_seed":false,"campfire_upgraded":1,"win_rate":0.0,"timestamp":1609009021,"path_taken":["M","?","M","M","M","R","?","M","T","E","?","?","E","M","R","BOSS","M","M","M","?","?","E","$","E","T","M","R","$","R","M","R","BOSS","M","?","$","M","?","E","?","E","T","M","?","E","M","?","R","BOSS"],"items_purchased_type":["Relic","Card","Card","Card","Relic"],"build_version":"2020-12-22","purchased_purges":1,"victory":false,"max_hp_per_floor":[70,70,70,70,70,70,70,70,70,70,70,70,70,70,70,70,70,70,70,70,70,70,70,70,70,70,70,70,70,70,70,70,70,70,70,66,66,66,66,66,66,66,66,66,66,66,66,66,66,66,66],"card_choices":[{"not_picked":["theMarked:SuspiciousRaven","theMarked:DispelDoubt"],"picked":"theMarked:BindingBlade","floor":0.0},{"not_picked":["theMarked:MaelstromOfLightning","theMarked:Improvise"],"picked":"theMarked:GodGivenPower","floor":1.0},{"not_picked":["theMarked:Electrocute","theMarked:Aftermath"],"picked":"theMarked:StartUp","floor":3.0},{"not_picked":["theMarked:Improvise","theMarked:RepellingDischarge","theMarked:SwordAndMagic"],"picked":"SKIP","floor":4.0},{"not_picked":["theMarked:ComboAttacks","theMarked:HeightenedSenses"],"picked":"theMarked:Polarize","floor":5.0},{"not_picked":["theMarked:Static","theMarked:ContemptForTheProud"],"picked":"theMarked:Overcharge","floor":7.0},{"not_picked":["theMarked:Overcharge","theMarked:TunnelVision"],"picked":"theMarked:MaelstromOfLightning","floor":8.0},{"not_picked":["theMarked:ReduceFriction","theMarked:Opportunist"],"picked":"theMarked:EnhancedHearing","floor":10.0},{"not_picked":["theMarked:SwordAndMagic","theMarked:WastefulAttack"],"picked":"theMarked:RogueSparks","floor":13.0},{"not_picked":["theMarked:Aftermath","theMarked:ElectricStrings","theMarked:WastefulAttack"],"picked":"SKIP","floor":14.0},{"not_picked":["theMarked:EternalStudent","theMarked:SuspiciousRaven"],"picked":"theMarked:Snap","floor":16.0},{"not_picked":["theMarked:Improvise","theMarked:BanishingStrike+1","theMarked:ChainLightning"],"picked":"SKIP","floor":18.0},{"not_picked":["theMarked:TwofoldDefense+1","theMarked:ChainLightning"],"picked":"theMarked:Generate+1","floor":19.0},{"not_picked":["theMarked:BanishingWave","theMarked:Overcharge+1"],"picked":"theMarked:ReduceFriction","floor":20.0},{"not_picked":["theMarked:TakeOffHeels","theMarked:ChainLightning+1"],"picked":"theMarked:Electrify+1","floor":23.0},{"not_picked":["theMarked:Frustration","theMarked:Reabsorb"],"picked":"theMarked:HeightenedSenses","floor":25.0},{"not_picked":["theMarked:WastefulAttack","theMarked:RepellingDischarge","theMarked:BanishingStrike"],"picked":"SKIP","floor":27.0},{"not_picked":["theMarked:TwofoldDefense","theMarked:HeightenedSenses"],"picked":"theMarked:Polarize+1","floor":31.0},{"not_picked":["theMarked:RepellingDischarge","theMarked:MaelstromOfLightning"],"picked":"theMarked:MagicAdept+1","floor":35.0},{"not_picked":["theMarked:WardOff+1","theMarked:SelfDefenseTraining","theMarked:Reabsorb"],"picked":"SKIP","floor":38.0},{"not_picked":["theMarked:Electrify","theMarked:Static+1"],"picked":"theMarked:EnhanceMovement","floor":40.0},{"not_picked":["theMarked:Frustration","theMarked:LightningStrikesTwice+1","theMarked:Static"],"picked":"SKIP","floor":42},{"not_picked":["theMarked:WardOff","theMarked:TakeCover+1"],"picked":"theMarked:MagicAdept+1","floor":44},{"not_picked":["theMarked:DispelDoubt","theMarked:Opportunist+1"],"picked":"theMarked:ComboAttacks+1","floor":46},{"not_picked":["theMarked:CreepingChasm","theMarked:WardOff+1","theMarked:WastefulAttack"],"picked":"SKIP","floor":47}],"player_experience":563118,"relics_obtained":[{"floor":10.0,"key":"Bag of Preparation"},{"floor":13.0,"key":"Incense Burner"},{"floor":23.0,"key":"Ornamental Fan"},{"floor":25.0,"key":"Juzu Bracelet"},{"floor":26.0,"key":"Centennial Puzzle"},{"floor":40.0,"key":"Blue Candle"},{"floor":42,"key":"Gremlin Horn"},{"floor":43,"key":"Whetstone"},{"floor":46,"key":"Orichalcum"}],"event_choices":[{"damage_healed":0.0,"max_hp_gain":0.0,"max_hp_loss":0.0,"gold_gain":0.0,"event_name":"Lab","player_choice":"Got Potions","floor":2.0,"gold_loss":0.0,"damage_taken":0.0},{"damage_healed":0.0,"max_hp_gain":0.0,"max_hp_loss":0.0,"gold_gain":0.0,"event_name":"Big Fish","player_choice":"Box","floor":11.0,"gold_loss":0.0,"damage_taken":0.0,"relics_obtained":["Smiling Mask"],"cards_obtained":["Regret"]},{"cards_removed":["Regret"],"damage_healed":0.0,"max_hp_gain":0.0,"max_hp_loss":0.0,"gold_gain":0.0,"event_name":"The Cleric","player_choice":"Card Removal","floor":12.0,"gold_loss":50.0,"damage_taken":0.0},{"damage_healed":0.0,"max_hp_gain":0.0,"max_hp_loss":0.0,"gold_gain":99.0,"event_name":"Nest","player_choice":"Stole From Cult","floor":21.0,"gold_loss":0.0,"damage_taken":0.0},{"damage_healed":0.0,"max_hp_gain":0.0,"max_hp_loss":0.0,"gold_gain":0.0,"event_name":"Forgotten Altar","player_choice":"Smashed Altar","floor":22.0,"gold_loss":0.0,"damage_taken":0.0,"cards_obtained":["Decay"]},{"damage_healed":0.0,"max_hp_gain":0.0,"max_hp_loss":4.0,"gold_gain":0.0,"event_name":"Winding Halls","player_choice":"Max HP","floor":36.0,"gold_loss":0.0,"damage_taken":0.0},{"cards_removed":["theMarked:Strike"],"damage_healed":0.0,"max_hp_gain":0.0,"max_hp_loss":0.0,"gold_gain":0.0,"event_name":"Purifier","player_choice":"Purged","floor":39.0,"gold_loss":0.0,"damage_taken":0.0},{"damage_healed":0.0,"max_hp_gain":0.0,"max_hp_loss":0.0,"gold_gain":0.0,"event_name":"SecretPortal","player_choice":"Ignored","floor":41.0,"gold_loss":0.0,"damage_taken":0.0},{"damage_healed":55,"gold_gain":0,"player_choice":"Heal","damage_taken":0,"max_hp_gain":0,"max_hp_loss":0,"event_name":"MindBloom","floor":45,"gold_loss":0,"cards_obtained":["Doubt"]},{"damage_healed":0,"gold_gain":0,"player_choice":"Rummage","damage_taken":0,"relics_obtained":["WarpedTongs"],"max_hp_gain":0,"max_hp_loss":0,"event_name":"Accursed Blacksmith","floor":48,"gold_loss":0,"cards_obtained":["Pain"]}],"is_beta":false,"boss_relics":[{"not_picked":["Snecko Eye","Pandora\u0027s Box","Runic Dome"]},{"not_picked":["Fusion Hammer","Velvet Choker"],"picked":"Philosopher\u0027s Stone"}],"items_purged_floors":[24],"is_endless":false,"potions_floor_spawned":[1,7,8,14,16,18,20,27,33,35,47],"killed_by":"Time Eater","ascension_level":0}}