{"host":"nokkww7jwsecww7q","time":1609007348,"event":{"mods":["AchievementEnabler","BaseMod","Better Skull","Better Third Choice","BetterRewards","Colored Map","Colored Powertips","DeckTracker","Displayed Cursed Tome","Minty Spire (QoL Compilation)","Quick Restart","Relic Stats","Spicy Shops","StSLib","Thieving Mod","everything is the same but u backflip on backflip"],"gold_per_floor":[110,123,133,71,71,71,142,170,470,470,28,28,57,69,69,140,140,157,82,93,106,10,10,39,39,64,64,91,91,91,103,103,175,175,193,212,263,32,45,74,74,94,94,128,144,144,168,180,180,180],"floor_reached":51,"playtime":3695,"items_purged":["Strike_G","Injury","Strike_G"],"score":1743,"play_id":"c1a69a1b-f0f3-4f55-82a1-2e9086de7e7c","local_time":"20201226212908","is_ascension_mode":true,"campfire_choices":[{"floor":6.0,"key":"REST"},{"floor":10.0,"key":"REST"},{"data":"Apotheosis","floor":15.0,"key":"SMITH"},{"data":"Panache","floor":23.0,"key":"SMITH"},{"data":"Terror","floor":27.0,"key":"SMITH"},{"floor":30.0,"key":"REST"},{"data":"Accuracy","floor":32.0,"key":"SMITH"},{"floor":46,"key":"REST"},{"floor":49,"key":"REST"}],"circlet_count":0,"master_deck":["AscendersBane","Strike_G","Defend_G","Defend_G","Defend_G","Defend_G","Defend_G","Survivor","Neutralize","Blade Dance","Blade Dance","Footwork","Prepared","Leg Sweep","Predator","Panache+1","Choke","Flash of Steel","Cloak And Dagger","Footwork","Reflex","Acrobatics","Apotheosis+1","Cloak And Dagger","Burst","After Image","Backflip","Blur","Accuracy+1","Dodge and Roll","Terror+1","Backstab","Corpse Explosion","PiercingWail+1","Cloak And Dagger","Cloak And Dagger","Backflip","Blur","Dodge and Roll","Panache","Blind","Crippling Poison+1","Blur"],"relics":["Ring of the Serpent","Shuriken","Orrery","Kunai","Tiny Chest","Bottled Tornado","betterThird:SlimedRelic","GremlinMask","Sundial","Singing Bowl","Old Coin","Bag of Preparation","Tough Bandages","Gambling Chip","White Beast Statue","Oddly Smooth Stone","Incense Burner","Eternal Feather","Fusion Hammer","Calipers","PreservedInsect","StoneCalendar","HornCleat","Strawberry"],"acts_visited":[],"potions_floor_usage":[50],"damage_taken":[{"damage":0.0,"enemies":"Cultist","floor":1.0,"turns":2.0},{"damage":0.0,"enemies":"Small Slimes","floor":2.0,"turns":1.0},{"damage":0.0,"enemies":"2 Louse","floor":3.0,"turns":2.0},{"damage":16.0,"enemies":"Gremlin Nob","floor":8.0,"turns":3.0},{"damage":2.0,"enemies":"3 Sentries","floor":13.0,"turns":3.0},{"damage":4.0,"enemies":"Gremlin Gang","floor":14.0,"turns":4.0},{"damage":1.0,"enemies":"The Guardian","floor":16.0,"turns":9.0},{"damage":4.0,"enemies":"Chosen","floor":18.0,"turns":4.0},{"damage":0.0,"enemies":"3 Byrds","floor":20.0,"turns":1.0},{"damage":7.0,"enemies":"Centurion and Healer","floor":21.0,"turns":5.0},{"damage":4.0,"enemies":"Book of Stabbing","floor":24.0,"turns":5.0},{"damage":4.0,"enemies":"Gremlin Leader","floor":28.0,"turns":5.0},{"damage":0.0,"enemies":"Snecko","floor":31.0,"turns":5.0},{"damage":4.0,"enemies":"Collector","floor":33.0,"turns":6.0},{"damage":0.0,"enemies":"3 Shapes","floor":35.0,"turns":4.0},{"damage":0.0,"enemies":"3 Darklings","floor":36.0,"turns":3.0},{"damage":20.0,"enemies":"2 Orb Walkers","floor":37.0,"turns":2.0},{"damage":0.0,"enemies":"Spire Growth","floor":39.0,"turns":5.0},{"damage":0.0,"enemies":"Nemesis","floor":40.0,"turns":7.0},{"damage":0.0,"enemies":"Jaw Worm Horde","floor":42.0,"turns":3.0},{"damage":0,"enemies":"Giant Head","floor":44,"turns":6},{"damage":0,"enemies":"Writhing Mass","floor":45,"turns":5},{"damage":0,"enemies":"Maw","floor":48,"turns":5},{"damage":4,"enemies":"Donu and Deca","floor":50,"turns":8}],"seed_played":"-6414195196675749991","potions_obtained":[{"floor":1.0,"key":"SteroidPotion"},{"floor":8.0,"key":"SteroidPotion"},{"floor":13.0,"key":"LiquidBronze"},{"floor":20.0,"key":"ColorlessPotion"},{"floor":33.0,"key":"SteroidPotion"}],"is_trial":false,"path_per_floor":["M","M","M","?","?","R","T","E","T","R","$","?","E","M","R","B",null,"M","?","M","M","$","R","E","?","T","R","E","T","R","M","R","B",null,"M","M","?","$","M","E","?","M","T","E","M","R","T","M","R","B",null],"character_chosen":"THE_SILENT","items_purchased":["Shuriken","Blade Dance","Orrery","Panache","Choke","Flash of Steel","Cloak And Dagger","Kunai","Footwork","Tiny Chest","Bottled Tornado","Apotheosis","Cloak And Dagger","Bag of Preparation","Gambling Chip","Dodge and Roll","Backflip","Blur"],"campfire_rested":5,"item_purchase_floors":[0,0,0,0,0,0,0,0,0,0,0,11,11,11,22,22,38,38],"current_hp_per_floor":[17,17,17,6,6,25,25,11,11,31,31,31,29,27,27,26,59,55,55,55,48,48,48,44,24,24,24,20,20,60,62,77,73,76,76,76,56,56,56,58,50,50,50,50,52,83,90,92,92,88],"gold":180,"neow_bonus":"","is_daily":false,"chose_seed":false,"campfire_upgraded":4,"win_rate":0.0,"timestamp":1609007348,"path_taken":["M","?","M","?","?","R","?","E","T","R","$","?","E","M","R","BOSS","M","?","M","M","$","R","E","?","T","R","E","?","R","M","R","BOSS","M","M","?","$","M","E","?","?","T","E","M","R","?","M","R","BOSS"],"items_purchased_type":["Relic","Card","Relic","Card","Card","Card","Card","Relic","Card","Relic","Relic","Card","Card","Relic","Relic","Card","Card","Card"],"build_version":"2020-12-22","purchased_purges":3,"victory":true,"max_hp_per_floor":[66,66,66,66,66,66,66,68,68,68,68,68,68,70,70,70,70,70,70,70,70,70,70,70,75,75,75,75,75,75,77,77,77,77,77,77,77,77,77,79,81,81,81,81,83,83,90,92,92,92],"relic_stats":{"Singing Bowl":14,"counters":[50,189],"Eternal Feather":88,"StoneCalendar":[52],"PreservedInsect":714,"Bag of Preparation":[40],"Tough Bandages":[216],"Shuriken":[126],"Sundial":[8],"Gambling Chip":[29],"Tiny Chest":4,"Kunai":[76],"obtain_stats":[{"Ice Cream":21,"Mark of the Bloom":47,"Calipers":37,"Gremlin Horn":0,"Vajra":0,"HoveringKite":17,"Bottled Tornado":37,"Sling":0,"Old Coin":9,"Lizard Tail":25,"HornCleat":44,"DollysMirror":0,"Sundial":7,"Strawberry":47,"Fusion Hammer":34,"Kunai":0,"Toxic Egg 2":48,"Happy Flower":13,"Dead Branch":6,"Oddly Smooth Stone":26,"Eternal Feather":10,"Shuriken":8,"Bird Faced Urn":9,"Bronze Scales":23,"Ring of the Serpent":17,"Lantern":0,"Singing Bowl":8,"GremlinMask":5,"StoneCalendar":43,"Snake Skull":0,"Bag of Preparation":11,"Incense Burner":28,"ClockworkSouvenir":0,"Tough Bandages":13,"Matryoshka":0,"WristBlade":34,"Mummified Hand":0,"Gambling Chip":22,"Tiny Chest":5,"InkBottle":26,"Ring of the Snake":0,"Potion Belt":0,"PreservedInsect":0,"The Courier":40,"Frozen Egg 2":5,"White Beast Statue":24,"Mercury Hourglass":43,"CaptainsWheel":29,"Ornamental Fan":46,"betterThird:SlimedRelic":4,"Orrery":0,"Membership Card":0,"TungstenRod":0,"FossilizedHelix":28,"Toy Ornithopter":42},{"Ice Cream":11,"Mark of the Bloom":24,"Calipers":43,"Gremlin Horn":0,"Vajra":0,"HoveringKite":9,"Bottled Tornado":20,"Sling":0,"Old Coin":30,"Lizard Tail":14,"HornCleat":47,"DollysMirror":0,"Sundial":29,"Strawberry":48,"Fusion Hammer":40,"Kunai":26,"Toxic Egg 2":25,"Happy Flower":8,"Dead Branch":5,"Oddly Smooth Stone":37,"Eternal Feather":6,"Shuriken":6,"Bird Faced Urn":6,"Bronze Scales":13,"Ring of the Serpent":33,"Lantern":0,"Singing Bowl":30,"GremlinMask":29,"StoneCalendar":46,"Snake Skull":0,"Bag of Preparation":30,"Incense Burner":38,"ClockworkSouvenir":0,"Tough Bandages":31,"Matryoshka":0,"WristBlade":18,"Mummified Hand":0,"Gambling Chip":36,"Tiny Chest":4,"InkBottle":14,"Ring of the Snake":0,"Potion Belt":0,"PreservedInsect":1,"The Courier":22,"Frozen Egg 2":4,"White Beast Statue":37,"Mercury Hourglass":23,"CaptainsWheel":16,"Ornamental Fan":24,"betterThird:SlimedRelic":29,"Orrery":1,"Membership Card":1,"TungstenRod":1,"FossilizedHelix":15,"Toy Ornithopter":23},{"Ice Cream":39,"Mark of the Bloom":78,"Calipers":150,"Gremlin Horn":0,"Vajra":0,"HoveringKite":33,"Bottled Tornado":64,"Sling":0,"Old Coin":94,"Lizard Tail":49,"HornCleat":171,"DollysMirror":0,"Sundial":91,"Strawberry":176,"Fusion Hammer":141,"Kunai":86,"Toxic Egg 2":81,"Happy Flower":28,"Dead Branch":18,"Oddly Smooth Stone":125,"Eternal Feather":20,"Shuriken":20,"Bird Faced Urn":20,"Bronze Scales":46,"Ring of the Serpent":110,"Lantern":0,"Singing Bowl":94,"GremlinMask":91,"StoneCalendar":165,"Snake Skull":0,"Bag of Preparation":94,"Incense Burner":130,"ClockworkSouvenir":0,"Tough Bandages":97,"Matryoshka":0,"WristBlade":60,"Mummified Hand":0,"Gambling Chip":120,"Tiny Chest":14,"InkBottle":49,"Ring of the Snake":0,"Potion Belt":0,"PreservedInsect":3,"The Courier":71,"Frozen Egg 2":14,"White Beast Statue":125,"Mercury Hourglass":76,"CaptainsWheel":54,"Ornamental Fan":78,"betterThird:SlimedRelic":91,"Orrery":3,"Membership Card":3,"TungstenRod":3,"FossilizedHelix":52,"Toy Ornithopter":76}]},"card_choices":[{"not_picked":["Setup","Eviscerate"],"picked":"Blade Dance","floor":0.0},{"not_picked":["Bullet Time","Outmaneuver"],"picked":"Footwork","floor":0.0},{"not_picked":["All Out Attack","Riddle With Holes"],"picked":"Prepared","floor":0.0},{"not_picked":["Prepared","Acrobatics"],"picked":"Leg Sweep","floor":0.0},{"not_picked":["Concentrate","Sucker Punch"],"picked":"Predator","floor":0.0},{"not_picked":["Reflex","Outmaneuver","Flying Knee"],"picked":"SKIP","floor":1.0},{"not_picked":["Outmaneuver","Flying Knee"],"picked":"Reflex","floor":1.0},{"not_picked":["PiercingWail","Sucker Punch"],"picked":"Acrobatics","floor":2.0},{"not_picked":["Outmaneuver","PiercingWail","Underhanded Strike"],"picked":"SKIP","floor":3.0},{"not_picked":["PiercingWail","Flying Knee","Quick Slash"],"picked":"Singing Bowl","floor":8.0},{"not_picked":["Distraction","Concentrate"],"picked":"Burst","floor":13.0},{"not_picked":["Dagger Spray","Masterful Stab","Concentrate"],"picked":"Singing Bowl","floor":14.0},{"not_picked":["Unload","Adrenaline"],"picked":"After Image","floor":16.0},{"not_picked":["Prepared+1","Underhanded Strike"],"picked":"Backflip","floor":18.0},{"not_picked":["Outmaneuver","Catalyst"],"picked":"Blur","floor":20.0},{"not_picked":["Endless Agony","Poisoned Stab"],"picked":"Accuracy","floor":21.0},{"not_picked":["Unload","Outmaneuver+1"],"picked":"Terror","floor":24.0},{"not_picked":["Concentrate","Noxious Fumes"],"picked":"Backstab","floor":28.0},{"not_picked":["Expertise","Slice","Quick Slash"],"picked":"Singing Bowl","floor":31.0},{"not_picked":["Wraith Form v2","Night Terror"],"picked":"Corpse Explosion","floor":33.0},{"not_picked":["Setup","Sucker Punch"],"picked":"PiercingWail+1","floor":35.0},{"not_picked":["Sucker Punch","Quick Slash"],"picked":"Cloak And Dagger","floor":36.0},{"not_picked":["Poisoned Stab+1","Slice"],"picked":"Cloak And Dagger","floor":37.0},{"not_picked":["Poisoned Stab","Prepared"],"picked":"Dodge and Roll","floor":39.0},{"not_picked":["Caltrops","Underhanded Strike+1","Noxious Fumes"],"picked":"Singing Bowl","floor":40.0},{"not_picked":["Blind","Good Instincts"],"picked":"Panache","floor":41.0},{"not_picked":["Jack Of All Trades","Madness","Enlightenment"],"picked":"Singing Bowl","floor":41.0},{"not_picked":["Impatience","Enlightenment"],"picked":"Blind","floor":41.0},{"not_picked":["Deflect+1","Dagger Spray"],"picked":"Crippling Poison+1","floor":42.0},{"not_picked":["Dodge and Roll+1","Skewer+1"],"picked":"Blur","floor":44},{"not_picked":["Blur","Dagger Throw","Dodge and Roll+1"],"picked":"Singing Bowl","floor":45},{"not_picked":["Dash","Reflex","Bane+1"],"picked":"Singing Bowl","floor":48}],"player_experience":537153,"relics_obtained":[{"floor":7.0,"key":"Sundial"},{"floor":8.0,"key":"Singing Bowl"},{"floor":9.0,"key":"Old Coin"},{"floor":13.0,"key":"Tough Bandages"},{"floor":24.0,"key":"White Beast Statue"},{"floor":26.0,"key":"Oddly Smooth Stone"},{"floor":28.0,"key":"Incense Burner"},{"floor":29.0,"key":"Eternal Feather"},{"floor":37.0,"key":"Calipers"},{"floor":40.0,"key":"PreservedInsect"},{"floor":43.0,"key":"StoneCalendar"},{"floor":44,"key":"HornCleat"},{"floor":47,"key":"Strawberry"}],"event_choices":[{"damage_healed":0.0,"max_hp_gain":0.0,"max_hp_loss":0.0,"gold_gain":0.0,"event_name":"betterThird:BetterGoop","player_choice":"Slimed","floor":4.0,"gold_loss":62.0,"damage_taken":11.0},{"damage_healed":0.0,"max_hp_gain":0.0,"max_hp_loss":0.0,"gold_gain":0.0,"event_name":"FaceTrader","player_choice":"Trade","floor":5.0,"gold_loss":0.0,"damage_taken":0.0,"relics_obtained":["GremlinMask"]},{"cards_removed":["Strike_G"],"damage_healed":0.0,"max_hp_gain":0.0,"max_hp_loss":0.0,"gold_gain":0.0,"event_name":"Purifier","player_choice":"Purged","floor":12.0,"gold_loss":0.0,"damage_taken":0.0},{"cards_removed":["Strike_G"],"damage_healed":0.0,"max_hp_gain":0.0,"max_hp_loss":0.0,"gold_gain":0.0,"event_name":"Beggar","player_choice":"Gave Gold","floor":19.0,"gold_loss":75.0,"damage_taken":0.0},{"damage_healed":0.0,"max_hp_gain":5.0,"max_hp_loss":0.0,"gold_gain":0.0,"event_name":"Forgotten Altar","player_choice":"Shed Blood","floor":25.0,"gold_loss":0.0,"damage_taken":25.0},{"damage_healed":0.0,"max_hp_gain":0.0,"max_hp_loss":0.0,"gold_gain":0.0,"event_name":"Mysterious Sphere","player_choice":"Fight","floor":37.0,"gold_loss":0.0,"damage_taken":0.0},{"damage_healed":0.0,"max_hp_gain":0.0,"max_hp_loss":0.0,"gold_gain":0.0,"event_name":"SensoryStone","player_choice":"Memory 3","floor":41.0,"gold_loss":0.0,"damage_taken":10.0}],"is_beta":false,"boss_relics":[{"not_picked":["Snecko Eye","Astrolabe"],"picked":"Ring of the Serpent"},{"not_picked":["Runic Dome","Busted Crown"],"picked":"Fusion Hammer"}],"items_purged_floors":[0,11,38],"is_endless":false,"potions_floor_spawned":[1,8,13,20,24,28,31,33,35,36,37,39,40,42,44,45,48],"ascension_level":15}}