{"host":"t7mx8yfj1no5p62f","time":1609004007,"event":{"mods":["BaseMod","Colored Map","Colored Powertips","Minty Spire (QoL Compilation)","Relic Stats","StSLib"],"gold_per_floor":[115,135,145,145,165,165,193,212,281,281,306,306,381,16,16,88,88,99,111,161,186,186],"floor_reached":21,"playtime":655,"items_purged":[],"score":378,"play_id":"13cca8cc-61ae-48ed-abcb-751241dba55f","local_time":"20201226123327","is_ascension_mode":true,"campfire_choices":[{"data":"Eruption","floor":6,"key":"SMITH"},{"floor":10,"key":"REST"},{"data":"TalkToTheHand","floor":12,"key":"SMITH"},{"data":"SandsOfTime","floor":15,"key":"SMITH"}],"circlet_count":0,"master_deck":["AscendersBane","Strike_P","Strike_P","Strike_P","Strike_P","Defend_P","Defend_P","Defend_P","Defend_P","Eruption+1","Vigilance","CarveReality","FlurryOfBlows","SandsOfTime+1","MentalFortress","FearNoEvil","TalkToTheHand+1","FlurryOfBlows","Wish","Study"],"relics":["Black Star","StrikeDummy","Centennial Puzzle","Art of War","Pantograph","Tiny Chest","Unceasing Top","TungstenRod","Cursed Key"],"acts_visited":["Exordium","TheCity"],"potions_floor_usage":[21],"damage_taken":[{"damage":0,"enemies":"Cultist","floor":1,"turns":2},{"damage":0,"enemies":"2 Louse","floor":2,"turns":2},{"damage":0,"enemies":"Jaw Worm","floor":3,"turns":3},{"damage":34,"enemies":"Gremlin Gang","floor":5,"turns":5},{"damage":8,"enemies":"Gremlin Nob","floor":7,"turns":3},{"damage":7,"enemies":"2 Fungi Beasts","floor":8,"turns":2},{"damage":10,"enemies":"3 Sentries","floor":11,"turns":4},{"damage":19,"enemies":"The Guardian","floor":16,"turns":10},{"damage":17,"enemies":"2 Thieves","floor":18,"turns":4},{"damage":5,"enemies":"Spheric Guardian","floor":19,"turns":3},{"damage":44,"enemies":"3 Cultists","floor":21,"turns":5}],"seed_played":"-772086785984698843","potions_obtained":[{"floor":2,"key":"SteroidPotion"},{"floor":5,"key":"BottledMiracle"}],"is_trial":false,"path_per_floor":["M","M","M","T","M","R","E","M","T","R","E","R","?","$","R","B",null,"M","M","?","M"],"character_chosen":"WATCHER","items_purchased":["FlurryOfBlows","TungstenRod"],"campfire_rested":1,"item_purchase_floors":[14,14],"current_hp_per_floor":[61,61,61,61,27,27,19,12,12,32,22,22,11,11,11,17,55,38,33,33,0,0],"gold":186,"neow_bonus":"BOSS_RELIC","is_daily":false,"chose_seed":false,"campfire_upgraded":3,"win_rate":0.0,"timestamp":1609004007,"path_taken":["M","M","?","?","M","R","E","M","T","R","E","R","?","$","R","BOSS","M","M","?","M"],"items_purchased_type":["Card","Relic"],"build_version":"2020-12-22","purchased_purges":0,"victory":false,"max_hp_per_floor":[68,68,68,68,68,68,68,68,68,68,68,68,68,68,68,68,68,68,68,68,68,68],"relic_stats":{"Centennial Puzzle":[18],"counters":[11,43],"Pantograph":25,"Tiny Chest":0,"Black Star":2,"Art of War":[2],"Cursed Key":0,"obtain_stats":[{"Centennial Puzzle":7,"Pantograph":9,"Tiny Chest":11,"Black Star":0,"Art of War":7,"PureWater":0,"StrikeDummy":4,"Cursed Key":17,"Unceasing Top":11,"TungstenRod":14},{"Centennial Puzzle":5,"Pantograph":6,"Tiny Chest":7,"Black Star":0,"Art of War":5,"PureWater":0,"StrikeDummy":3,"Cursed Key":8,"Unceasing Top":7,"TungstenRod":7},{"Centennial Puzzle":15,"Pantograph":17,"Tiny Chest":21,"Black Star":0,"Art of War":15,"PureWater":0,"StrikeDummy":7,"Cursed Key":31,"Unceasing Top":21,"TungstenRod":21}],"Unceasing Top":[0],"TungstenRod":13},"card_choices":[{"not_picked":["ThirdEye","Evaluate"],"picked":"CarveReality","floor":1},{"not_picked":["InnerPeace","Swivel"],"picked":"FlurryOfBlows","floor":2},{"not_picked":["EmptyMind","Pray"],"picked":"SandsOfTime","floor":3},{"not_picked":["Crescendo","ClearTheMind"],"picked":"MentalFortress","floor":5},{"not_picked":["Protect","Weave"],"picked":"FearNoEvil","floor":7},{"not_picked":["Weave","Indignation","SandsOfTime"],"picked":"SKIP","floor":8},{"not_picked":["CutThroughFate","EmptyBody"],"picked":"TalkToTheHand","floor":11},{"not_picked":["Alpha","Brilliance"],"picked":"Wish","floor":16},{"not_picked":["EmptyFist","WreathOfFlame+1"],"picked":"Study","floor":18},{"not_picked":["Collect","WindmillStrike","FlyingSleeves"],"picked":"SKIP","floor":19}],"player_experience":1593872,"relics_obtained":[{"floor":4,"key":"StrikeDummy"},{"floor":7,"key":"Centennial Puzzle"},{"floor":7,"key":"Art of War"},{"floor":9,"key":"Pantograph"},{"floor":11,"key":"Tiny Chest"},{"floor":11,"key":"Unceasing Top"}],"event_choices":[{"damage_healed":0,"gold_gain":75,"player_choice":"Gather Gold","damage_taken":11,"max_hp_gain":0,"max_hp_loss":0,"event_name":"World of Goop","floor":13,"gold_loss":0},{"damage_healed":0,"gold_gain":50,"player_choice":"Stole From Cult","damage_taken":0,"max_hp_gain":0,"max_hp_loss":0,"event_name":"Nest","floor":20,"gold_loss":0}],"is_beta":false,"boss_relics":[{"not_picked":["Ectoplasm","Pandora\u0027s Box"],"picked":"Cursed Key"}],"items_purged_floors":[],"is_endless":false,"potions_floor_spawned":[2,5,11,16,18],"killed_by":"3 Cultists","ascension_level":20}}