{"host":"kh6fvhxn285ncg0o","time":1609026037,"event":{"mods":["Act Like it!","BaseMod","Colored Map","Friendly Minions","Keyboard Shortcuts","Minty Spire (QoL Compilation)","Quick Restart","Relic Stats","StSLib","SuperFastMode"],"gold_per_floor":[113,113,125,125,138,168,168,8,58,78,78,89,89,3,3,82,82,100,100,50,8,8,37,37,70,70,93,105,117,156,181,193,279,291,323,355,422,487,0,45,57,94,106,128,440,479,503,242,242,242,242],"floor_reached":50,"playtime":1144,"items_purged":["Strike_R","Strike_R","Defend_R"],"score":1664,"play_id":"5c4f7ddf-f6a6-4db2-9191-c0514c3f026e","local_time":"20201227084037","is_ascension_mode":true,"campfire_choices":[{"data":"Dropkick","floor":7.0,"key":"SMITH"},{"floor":11.0,"key":"REST"},{"data":"Deep Breath","floor":15.0,"key":"SMITH"},{"data":"Evolve","floor":24.0,"key":"SMITH"},{"floor":28.0,"key":"RECALL"},{"data":"Disarm","floor":32.0,"key":"SMITH"},{"data":"Feed","floor":41.0,"key":"SMITH"},{"data":"Finesse","floor":49.0,"key":"SMITH"}],"circlet_count":0,"master_deck":["AscendersBane","Defend_R","Defend_R+1","Bash+1","Dropkick+1","Evolve+1","Offering+1","Deep Breath+1","Fiend Fire","Disarm+1","Feed+1","Body Slam+1","Finesse+1"],"relics":["Burning Blood","Ancient Tea Set","Lantern","Membership Card","PreservedInsect","Empty Cage","Ginger","Bag of Marbles","MawBank","Bronze Scales","Busted Crown","Thread and Needle","Omamori","Red Mask","InkBottle","Potion Belt","Art of War","CeramicFish","Medical Kit","Bag of Preparation"],"acts_visited":["Exordium","TheCity","TheBeyond"],"potions_floor_usage":[],"damage_taken":[{"damage":6.0,"enemies":"Cultist","floor":1.0,"turns":3.0},{"damage":9.0,"enemies":"2 Louse","floor":3.0,"turns":3.0},{"damage":10.0,"enemies":"Small Slimes","floor":5.0,"turns":3.0},{"damage":29.0,"enemies":"3 Sentries","floor":6.0,"turns":10.0},{"damage":5.0,"enemies":"Red Slaver","floor":10.0,"turns":3.0},{"damage":7.0,"enemies":"Exordium Thugs","floor":12.0,"turns":4.0},{"damage":6.0,"enemies":"The Guardian","floor":16.0,"turns":2.0},{"damage":6.0,"enemies":"Shell Parasite","floor":18.0,"turns":1.0},{"damage":6.0,"enemies":"Gremlin Leader","floor":23.0,"turns":1.0},{"damage":10.0,"enemies":"Slavers","floor":25.0,"turns":2.0},{"damage":6.0,"enemies":"Book of Stabbing","floor":30.0,"turns":1.0},{"damage":9.0,"enemies":"Spheric Guardian","floor":31.0,"turns":3.0},{"damage":6.0,"enemies":"Automaton","floor":33.0,"turns":2.0},{"damage":6.0,"enemies":"Orb Walker","floor":35.0,"turns":1.0},{"damage":15.0,"enemies":"3 Shapes","floor":36.0,"turns":4.0},{"damage":12.0,"enemies":"2 Orb Walkers","floor":37.0,"turns":2.0},{"damage":9.0,"enemies":"Nemesis","floor":40.0,"turns":3.0},{"damage":6.0,"enemies":"Reptomancer","floor":42.0,"turns":2.0},{"damage":6.0,"enemies":"Transient","floor":44.0,"turns":4.0},{"damage":6.0,"enemies":"Giant Head","floor":46.0,"turns":2.0},{"damage":12.0,"enemies":"Jaw Worm Horde","floor":47.0,"turns":2.0},{"damage":0,"enemies":"Time Eater","floor":50,"turns":1}],"seed_played":"-1445675594380941402","potions_obtained":[{"floor":5.0,"key":"DistilledChaos"},{"floor":6.0,"key":"Strength Potion"},{"floor":12.0,"key":"DistilledChaos"},{"floor":25.0,"key":"Explosive Potion"},{"floor":30.0,"key":"SteroidPotion"},{"floor":46.0,"key":"SteroidPotion"},{"floor":47.0,"key":"FearPotion"}],"is_trial":false,"path_per_floor":["M","?","M","?","M","E","R","$","T","M","R","M","?","$","R","B",null,"M","?","$","$","?","E","R","E","T","T","R","$","E","M","R","B",null,"M","M","?","T","?","E","R","E","T","M","?","E","M","$","R","B"],"character_chosen":"IRONCLAD","items_purchased":["Membership Card","Deep Breath","DistilledChaos","Medical Kit","Bag of Preparation","Finesse"],"campfire_rested":1,"item_purchase_floors":[8,14,21,48,48,48],"current_hp_per_floor":[68,48,45,40,36,13,13,13,13,14,34,33,33,33,33,33,59,59,59,59,59,40,40,40,36,36,36,36,36,36,33,33,33,63,66,60,57,57,57,57,57,57,57,61,61,65,63,63,63,63,63],"gold":242,"neow_bonus":"REMOVE_TWO","is_daily":false,"chose_seed":false,"campfire_upgraded":6,"win_rate":0.0,"timestamp":1609026037,"path_taken":["M","?","M","?","M","E","R","$","T","M","R","M","?","$","R","BOSS","M","?","?","$","?","E","R","E","T","?","R","?","E","M","R","BOSS","M","M","?","?","?","E","R","E","T","M","?","E","?","$","R","BOSS"],"items_purchased_type":["Relic","Card","Potion","Relic","Relic","Card"],"build_version":"2020-12-22","purchased_purges":3,"victory":false,"max_hp_per_floor":[68,68,68,68,68,68,68,68,68,68,68,68,68,68,68,68,68,68,68,68,68,73,73,73,73,73,73,73,73,73,73,73,73,73,76,79,82,82,82,85,85,85,85,89,89,93,97,97,97,97,97],"relic_stats":{"counters":[22,59],"CeramicFish":9,"PreservedInsect":372,"Bag of Preparation":[2],"Ginger":[0],"MawBank":252,"Medical Kit":[0],"Burning Blood":126,"Busted Crown":16,"Bronze Scales":[48],"Art of War":[0],"obtain_stats":[{"Potion Belt":42,"Lantern":6,"CeramicFish":46,"Thread and Needle":37,"PreservedInsect":9,"Omamori":38,"Bag of Preparation":48,"Ginger":23,"Ancient Tea Set":4,"Empty Cage":17,"MawBank":27,"Medical Kit":48,"Burning Blood":0,"Busted Crown":34,"Bronze Scales":30,"Bag of Marbles":25,"Red Mask":39,"Art of War":43,"Membership Card":8,"InkBottle":40},{"Potion Belt":18,"Lantern":4,"CeramicFish":20,"Thread and Needle":16,"PreservedInsect":4,"Omamori":16,"Bag of Preparation":21,"Ginger":9,"Ancient Tea Set":2,"Empty Cage":7,"MawBank":10,"Medical Kit":21,"Burning Blood":0,"Busted Crown":13,"Bronze Scales":11,"Bag of Marbles":10,"Red Mask":16,"Art of War":18,"Membership Card":4,"InkBottle":17},{"Potion Belt":50,"Lantern":19,"CeramicFish":56,"Thread and Needle":45,"PreservedInsect":19,"Omamori":45,"Bag of Preparation":58,"Ginger":30,"Ancient Tea Set":6,"Empty Cage":28,"MawBank":32,"Medical Kit":58,"Burning Blood":0,"Busted Crown":38,"Bronze Scales":33,"Bag of Marbles":32,"Red Mask":45,"Art of War":50,"Membership Card":19,"InkBottle":48}],"InkBottle":[5]},"card_choices":[{"not_picked":["Anger","Wild Strike"],"picked":"Dropkick","floor":3.0},{"not_picked":["Power Through","Spot Weakness"],"picked":"Evolve","floor":5.0},{"not_picked":["Cleave","Heavy Blade","Anger"],"picked":"SKIP","floor":6.0},{"not_picked":["Burning Pact","Flex"],"picked":"Offering","floor":10.0},{"not_picked":["Iron Wave","Armaments","Clash"],"picked":"SKIP","floor":12.0},{"not_picked":["Double Tap","Barricade"],"picked":"Fiend Fire","floor":16.0},{"not_picked":["Shrug It Off","Seeing Red","Anger"],"picked":"SKIP","floor":18.0},{"not_picked":["Whirlwind","Blood for Blood","Rupture"],"picked":"SKIP","floor":23.0},{"not_picked":["Anger","Twin Strike","Iron Wave"],"picked":"SKIP","floor":25.0},{"not_picked":["Warcry","Wild Strike","Bludgeon"],"picked":"SKIP","floor":30.0},{"not_picked":["Armaments","Metallicize"],"picked":"Disarm","floor":31.0},{"not_picked":["Barricade","Double Tap"],"picked":"Feed","floor":33.0},{"not_picked":["Clash"],"picked":"SKIP","floor":35.0},{"not_picked":[],"picked":"Body Slam+1","floor":36.0},{"not_picked":["Offering"],"picked":"SKIP","floor":40.0},{"not_picked":["Clothesline"],"picked":"SKIP","floor":42.0},{"not_picked":["Whirlwind+1"],"picked":"SKIP","floor":44.0},{"not_picked":["Dual Wield+1"],"picked":"SKIP","floor":46.0},{"not_picked":["Clothesline+1"],"picked":"SKIP","floor":47.0}],"player_experience":3265711,"relics_obtained":[{"floor":6.0,"key":"Lantern"},{"floor":9.0,"key":"PreservedInsect"},{"floor":23.0,"key":"Ginger"},{"floor":25.0,"key":"Bag of Marbles"},{"floor":27.0,"key":"MawBank"},{"floor":30.0,"key":"Bronze Scales"},{"floor":37.0,"key":"Thread and Needle"},{"floor":38.0,"key":"Omamori"},{"floor":40.0,"key":"InkBottle"},{"floor":42.0,"key":"Potion Belt"},{"floor":43.0,"key":"Art of War"},{"floor":46.0,"key":"CeramicFish"}],"event_choices":[{"damage_healed":0.0,"max_hp_gain":0.0,"max_hp_loss":0.0,"gold_gain":0.0,"event_name":"Shining Light","player_choice":"Entered Light","floor":2.0,"gold_loss":0.0,"damage_taken":20.0,"cards_upgraded":["Defend_R","Bash"]},{"damage_healed":0.0,"max_hp_gain":0.0,"max_hp_loss":0.0,"gold_gain":0.0,"event_name":"Scrap Ooze","player_choice":"Success","floor":4.0,"gold_loss":0.0,"damage_taken":5.0,"relics_obtained":["Ancient Tea Set"]},{"damage_healed":0.0,"max_hp_gain":0.0,"max_hp_loss":0.0,"gold_gain":0.0,"event_name":"Upgrade Shrine","player_choice":"Upgraded","floor":13.0,"gold_loss":0.0,"damage_taken":0.0,"cards_upgraded":["Offering"]},{"damage_healed":0.0,"max_hp_gain":0.0,"max_hp_loss":0.0,"gold_gain":0.0,"event_name":"The Mausoleum","player_choice":"Ignored","floor":19.0,"gold_loss":0.0,"damage_taken":0.0},{"damage_healed":0.0,"max_hp_gain":5.0,"max_hp_loss":0.0,"gold_gain":0.0,"event_name":"Forgotten Altar","player_choice":"Shed Blood","floor":22.0,"gold_loss":0.0,"damage_taken":24.0},{"damage_healed":0.0,"max_hp_gain":0.0,"max_hp_loss":0.0,"gold_gain":0.0,"event_name":"Mysterious Sphere","player_choice":"Fight","floor":37.0,"gold_loss":0.0,"damage_taken":0.0},{"damage_healed":0.0,"max_hp_gain":0.0,"max_hp_loss":0.0,"gold_gain":0.0,"event_name":"Tomb of Lord Red Mask","player_choice":"Paid","floor":39.0,"gold_loss":499.0,"damage_taken":0.0,"relics_obtained":["Red Mask"]},{"damage_healed":0.0,"max_hp_gain":0.0,"max_hp_loss":0.0,"gold_gain":300.0,"event_name":"Wheel of Change","player_choice":"Gold","floor":45.0,"gold_loss":0.0,"damage_taken":0.0}],"is_beta":false,"boss_relics":[{"not_picked":["Calling Bell","Runic Dome"],"picked":"Empty Cage"},{"not_picked":["Snecko Eye","Velvet Choker"],"picked":"Busted Crown"}],"items_purged_floors":[14,20,48],"is_endless":false,"potions_floor_spawned":[5,6,12,25,30,35,36,46,47],"killed_by":"Time Eater","ascension_level":20}}