{"host":"m3herrhkesxm9ooc","time":1609003394,"event":{"mods":["BaseMod","Hermit","Minty Spire (QoL Compilation)","StSLib","The Hierophant"],"gold_per_floor":[361,361,377,652,664,664,674,19,73,93,122,122,102,115,115,194,244,262,537,127,143,143,143],"floor_reached":22,"playtime":825,"items_purged":[],"score":360,"play_id":"314dfbf4-3628-4224-9149-1cb8563089f5","local_time":"20201227022314","is_ascension_mode":true,"campfire_choices":[{"floor":6,"key":"REST"},{"floor":12,"key":"REST"},{"data":"Bandage Up","floor":15,"key":"SMITH"}],"circlet_count":0,"master_deck":["AscendersBane","hermit:Strike_Hermit+1","hermit:Strike_Hermit","hermit:Strike_Hermit","hermit:Strike_Hermit","hermit:Defend_Hermit","hermit:Defend_Hermit","hermit:Defend_Hermit","hermit:Defend_Hermit","hermit:Snapshot","hermit:Covet","hermit:HoleUp","hermit:SprayPray+1","Regret","hermit:Misfire","hermit:TakeCover","Bandage Up+1","hermit:Ricochet","hermit:Glare","hermit:Headshot+1","hermit:Determination","hermit:FatalDesire","hermit:LoneWolf","hermit:BodyArmor","Regret","hermit:HighCaliber"],"relics":["hermit:Momento","Vajra","hermit:Spyglass","Question Card","Whetstone","Eternal Feather","Tiny House","ClockworkSouvenir","Ancient Tea Set"],"acts_visited":["Exordium","TheCity"],"potions_floor_usage":[7,16,18,21],"damage_taken":[{"damage":2,"enemies":"2 Louse","floor":1,"turns":3},{"damage":1,"enemies":"Cultist","floor":3,"turns":3},{"damage":2,"enemies":"Jaw Worm","floor":5,"turns":2},{"damage":14,"enemies":"Exordium Thugs","floor":7,"turns":6},{"damage":0,"enemies":"Red Slaver","floor":10,"turns":5},{"damage":15,"enemies":"Gremlin Nob","floor":11,"turns":3},{"damage":2,"enemies":"2 Fungi Beasts","floor":14,"turns":3},{"damage":54,"enemies":"The Guardian","floor":16,"turns":9},{"damage":0,"enemies":"Spheric Guardian","floor":18,"turns":3},{"damage":50,"enemies":"Shell Parasite","floor":21,"turns":6},{"damage":31,"enemies":"Snecko","floor":22,"turns":3}],"seed_played":"5997859832554044272","potions_obtained":[{"floor":3,"key":"BlessingOfTheForge"},{"floor":11,"key":"SpeedPotion"},{"floor":13,"key":"SpeedPotion"},{"floor":14,"key":"SkillPotion"},{"floor":16,"key":"Weak Potion"},{"floor":17,"key":"AttackPotion"},{"floor":18,"key":"LiquidMemories"}],"is_trial":false,"path_per_floor":["M","?","M","?","M","R","M","$","T","M","E","R","?","M","R","B",null,"M","?","$","M","M"],"character_chosen":"HERMIT","items_purchased":["hermit:Spyglass","Question Card","Bandage Up","hermit:Ricochet","ClockworkSouvenir","LiquidBronze","Ancient Tea Set"],"campfire_rested":2,"item_purchase_floors":[8,8,8,8,20,20,20],"current_hp_per_floor":[44,33,32,32,30,51,37,37,37,41,30,63,63,65,71,17,63,63,63,63,19,0,0],"gold":143,"neow_bonus":"TWO_FIFTY_GOLD","is_daily":false,"chose_seed":false,"campfire_upgraded":1,"win_rate":0.0,"timestamp":1609003394,"path_taken":["M","?","M","?","M","R","M","$","T","?","E","R","?","M","R","BOSS","M","?","$","?","M"],"items_purchased_type":["Relic","Relic","Card","Card","Relic","Potion","Relic"],"build_version":"2020-12-22","purchased_purges":0,"victory":false,"max_hp_per_floor":[71,71,71,71,71,71,71,71,71,71,71,71,71,71,71,71,76,76,76,76,76,76,76],"card_choices":[{"not_picked":["hermit:FullyLoaded","hermit:Quickdraw"],"picked":"hermit:HoleUp","floor":1},{"not_picked":["hermit:Dive","hermit:Feint"],"picked":"hermit:SprayPray","floor":3},{"not_picked":["hermit:Dive","hermit:SprayPray"],"picked":"hermit:Misfire","floor":5},{"not_picked":["hermit:Snipe","hermit:Combo"],"picked":"hermit:TakeCover","floor":7},{"not_picked":["hermit:TrackingShot","hermit:DeadMansHand","hermit:CalledShot"],"picked":"hermit:Glare","floor":10},{"not_picked":["hermit:Adapt","hermit:GhostlyPresence","hermit:Combo"],"picked":"hermit:Headshot","floor":11},{"not_picked":["hermit:CalledShot","hermit:Roulette","hermit:HighCaliber"],"picked":"hermit:Determination","floor":14},{"not_picked":["hermit:HeroicBravado","hermit:Adapt","hermit:Reprieve"],"picked":"hermit:FatalDesire","floor":16},{"not_picked":["hermit:Dive","hermit:Gestalt","hermit:HoleUp"],"picked":"hermit:LoneWolf","floor":17},{"not_picked":["hermit:Snipe","hermit:TakeAim","hermit:Quickdraw"],"picked":"hermit:BodyArmor","floor":18},{"not_picked":["hermit:PistolWhip","hermit:Determination","hermit:SprayPray"],"picked":"hermit:HighCaliber","floor":21}],"player_experience":654891,"relics_obtained":[{"floor":9,"key":"Whetstone"},{"floor":11,"key":"Eternal Feather"}],"event_choices":[{"damage_healed":0,"gold_gain":0,"player_choice":"Success","damage_taken":11,"relics_obtained":["Vajra"],"max_hp_gain":0,"max_hp_loss":0,"event_name":"Scrap Ooze","floor":2,"gold_loss":0},{"damage_healed":0,"gold_gain":275,"player_choice":"Desecrate","damage_taken":0,"max_hp_gain":0,"max_hp_loss":0,"event_name":"Golden Shrine","floor":4,"gold_loss":0,"cards_obtained":["Regret"]},{"damage_healed":0,"gold_gain":0,"player_choice":"Bought 1 Potion","damage_taken":0,"max_hp_gain":0,"max_hp_loss":0,"event_name":"The Woman in Blue","floor":13,"gold_loss":0},{"damage_healed":0,"gold_gain":275,"player_choice":"Desecrate","damage_taken":0,"max_hp_gain":0,"max_hp_loss":0,"event_name":"Golden Shrine","floor":19,"gold_loss":0,"cards_obtained":["Regret"]}],"is_beta":false,"boss_relics":[{"not_picked":["Busted Crown","Empty Cage"],"picked":"Tiny House"}],"items_purged_floors":[],"is_endless":false,"potions_floor_spawned":[3,11,14,16,18],"killed_by":"Snecko","ascension_level":16}}