{"host":"6xsbn6ynqlzwllfm","time":1609012598,"event":{"mods":["2.2 Compatiblity","BaseMod","Bestiary","Colored Map","Colored Powertips","Curses Come First","Highlight Path","Keyboard Shortcuts","Minty Spire (QoL Compilation)","Quick Restart","Relic Stats","Slay the Relics Exporter","StSLib","SuperFastMode"],"gold_per_floor":[118,43,43,93,103,136,147,182,205,218,230,230,259,272,272,349,349,304,323,142,142,158,188,188,188,214,233,252,252,252,252],"floor_reached":30,"playtime":1443,"items_purged":["Strike_R","Strike_R"],"score":694,"play_id":"6c2c8e0a-6602-48f5-a46a-84b9511b595d","local_time":"20201226145638","is_ascension_mode":true,"campfire_choices":[{"data":"Immolate","floor":12,"key":"SMITH"},{"data":"True Grit","floor":15,"key":"SMITH"},{"floor":24,"key":"REST"},{"floor":29,"key":"REST"}],"circlet_count":0,"master_deck":["AscendersBane","Strike_R+1","Strike_R+1","Defend_R+1","Defend_R+1","Defend_R+1","Defend_R+1","Bash","Twin Strike","Thunderclap","Immolate+1","Headbutt","True Grit+1","Metallicize","Reaper","CurseOfTheBell","Metallicize","Fire Breathing","Metallicize","Writhe","Inflame+1","Seeing Red","Armaments+1"],"relics":["Burning Blood","NeowsBlessing","Boot","Anchor","Regal Pillow","Prayer Wheel","Calling Bell","Nunchaku","Blue Candle","Turnip","Singing Bowl","CaptainsWheel","Omamori"],"acts_visited":["Exordium","TheCity"],"potions_floor_usage":[8,13,16,18,22,22],"damage_taken":[{"damage":0,"enemies":"Jaw Worm","floor":1,"turns":1},{"damage":0,"enemies":"2 Louse","floor":5,"turns":1},{"damage":0,"enemies":"Lagavulin","floor":6,"turns":1},{"damage":0,"enemies":"Cultist","floor":7,"turns":3},{"damage":5,"enemies":"3 Sentries","floor":8,"turns":3},{"damage":0,"enemies":"Blue Slaver","floor":10,"turns":2},{"damage":0,"enemies":"2 Fungi Beasts","floor":11,"turns":2},{"damage":40,"enemies":"Lagavulin","floor":13,"turns":6},{"damage":0,"enemies":"Looter","floor":14,"turns":2},{"damage":0,"enemies":"Slime Boss","floor":16,"turns":4},{"damage":29,"enemies":"2 Thieves","floor":18,"turns":5},{"damage":23,"enemies":"Shell Parasite","floor":19,"turns":9},{"damage":16,"enemies":"Centurion and Healer","floor":22,"turns":9},{"damage":24,"enemies":"Slavers","floor":23,"turns":2},{"damage":50,"enemies":"Snake Plant","floor":27,"turns":6},{"damage":14,"enemies":"Sentry and Sphere","floor":28,"turns":8},{"damage":74,"enemies":"Book of Stabbing","floor":30,"turns":7}],"seed_played":"-611382249433464290","potions_obtained":[{"floor":5,"key":"SpeedPotion"},{"floor":7,"key":"Weak Potion"},{"floor":10,"key":"DuplicationPotion"},{"floor":13,"key":"Dexterity Potion"},{"floor":14,"key":"LiquidMemories"},{"floor":16,"key":"FearPotion"},{"floor":18,"key":"FearPotion"},{"floor":27,"key":"SteroidPotion"}],"is_trial":false,"path_per_floor":["M","$","?","?","M","E","M","E","T","M","M","R","E","M","R","B",null,"M","M","$","?","M","E","R","?","T","M","M","R","E"],"character_chosen":"IRONCLAD","items_purchased":["Metallicize"],"campfire_rested":2,"item_purchase_floors":[20],"current_hp_per_floor":[74,74,67,67,73,75,75,75,75,75,75,75,41,47,47,53,70,57,40,40,40,44,26,64,64,64,22,23,62,0,0],"gold":252,"neow_bonus":"THREE_ENEMY_KILL","is_daily":false,"chose_seed":false,"campfire_upgraded":2,"win_rate":0.0,"timestamp":1609012598,"path_taken":["M","$","?","?","?","E","M","E","T","M","M","R","E","M","R","BOSS","M","M","$","?","M","E","R","?","T","M","M","R","E"],"items_purchased_type":["Card"],"build_version":"2020-12-22","purchased_purges":2,"victory":false,"max_hp_per_floor":[75,75,75,75,75,75,75,75,75,75,75,75,75,75,75,75,75,75,75,75,75,77,77,77,77,77,79,83,83,83,83],"relic_stats":{"Regal Pillow":30,"Nunchaku":[5],"Singing Bowl":8,"counters":[17,71],"Blue Candle":[7],"Prayer Wheel":6,"Turnip":[11],"Boot":[28],"obtain_stats":[{"Regal Pillow":9,"NeowsBlessing":0,"Singing Bowl":21,"Blue Candle":17,"Omamori":26,"Boot":6,"Burning Blood":0,"Calling Bell":17,"Anchor":8,"Nunchaku":17,"CaptainsWheel":23,"Prayer Wheel":13,"Turnip":17},{"Regal Pillow":5,"NeowsBlessing":0,"Singing Bowl":12,"Blue Candle":10,"Omamori":14,"Boot":3,"Burning Blood":0,"Calling Bell":10,"Anchor":5,"Nunchaku":10,"CaptainsWheel":14,"Prayer Wheel":8,"Turnip":10},{"Regal Pillow":9,"NeowsBlessing":0,"Singing Bowl":39,"Blue Candle":25,"Omamori":50,"Boot":3,"Burning Blood":0,"Calling Bell":25,"Anchor":9,"Nunchaku":25,"CaptainsWheel":50,"Prayer Wheel":19,"Turnip":25}],"Burning Blood":73},"card_choices":[{"not_picked":["Wild Strike","Pummel"],"picked":"Twin Strike","floor":1},{"not_picked":["Heavy Blade","Body Slam"],"picked":"Thunderclap","floor":5},{"not_picked":["Searing Blow","Headbutt"],"picked":"Immolate","floor":6},{"not_picked":["True Grit","Uppercut"],"picked":"Headbutt","floor":8},{"not_picked":["Clash","Hemokinesis"],"picked":"True Grit","floor":10},{"not_picked":["Power Through","Thunderclap"],"picked":"Metallicize","floor":11},{"not_picked":["Body Slam","Carnage","Heavy Blade"],"picked":"SKIP","floor":13},{"not_picked":["Heavy Blade","Perfected Strike","Exhume"],"picked":"SKIP","floor":14},{"not_picked":["Hemokinesis","Whirlwind","Body Slam"],"picked":"SKIP","floor":14},{"not_picked":["Bludgeon","Brutality"],"picked":"Reaper","floor":16},{"not_picked":["Bloodletting","Perfected Strike"],"picked":"Metallicize","floor":18},{"not_picked":["Heavy Blade","Searing Blow"],"picked":"Fire Breathing","floor":18},{"not_picked":["Heavy Blade","Body Slam","Armaments"],"picked":"SKIP","floor":19},{"not_picked":["Iron Wave","Hemokinesis","Body Slam"],"picked":"SKIP","floor":19},{"not_picked":["Shockwave","True Grit","Blood for Blood"],"picked":"Singing Bowl","floor":22},{"not_picked":["Shrug It Off","Intimidate"],"picked":"Inflame+1","floor":22},{"not_picked":["Juggernaut","Dual Wield"],"picked":"Seeing Red","floor":23},{"not_picked":["Iron Wave","Armaments","Sword Boomerang"],"picked":"Singing Bowl","floor":27},{"not_picked":["Rupture","Headbutt"],"picked":"Armaments+1","floor":27},{"not_picked":["Twin Strike+1","Uppercut","Sword Boomerang"],"picked":"Singing Bowl","floor":28},{"not_picked":["Anger","Dropkick","Flex+1"],"picked":"Singing Bowl","floor":28}],"player_experience":1056243,"relics_obtained":[{"floor":6,"key":"Boot"},{"floor":8,"key":"Anchor"},{"floor":9,"key":"Regal Pillow"},{"floor":13,"key":"Prayer Wheel"},{"floor":17,"key":"Nunchaku"},{"floor":17,"key":"Blue Candle"},{"floor":17,"key":"Turnip"},{"floor":23,"key":"CaptainsWheel"},{"floor":26,"key":"Omamori"}],"event_choices":[{"cards_removed":["Strike_R"],"damage_healed":0,"gold_gain":0,"player_choice":"Card Removal","damage_taken":7,"max_hp_gain":0,"max_hp_loss":0,"event_name":"Golden Wing","floor":3,"gold_loss":0},{"damage_healed":0,"gold_gain":50,"player_choice":"Pray","damage_taken":0,"max_hp_gain":0,"max_hp_loss":0,"event_name":"Golden Shrine","floor":4,"gold_loss":0},{"damage_healed":0,"gold_gain":0,"player_choice":"Opened","damage_taken":0,"relics_obtained":["Singing Bowl"],"max_hp_gain":0,"max_hp_loss":0,"event_name":"The Mausoleum","floor":21,"gold_loss":0,"cards_obtained":["Writhe"]},{"damage_healed":0,"gold_gain":0,"player_choice":"Simplicity","damage_taken":0,"max_hp_gain":0,"max_hp_loss":0,"event_name":"Back to Basics","floor":25,"gold_loss":0,"cards_upgraded":["Strike_R","Strike_R","Defend_R","Defend_R","Defend_R","Defend_R"]}],"is_beta":false,"boss_relics":[{"not_picked":["Snecko Eye","Tiny House"],"picked":"Calling Bell"}],"items_purged_floors":[2,20],"is_endless":false,"potions_floor_spawned":[5,7,10,13,14,16,18,27],"killed_by":"Book of Stabbing","ascension_level":20}}