{"host":"q9718omregw4er46","time":1609013611,"event":{"mods":["BaseMod","Bestiary","Colored Powertips","Minty Spire (QoL Compilation)","Quick Restart","Relic Stats"],"gold_per_floor":[111,111,127,127,140,173,173,205,205,217,229,229],"floor_reached":11,"playtime":234,"items_purged":[],"score":162,"play_id":"1cd7be1a-0112-4772-9d20-8f90b803c9ae","local_time":"20201227011331","is_ascension_mode":true,"campfire_choices":[{"floor":7.0,"key":"REST"}],"circlet_count":0,"master_deck":["AscendersBane","Strike_B","Strike_B","Strike_B","Defend_B","Defend_B","Defend_B","Defend_B","Zap","Dualcast","Apotheosis","Lockon","Creative AI"],"relics":["Cracked Core","Ancient Tea Set","Matryoshka","MawBank","Bronze Scales","Golden Idol"],"acts_visited":["Exordium"],"potions_floor_usage":[11],"damage_taken":[{"damage":0.0,"enemies":"Cultist","floor":1.0,"turns":3.0},{"damage":14.0,"enemies":"Small Slimes","floor":3.0,"turns":3.0},{"damage":2.0,"enemies":"2 Louse","floor":5.0,"turns":2.0},{"damage":11.0,"enemies":"Gremlin Nob","floor":6.0,"turns":3.0},{"damage":16.0,"enemies":"Lagavulin","floor":8.0,"turns":7.0},{"damage":26,"enemies":"3 Sentries","floor":11,"turns":4}],"seed_played":"8128385803160656740","potions_obtained":[{"floor":3.0,"key":"Fire Potion"},{"floor":4.0,"key":"Explosive Potion"},{"floor":5.0,"key":"Strength Potion"},{"floor":6.0,"key":"EssenceOfDarkness"}],"is_trial":false,"path_per_floor":["M","?","M","?","M","E","R","E","T","?","E"],"character_chosen":"DEFECT","items_purchased":[],"campfire_rested":1,"item_purchase_floors":[],"current_hp_per_floor":[46,39,25,25,23,12,33,17,17,17,0,0],"gold":229,"neow_bonus":"RANDOM_COLORLESS_2","is_daily":false,"chose_seed":false,"campfire_upgraded":0,"win_rate":0.0,"timestamp":1609013611,"path_taken":["M","?","M","?","?","E","R","E","T","?","E"],"items_purchased_type":[],"build_version":"2020-12-22","purchased_purges":0,"victory":false,"max_hp_per_floor":[71,71,71,71,71,71,71,71,71,64,64,64],"relic_stats":{"counters":[6,22],"Golden Idol":0,"Bronze Scales":[12],"MawBank":24,"obtain_stats":[{"Matryoshka":8,"Golden Idol":10,"Bronze Scales":9,"Cracked Core":0,"Ancient Tea Set":6,"MawBank":9},{"Matryoshka":5,"Golden Idol":5,"Bronze Scales":5,"Cracked Core":0,"Ancient Tea Set":4,"MawBank":5},{"Matryoshka":18,"Golden Idol":18,"Bronze Scales":18,"Cracked Core":0,"Ancient Tea Set":11,"MawBank":18}]},"card_choices":[{"not_picked":["Violence","Secret Technique"],"picked":"Apotheosis","floor":0.0},{"not_picked":["Hologram","Force Field"],"picked":"Lockon","floor":1.0},{"not_picked":["Rebound","Leap","Gash"],"picked":"SKIP","floor":3.0},{"not_picked":["Gash","Conserve Battery","Redo"],"picked":"SKIP","floor":5.0},{"not_picked":["Blizzard","Stack","Consume"],"picked":"SKIP","floor":6.0},{"not_picked":["Darkness","Compile Driver"],"picked":"Creative AI","floor":8.0}],"player_experience":1124237,"relics_obtained":[{"floor":6.0,"key":"Ancient Tea Set"},{"floor":8.0,"key":"Matryoshka"},{"floor":9.0,"key":"MawBank"},{"floor":9.0,"key":"Bronze Scales"}],"event_choices":[{"cards_removed":["Strike_B"],"damage_healed":0.0,"max_hp_gain":0.0,"max_hp_loss":0.0,"gold_gain":0.0,"event_name":"Golden Wing","player_choice":"Card Removal","floor":2.0,"gold_loss":0.0,"damage_taken":7.0},{"damage_healed":0.0,"max_hp_gain":0.0,"max_hp_loss":0.0,"gold_gain":0.0,"event_name":"Lab","player_choice":"Got Potions","floor":4.0,"gold_loss":0.0,"damage_taken":0.0},{"damage_healed":0.0,"max_hp_gain":0.0,"max_hp_loss":7.0,"gold_gain":0.0,"event_name":"Golden Idol","player_choice":"Lose Max HP","floor":10.0,"gold_loss":0.0,"damage_taken":0.0,"relics_obtained":["Golden Idol"]}],"is_beta":false,"boss_relics":[],"items_purged_floors":[],"is_endless":false,"potions_floor_spawned":[3,5,6],"killed_by":"3 Sentries","ascension_level":20}}