{"host":"6z6y4ky8uzsz1dpj","time":1609002563,"event":{"mods":["AchievementEnabler","BaseMod","BetterRewards","Challenge The Spire","Colored Map","Hubris","Minty Spire (QoL Compilation)","Quick Restart","Replay The Spire","StSLib"],"gold_per_floor":[117,131,36,46,58,83,119,119,119,119,169,169,185,211,211,211,211],"floor_reached":16,"playtime":493,"items_purged":[],"score":132,"play_id":"3fa2fa6a-af9c-4884-b2e4-f7b72a2ef42c","local_time":"20201226120923","is_ascension_mode":true,"campfire_choices":[{"floor":12.0,"key":"REST"},{"floor":15.0,"key":"REST"}],"circlet_count":0,"master_deck":["Strike_R","Strike_R","Strike_R","Strike_R","Defend_R","Defend_R","Defend_R","Defend_R","Bash","Barricade","hubris:ReadiedAction","Specialist","Cleave","Combust","Entrench","Body Slam","Headbutt","Replay:Undeath\u0027s Touch"],"relics":["Burning Blood","ReplayTheSpireMod:TigerMarble","Turnip","Nunchaku","Unceasing Top"],"acts_visited":["Exordium"],"potions_floor_usage":[],"damage_taken":[{"damage":15.0,"enemies":"Cultist","floor":1.0,"turns":5.0},{"damage":7.0,"enemies":"Small Slimes","floor":2.0,"turns":5.0},{"damage":18.0,"enemies":"Jaw Worm","floor":4.0,"turns":4.0},{"damage":0.0,"enemies":"Large Slime","floor":5.0,"turns":5.0},{"damage":34.0,"enemies":"Lagavulin","floor":6.0,"turns":6.0},{"damage":12.0,"enemies":"Blue Slaver","floor":13.0,"turns":5.0},{"damage":33.0,"enemies":"3 Sentries","floor":14.0,"turns":5.0},{"damage":37,"enemies":"Gremlin Nob","floor":16,"turns":3}],"seed_played":"7996243950141916820","potions_obtained":[{"floor":4.0,"key":"ColorlessPotion"},{"floor":6.0,"key":"PowerPotion"},{"floor":13.0,"key":"BloodPotion"},{"floor":14.0,"key":"Dexterity Potion"}],"is_trial":false,"path_per_floor":["M","M","$","M","M","E","?","PTL","PTL","?","T","R","M","E","R","E"],"character_chosen":"IRONCLAD","items_purchased":["Specialist"],"campfire_rested":2,"item_purchase_floors":[3],"current_hp_per_floor":[71,70,70,58,64,36,4,4,4,4,4,28,22,11,35,0,0],"gold":211,"neow_bonus":"ONE_RANDOM_RARE_CARD","is_daily":false,"chose_seed":false,"campfire_upgraded":0,"win_rate":0.0,"timestamp":1609002563,"path_taken":["M","M","$","M","?","E","?","PTL","PTL","?","T","R","?","E","R","E"],"items_purchased_type":["Card"],"build_version":"2020-12-22","purchased_purges":0,"victory":false,"max_hp_per_floor":[80,80,80,80,80,80,80,80,80,80,80,80,80,80,80,80,80],"card_choices":[{"not_picked":["Havoc","Anger","Carnage"],"picked":"SKIP","floor":1.0},{"not_picked":["Clothesline","Sever Soul"],"picked":"hubris:ReadiedAction","floor":2.0},{"not_picked":["Reckless Charge","Clash"],"picked":"Cleave","floor":4.0},{"not_picked":["Warcry","Flex"],"picked":"Combust","floor":5.0},{"not_picked":["Whirlwind","Clothesline"],"picked":"Entrench","floor":6.0},{"not_picked":["Wild Strike","Fiend Fire"],"picked":"Body Slam","floor":7.0},{"not_picked":["hubris:ReadiedAction","Armaments"],"picked":"Headbutt","floor":13.0},{"not_picked":["Clothesline","Bloodletting"],"picked":"Replay:Undeath\u0027s Touch","floor":14.0}],"player_experience":188189,"relics_obtained":[{"floor":6.0,"key":"ReplayTheSpireMod:TigerMarble"},{"floor":7.0,"key":"Turnip"},{"floor":11.0,"key":"Nunchaku"},{"floor":14.0,"key":"Unceasing Top"}],"event_choices":[{"cards_removed":["Strike_R"],"damage_healed":0.0,"max_hp_gain":0.0,"max_hp_loss":0.0,"gold_gain":0.0,"event_name":"Bonfire Elementals","player_choice":"Offered Basic","floor":10.0,"gold_loss":0.0,"damage_taken":0.0}],"is_beta":false,"boss_relics":[],"items_purged_floors":[],"is_endless":false,"potions_floor_spawned":[4,6,13,14],"killed_by":"Gremlin Nob","ascension_level":4}}