{"host":"r4e4q8yhb91dmdr8","time":1609009514,"event":{"mods":["AchievementEnabler","BaseMod","Better Note","Better Skull","Colored Map","Colored Powertips","Duelist Mod","GifTheSpireLib","Highlight Path","Jorbs\u0027s Wanderer Trilogy","Minty Spire (QoL Compilation)","Nova Terra(??·??)","Quick Restart","Random Character Button","Rare Cards Sparkle","Relic Stats","Shop Mod","StSLib","The Alterego","The Death Knight","The Fake Hero","The Marked","The Necromancer","The Wild Card","TheHero","TheWitcher"],"gold_per_floor":[3113,2375,2393,2166,2166,2166,2179,2179,2179,2192,2192,2220,2220,2235,2235,2235,2235],"floor_reached":16,"playtime":1229,"items_purged":["Strike_B","Strike_B"],"score":175,"play_id":"64bc8c78-cb78-4591-a48e-e03249539d29","local_time":"20201226110514","is_ascension_mode":false,"campfire_choices":[{"data":"Discovery","floor":6,"key":"SMITH"},{"data":"Chrysalis","floor":13,"key":"SMITH"},{"data":"Violence","floor":15,"key":"SMITH"}],"circlet_count":0,"master_deck":["Strike_B+1","Strike_B+1","Defend_B","Defend_B","Defend_B","Zap","Dualcast","Fusion","Chrysalis+1","Storm","Fission","Sweeping Beam","Ball Lightning","Discovery+1","Violence+1","Gash","Cold Snap","Consume","Stack","Ball Lightning","Leap"],"relics":["Cracked Core","Membership Card","MerchantsRug","Pocketwatch","Mummified Hand","Letter Opener"],"acts_visited":["Exordium"],"potions_floor_usage":[],"damage_taken":[{"damage":8,"enemies":"2 Louse","floor":1,"turns":2},{"damage":1,"enemies":"Jaw Worm","floor":3,"turns":5},{"damage":3,"enemies":"Small Slimes","floor":7,"turns":3},{"damage":14,"enemies":"3 Louse","floor":10,"turns":2},{"damage":34,"enemies":"3 Sentries","floor":12,"turns":9},{"damage":13,"enemies":"Exordium Wildlife","floor":14,"turns":3},{"damage":5,"enemies":"The Guardian","floor":16,"turns":3}],"seed_played":"-4978987004900994662","potions_obtained":[{"floor":10,"key":"LiquidBronze"},{"floor":12,"key":"LiquidBronze"}],"is_trial":false,"path_per_floor":["M","$","M","$","?","R","M","T","T","M","?","E","R","M","R","B"],"character_chosen":"DEFECT","items_purchased":["Chrysalis","Storm","Fission","Sweeping Beam","Membership Card","Whetstone","MerchantsRug","Discovery","Violence","Gash","Cold Snap"],"campfire_rested":0,"item_purchase_floors":[2,2,2,2,2,2,2,4,4,4,4],"current_hp_per_floor":[74,74,73,73,66,66,63,63,63,49,49,15,15,2,2,0,0],"gold":2235,"neow_bonus":"TEN_PERCENT_HP_BONUS","is_daily":false,"chose_seed":false,"campfire_upgraded":3,"win_rate":0.0,"timestamp":1609009514,"path_taken":["M","$","M","$","?","R","M","?","T","M","?","E","R","M","R","BOSS"],"items_purchased_type":["Card","Card","Card","Card","Relic","Relic","Relic","Card","Card","Card","Card"],"build_version":"2020-12-22","purchased_purges":2,"victory":false,"max_hp_per_floor":[82,82,82,82,82,82,82,82,82,82,82,82,82,82,82,82,82],"relic_stats":{"counters":[7,27],"Mummified Hand":[9],"Letter Opener":[20],"obtain_stats":[{"MerchantsRug":2,"Mummified Hand":9,"Membership Card":2,"Whetstone":2,"Letter Opener":12,"Cracked Core":0,"Pocketwatch":8},{"MerchantsRug":1,"Mummified Hand":3,"Membership Card":1,"Whetstone":1,"Letter Opener":5,"Cracked Core":0,"Pocketwatch":3},{"MerchantsRug":2,"Mummified Hand":10,"Membership Card":2,"Whetstone":2,"Letter Opener":21,"Cracked Core":0,"Pocketwatch":10}],"Pocketwatch":[15]},"card_choices":[{"not_picked":["Streamline","Beam Cell"],"picked":"Fusion","floor":1},{"not_picked":["Gash","Hologram"],"picked":"Ball Lightning","floor":3},{"not_picked":["Storm","Go for the Eyes"],"picked":"Consume","floor":7},{"not_picked":["Gash","Amplify"],"picked":"Stack","floor":10},{"not_picked":["Chill","Streamline"],"picked":"Ball Lightning","floor":12},{"not_picked":["Go for the Eyes","Ball Lightning"],"picked":"Leap","floor":14}],"player_experience":24106,"relics_obtained":[{"floor":8,"key":"Pocketwatch"},{"floor":9,"key":"Mummified Hand"},{"floor":12,"key":"Letter Opener"}],"event_choices":[{"cards_removed":["Defend_B"],"damage_healed":0,"gold_gain":0,"player_choice":"Card Removal","damage_taken":7,"max_hp_gain":0,"max_hp_loss":0,"event_name":"Golden Wing","floor":5,"gold_loss":0},{"damage_healed":0,"gold_gain":0,"player_choice":"Ignored","damage_taken":0,"max_hp_gain":0,"max_hp_loss":0,"event_name":"Golden Idol","floor":11,"gold_loss":0}],"is_beta":false,"boss_relics":[],"items_purged_floors":[2,4],"is_endless":false,"potions_floor_spawned":[10,12],"killed_by":"The Guardian","ascension_level":0}}