{"host":"q9718omregw4er46","time":1609012177,"event":{"mods":["BaseMod","Colored Powertips","Minty Spire (QoL Compilation)","Quick Restart","Relic Stats"],"gold_per_floor":[116,135,135,135,150,150,184,184,184,28,28,28],"floor_reached":11,"playtime":235,"items_purged":["Strike_B"],"score":142,"play_id":"7e6d3024-d84d-422b-8a57-de180f4c8e33","local_time":"20201227004937","is_ascension_mode":true,"campfire_choices":[{"data":"FTL","floor":6,"key":"SMITH"}],"circlet_count":0,"master_deck":["AscendersBane","Strike_B","Strike_B","Strike_B","Defend_B","Defend_B","Defend_B","Defend_B","Zap+1","Dualcast+1","Ball Lightning+1","FTL+1","Static Discharge","Defragment"],"relics":["Cracked Core","NeowsBlessing","Shovel","CeramicFish","Gambling Chip"],"acts_visited":["Exordium"],"potions_floor_usage":[11],"damage_taken":[{"damage":0,"enemies":"Cultist","floor":1,"turns":1},{"damage":0,"enemies":"2 Louse","floor":2,"turns":1},{"damage":0,"enemies":"Small Slimes","floor":5,"turns":1},{"damage":15,"enemies":"3 Sentries","floor":7,"turns":6},{"damage":6,"enemies":"Gremlin Nob","floor":11,"turns":2}],"seed_played":"9058243808746612513","potions_obtained":[{"floor":1,"key":"Ancient Potion"},{"floor":7,"key":"LiquidBronze"}],"is_trial":false,"path_per_floor":["M","M","?","?","M","R","E","?","T","$","E"],"character_chosen":"DEFECT","items_purchased":["Defragment"],"campfire_rested":0,"item_purchase_floors":[10],"current_hp_per_floor":[64,64,43,43,43,43,28,2,2,2,0,0],"gold":28,"neow_bonus":"THREE_ENEMY_KILL","is_daily":false,"chose_seed":false,"campfire_upgraded":1,"win_rate":0.0,"timestamp":1609012177,"path_taken":["M","?","?","?","M","R","E","?","T","$","E"],"items_purchased_type":["Card"],"build_version":"2020-12-22","purchased_purges":1,"victory":false,"max_hp_per_floor":[71,71,71,71,71,71,71,71,71,71,71,71],"relic_stats":{"Shovel":0,"counters":[5,11],"CeramicFish":9,"Gambling Chip":[1],"obtain_stats":[{"Shovel":7,"NeowsBlessing":0,"CeramicFish":8,"Gambling Chip":9,"Cracked Core":0},{"Shovel":4,"NeowsBlessing":0,"CeramicFish":4,"Gambling Chip":4,"Cracked Core":0},{"Shovel":9,"NeowsBlessing":0,"CeramicFish":9,"Gambling Chip":9,"Cracked Core":0}]},"card_choices":[{"not_picked":["Skim","Gash","Beam Cell"],"picked":"SKIP","floor":1},{"not_picked":["Leap","Streamline"],"picked":"Ball Lightning","floor":2},{"not_picked":["Go for the Eyes","Streamline"],"picked":"FTL","floor":5},{"not_picked":["Reprogram","Sweeping Beam"],"picked":"Static Discharge","floor":7}],"player_experience":1123204,"relics_obtained":[{"floor":7,"key":"Shovel"},{"floor":9,"key":"Gambling Chip"}],"event_choices":[{"damage_healed":0,"gold_gain":0,"player_choice":"Entered Light","damage_taken":21,"max_hp_gain":0,"max_hp_loss":0,"event_name":"Shining Light","floor":3,"gold_loss":0,"cards_upgraded":["Zap","Dualcast"]},{"damage_healed":0,"gold_gain":0,"player_choice":"Grow","damage_taken":0,"max_hp_gain":0,"max_hp_loss":0,"event_name":"Living Wall","floor":4,"gold_loss":0,"cards_upgraded":["Ball Lightning"]},{"damage_healed":0,"gold_gain":0,"player_choice":"Success","damage_taken":26,"relics_obtained":["CeramicFish"],"max_hp_gain":0,"max_hp_loss":0,"event_name":"Scrap Ooze","floor":8,"gold_loss":0}],"is_beta":false,"boss_relics":[],"items_purged_floors":[10],"is_endless":false,"potions_floor_spawned":[1,7],"killed_by":"Gremlin Nob","ascension_level":20}}