{"host":"ErinAnne","time":1609020766,"event":{"mods":["AchievementEnabler","BaseMod","Colored Map","Colored Powertips","Downfall","Highlight Path","Minty Spire (QoL Compilation)","Relic Stats","Replay The Spire","Slay the Relics Exporter","StSLib","everything is the same but u backflip on backflip"],"gold_per_floor":[274,288,304,321,332,367,367,381,46,46,63,163,163,178,197,295,295,295,308,322,232,250,91,91,104,135,60,60,117,42,95,146,291,291,216,34,91,144,196,255,255,324,324,375,375,102,152,204,261,301,301,301,301,301],"floor_reached":52,"playtime":11537,"items_purged":["champ:StrikeOfGenius","Doubt"],"score":789,"play_id":"4d212ddc-017d-4072-8cab-f2038ad0204e","local_time":"20201226161246","is_ascension_mode":false,"campfire_choices":[{"data":"champ:Duel","floor":10.0,"key":"SMITH"},{"floor":13.0,"key":"REST"},{"data":"champ:Control","floor":18,"key":"SMITH"},{"floor":27,"key":"RECALL"},{"data":"champ:EndlessRage","floor":30,"key":"SMITH"},{"data":"champ:DancingMaster","floor":35,"key":"SMITH"},{"floor":43,"key":"REST"}],"circlet_count":0,"master_deck":["champ:Strike","champ:Defend","champ:Defend","champ:Execute","champ:Taunt","champ:BerserkerStyle","champ:TornadoPunch","champ:Backstep","champ:Duel+1","champ:AdrenalArmor","champ:RapidStrikes","champ:Improvising","champ:IronFortress","champ:FanOfKnives","champ:ArenaPreparation","champ:EndlessRage+1","champ:GutPunch","champ:FlashCut","champ:FlashCut","champ:RecklessLeap","champ:Control+1","champ:CrookedStrike","champ:Circumvent","champ:StrikeOfGenius+1","champ:ArenaPreparation+1","champ:ShieldWall+1","champ:BringItOn","champ:Riposte","champ:FaceSlap","champ:ShieldSlam","champ:SkillfulDodge","champ:DancingMaster+1","CurseOfTheBell","champ:CalledShot+1","champ:FalseCounter+1","champ:AdrenalArmor+1","champ:Encircle+1","champ:LastStand+1"],"relics":["champ:ChampionCrown","Iron Hammer","Torii","CloakClasp","Astrolabe","Lee\u0027s Waffle","champ:GladiatorsBookOfMartialProwess","downfall:HeartBlessingGreen","downfall:KnowingSkull","downfall:HeartBlessingRed","Calling Bell","Dream Catcher","Golden Egg","Bird Faced Urn","downfall:HeartBlessingBlue","Lantern","ReplayTheSpireMod:Lightbulb","Replay:Mystery Machine","Blood Vial","Toolbox","ReplayTheSpireMod:TigerMarble","Gremlin Food"],"acts_visited":["Exordium","TheCity","TheBeyond","TheEnding"],"potions_floor_usage":[21,26,33,40,50],"damage_taken":[{"damage":13.0,"enemies":"Jaw Worm","floor":2.0,"turns":4.0},{"damage":0.0,"enemies":"2 Louse","floor":3.0,"turns":2.0},{"damage":12.0,"enemies":"Cultist","floor":4.0,"turns":6.0},{"damage":14.0,"enemies":"Gremlin Gang","floor":5.0,"turns":3.0},{"damage":43.0,"enemies":"Lagavulin","floor":6.0,"turns":10.0},{"damage":7.0,"enemies":"Exordium Thugs","floor":8.0,"turns":4.0},{"damage":10.0,"enemies":"downfall:FleeingMerchant","floor":9.0,"turns":4.0},{"damage":15.0,"enemies":"Lots of Slimes","floor":11.0,"turns":3.0},{"damage":26.0,"enemies":"Lots of Slimes","floor":12.0,"turns":9.0},{"damage":43.0,"enemies":"Large Slime","floor":14.0,"turns":4.0},{"damage":1.0,"enemies":"2 Fungi Beasts","floor":15.0,"turns":3.0},{"damage":27.0,"enemies":"downfall:Silent","floor":16.0,"turns":9.0},{"damage":17,"enemies":"Chosen","floor":19,"turns":4},{"damage":28,"enemies":"Spheric Guardian","floor":20,"turns":5},{"damage":57,"enemies":"downfall:FleeingMerchant","floor":21,"turns":4},{"damage":61,"enemies":"Cultist and Chosen","floor":22,"turns":9},{"damage":38,"enemies":"downfall:FleeingMerchant","floor":23,"turns":4},{"damage":12,"enemies":"Snake Plant","floor":25,"turns":4},{"damage":56,"enemies":"Slavers","floor":26,"turns":7},{"damage":37,"enemies":"Snecko","floor":29,"turns":2},{"damage":31,"enemies":"Chosen and Byrds","floor":31,"turns":6},{"damage":34,"enemies":"3 Cultists","floor":32,"turns":6},{"damage":34,"enemies":"downfall:Watcher","floor":33,"turns":8},{"damage":28,"enemies":"downfall:FleeingMerchant","floor":36,"turns":4},{"damage":28,"enemies":"3 Shapes","floor":37,"turns":4},{"damage":33,"enemies":"Orb Walker","floor":39,"turns":4},{"damage":40,"enemies":"Jaw Worm Horde","floor":40,"turns":4},{"damage":82,"enemies":"Reptomancer","floor":42,"turns":6},{"damage":64,"enemies":"Sphere and 2 Shapes","floor":44,"turns":5},{"damage":24,"enemies":"downfall:FleeingMerchant","floor":46,"turns":3},{"damage":28,"enemies":"3 Darklings","floor":47,"turns":5},{"damage":35,"enemies":"4 Shapes","floor":48,"turns":4},{"damage":30,"enemies":"Maw","floor":49,"turns":4},{"damage":46,"enemies":"downfall:Defect","floor":50,"turns":7},{"damage":123,"enemies":"downfall:CharBossMerchant","floor":52,"turns":7}],"seed_played":"6343638954605613534","potions_obtained":[{"floor":4.0,"key":"ColorlessPotion"},{"floor":8.0,"key":"Energy Potion"},{"floor":12.0,"key":"Elixir"},{"floor":14.0,"key":"Doom Potion"},{"floor":16.0,"key":"Block Potion"},{"floor":25,"key":"Block Potion"},{"floor":26,"key":"Weak Potion"},{"floor":29,"key":"LiquidBronze"},{"floor":33,"key":"Fire Potion"},{"floor":39,"key":"Adrenaline Potion"},{"floor":40,"key":"Strength Potion"}],"is_trial":false,"path_per_floor":["R_BF","M","M","M","M","E","T","M","$","R","M","?","R","M","M","B",null,"R","M","M","$","M","$","T","M","E","R","?","M","R","M","M","B",null,"R_BF","$","M","T","M","M","T","E","R","M","?","$","M","M","M","B",null,"E"],"character_chosen":"THE_CHAMP","items_purchased":["champ:ArenaPreparation","champ:EndlessRage","champ:GutPunch","champ:FlashCut","EssenceOfSteel","Lee\u0027s Waffle","Lantern","champ:CalledShot+1","Toolbox","ReplayTheSpireMod:TigerMarble","Gremlin Food","champ:LastStand"],"campfire_rested":2,"item_purchase_floors":[9,9,9,9,9,23,36,36,46,46,46,46],"current_hp_per_floor":[63,60,60,57,48,27,27,27,27,27,27,17,44,30,29,11,90,90,90,89,89,64,97,97,95,73,73,64,61,61,58,54,49,97,107,107,106,106,107,85,85,39,71,67,36,37,41,31,39,50,107,0,0,0],"gold":301,"neow_bonus":"TRANSFORM_TWO_CARDS","is_daily":false,"chose_seed":false,"campfire_upgraded":4,"win_rate":0.0,"timestamp":1609020766,"path_taken":["R_BF","M","M","M","M","E","T","M","$","R","M","?","R","M","M","BOSS","R","M","M","$","M","$","T","M","E","R","?","M","R","M","M","BOSS","R_BF","$","M","?","M","M","T","E","R","?","?","$","?","M","M","BOSS","E"],"items_purchased_type":["Card","Card","Card","Card","Potion","Relic","Relic","Card","Relic","Relic","Relic","Card"],"build_version":"2020-12-18","purchased_purges":2,"victory":false,"max_hp_per_floor":[90,90,90,90,90,90,90,90,90,90,90,90,90,90,90,90,90,90,90,90,90,90,97,97,97,97,97,97,97,97,97,97,97,97,107,107,107,107,107,107,107,107,107,107,107,107,107,107,107,107,107,107,107,107],"relic_stats":{"Blood Vial":12,"Lee\u0027s Waffle":34,"Dream Catcher":1,"Torii":38,"counters":[35,177],"Astrolabe":["champ:StrikeOfGenius","champ:ArenaPreparation","champ:ShieldWall"],"Bird Faced Urn":[68],"CloakClasp":[452],"obtain_stats":[{"Gremlin Food":46,"Golden Egg":34,"Lee\u0027s Waffle":23,"Lantern":36,"Torii":7,"downfall:HeartBlessingRed":30,"Astrolabe":17,"champ:ChampionCrown":0,"downfall:HeartBlessingGreen":27,"CloakClasp":12,"Replay:Mystery Machine":41,"champ:GladiatorsBookOfMartialProwess":26,"Calling Bell":34,"Blood Vial":42,"Dream Catcher":34,"downfall:HeartBlessingBlue":35,"Bird Faced Urn":34,"Toolbox":46,"downfall:KnowingSkull":28,"Iron Hammer":6,"ReplayTheSpireMod:TigerMarble":46,"ReplayTheSpireMod:Lightbulb":38},{"Gremlin Food":30,"Golden Egg":23,"Lee\u0027s Waffle":17,"Lantern":24,"Torii":5,"downfall:HeartBlessingRed":20,"Astrolabe":12,"champ:ChampionCrown":0,"downfall:HeartBlessingGreen":19,"CloakClasp":9,"Replay:Mystery Machine":27,"champ:GladiatorsBookOfMartialProwess":19,"Calling Bell":23,"Blood Vial":28,"Dream Catcher":23,"downfall:HeartBlessingBlue":23,"Bird Faced Urn":23,"Toolbox":30,"downfall:KnowingSkull":19,"Iron Hammer":5,"ReplayTheSpireMod:TigerMarble":30,"ReplayTheSpireMod:Lightbulb":25},{"Gremlin Food":150,"Golden Egg":120,"Lee\u0027s Waffle":87,"Lantern":124,"Torii":25,"downfall:HeartBlessingRed":100,"Astrolabe":61,"champ:ChampionCrown":0,"downfall:HeartBlessingGreen":98,"CloakClasp":45,"Replay:Mystery Machine":136,"champ:GladiatorsBookOfMartialProwess":98,"Calling Bell":120,"Blood Vial":142,"Dream Catcher":120,"downfall:HeartBlessingBlue":120,"Bird Faced Urn":120,"Toolbox":150,"downfall:KnowingSkull":98,"Iron Hammer":25,"ReplayTheSpireMod:TigerMarble":150,"ReplayTheSpireMod:Lightbulb":128}]},"card_choices":[{"not_picked":["champ:FanOfKnives","champ:Riposte"],"picked":"champ:Backstep","floor":2.0},{"not_picked":["champ:BerserkerStyle","champ:PerfectedStrike"],"picked":"champ:Duel","floor":3.0},{"not_picked":["champ:BladeFlurry","champ:DefensiveShout"],"picked":"champ:AdrenalArmor","floor":4.0},{"not_picked":["champ:StanceDance","champ:TornadoPunch"],"picked":"champ:RapidStrikes","floor":5.0},{"not_picked":["champ:ArenaPreparation","champ:StanceDance"],"picked":"champ:Improvising","floor":6.0},{"not_picked":["champ:DefensiveStyle","champ:AdrenalArmor"],"picked":"champ:IronFortress","floor":8.0},{"not_picked":["champ:DefensiveShout","champ:FlashCut"],"picked":"champ:FanOfKnives","floor":9.0},{"not_picked":["champ:FlashCut","champ:Lariat"],"picked":"champ:RecklessLeap","floor":11.0},{"not_picked":["champ:BerserkerStyle","champ:DefensiveShout"],"picked":"champ:Control","floor":12.0},{"not_picked":["champ:FocusedDefense","champ:FlashCut"],"picked":"champ:CrookedStrike","floor":14.0},{"not_picked":["champ:ShieldWall","champ:Shatter"],"picked":"champ:Circumvent","floor":15.0},{"not_picked":["champ:ShieldSlam","champ:Devastate"],"picked":"champ:StrikeOfGenius","floor":16.0},{"not_picked":["champ:PreciseThrust","champ:FalseCounter"],"picked":"champ:BringItOn","floor":19},{"not_picked":["champ:Aggression","champ:FanOfKnives"],"picked":"champ:Riposte","floor":20},{"not_picked":["champ:Riposte","champ:Encircle"],"picked":"champ:FaceSlap","floor":21},{"not_picked":["champ:CrookedStrike","champ:PerfectedStrike+1","champ:BerserkersShout"],"picked":"SKIP","floor":22},{"not_picked":["champ:HeartStrike","champ:BladeFlurry+1"],"picked":"champ:ShieldSlam","floor":23},{"not_picked":["champ:AdrenalArmor+1","champ:ShieldWall","champ:PerfectedStrike"],"picked":"SKIP","floor":25},{"not_picked":["champ:EnGarde","champ:RapidStrikes","champ:Haymaker+1"],"picked":"SKIP","floor":26},{"not_picked":["champ:DefensiveShout+1","champ:GladiatorsShout"],"picked":"champ:SkillfulDodge","floor":29},{"not_picked":["champ:PreciseThrust","champ:FocusedGladiator","champ:Haymaker"],"picked":"SKIP","floor":31},{"not_picked":["champ:StanceDance","champ:RapidStrikes","champ:FocusedDefense"],"picked":"SKIP","floor":32},{"not_picked":["champ:VampiricStrike","champ:MurderStrike"],"picked":"champ:DancingMaster","floor":33},{"not_picked":["champ:Backstep","champ:BerserkersShout","champ:RecklessLeap+1"],"picked":"SKIP","floor":36},{"not_picked":["champ:FightOn","champ:Aggression+1"],"picked":"champ:FalseCounter+1","floor":37},{"not_picked":["champ:FalseCounter","champ:CrookedStrike","champ:FanOfKnives+1"],"picked":"SKIP","floor":39},{"not_picked":["champ:ViciousMockery","champ:StanceDance","champ:BringItOn+1"],"picked":"SKIP","floor":40},{"not_picked":["champ:Control+1","champ:PreciseThrust+1","champ:BerserkersShout+1"],"picked":"SKIP","floor":42},{"not_picked":["champ:BladeFlurry+1","champ:PerfectedStrike+1"],"picked":"champ:AdrenalArmor+1","floor":43},{"not_picked":["champ:BerserkerStyle","champ:PerfectedStrike","champ:StanceDance"],"picked":"SKIP","floor":44},{"not_picked":["champ:ShieldWall","champ:BladeFlurry+1"],"picked":"champ:Encircle","floor":46},{"not_picked":["champ:Lariat","champ:CrookedStrike","champ:ShieldThrow"],"picked":"SKIP","floor":47},{"not_picked":["champ:FanOfKnives+1","champ:Backstep+1","champ:GladiatorsShout"],"picked":"SKIP","floor":48},{"not_picked":["champ:SkillfulDodge","champ:GladiatorsShout","champ:BladeFlurry"],"picked":"SKIP","floor":49}],"player_experience":81718,"relics_obtained":[{"floor":6.0,"key":"Iron Hammer"},{"floor":7.0,"key":"Torii"},{"floor":12.0,"key":"CloakClasp"},{"floor":26,"key":"champ:GladiatorsBookOfMartialProwess"},{"floor":34,"key":"Dream Catcher"},{"floor":34,"key":"Golden Egg"},{"floor":34,"key":"Bird Faced Urn"},{"floor":38,"key":"ReplayTheSpireMod:Lightbulb"},{"floor":41,"key":"Replay:Mystery Machine"},{"floor":42,"key":"Blood Vial"}],"event_choices":[],"is_beta":true,"boss_relics":[{"not_picked":["downfall:Hecktoplasm","Sozu"],"picked":"Astrolabe"},{"not_picked":["Coffee Dripper","Cursed Key"],"picked":"Calling Bell"}],"items_purged_floors":[21,46],"is_endless":false,"potions_floor_spawned":[4,8,11,12,14,16,20,25,26,29,31,33,39,40,42,47,49],"killed_by":"downfall:CharBossMerchant","ascension_level":0}}