{"host":"8f5cu9y0fpol72qs","time":1609023914,"event":{"mods":["BaseMod","Colored Map","Highlight Path","Minty Spire (QoL Compilation)","StSLib"],"gold_per_floor":[116,133,133,6,6,6,46,67,115,115,15,58,58,58,58,184,184,200,200,200,75,75,75,114,114,114,114,134,170,170,170,170,170,170],"floor_reached":33,"playtime":2901,"items_purged":["Strike_G","Defend_G","Strike_G"],"score":453,"play_id":"c67e82d4-73bc-4fb0-8a7f-af505a19cdb3","local_time":"20201226150514","is_ascension_mode":true,"campfire_choices":[{"data":"Footwork","floor":6,"key":"SMITH"},{"data":"Deadly Poison","floor":10,"key":"SMITH"},{"data":"Caltrops","floor":13,"key":"SMITH"},{"data":"Deadly Poison","floor":15,"key":"SMITH"},{"data":"Corpse Explosion","floor":23,"key":"SMITH"},{"data":"Cloak And Dagger","floor":25,"key":"SMITH"},{"floor":32,"key":"DIG"}],"circlet_count":0,"master_deck":["AscendersBane","Strike_G","Defend_G","Defend_G","Defend_G","Defend_G","Survivor","Neutralize+1","Footwork+1","Quick Slash","Deadly Poison+1","Venomology","Caltrops+1","Deadly Poison+1","Cloak And Dagger+1","Corpse Explosion+1","Poisoned Stab","RitualDagger","Backflip+1","Crippling Poison+1","PiercingWail+1","Necronomicurse"],"relics":["Ring of the Snake","Golden Idol","Anchor","Juzu Bracelet","Bag of Marbles","Ancient Tea Set","Black Star","Toxic Egg 2","Centennial Puzzle","StrikeDummy","Shovel","Mango","Pear","Necronomicon","FossilizedHelix"],"acts_visited":["Exordium","TheCity"],"potions_floor_usage":[7,12,12,18,18,24,28,29,33,33,33],"damage_taken":[{"damage":0.0,"enemies":"2 Louse","floor":1.0,"turns":4.0},{"damage":0,"enemies":"Jaw Worm","floor":2,"turns":5},{"damage":10,"enemies":"Lagavulin","floor":7,"turns":8},{"damage":2,"enemies":"Cultist","floor":8,"turns":4},{"damage":6,"enemies":"3 Sentries","floor":12,"turns":9},{"damage":4,"enemies":"Hexaghost","floor":16,"turns":9},{"damage":2,"enemies":"Shell Parasite","floor":18,"turns":6},{"damage":21,"enemies":"Gremlin Leader","floor":24,"turns":6},{"damage":0,"enemies":"Chosen","floor":28,"turns":4},{"damage":22,"enemies":"Book of Stabbing","floor":29,"turns":6},{"damage":61,"enemies":"Collector","floor":33,"turns":8}],"seed_played":"4628329491604106450","potions_obtained":[{"floor":1,"key":"LiquidBronze"},{"floor":2,"key":"PowerPotion"},{"floor":8,"key":"SneckoOil"},{"floor":29,"key":"Regen Potion"}],"is_trial":false,"path_per_floor":["M","M","?","$","?","R","E","M","T","R","$","E","R","?","R","B",null,"M","?","?","$","?","R","E","R","T","?","M","E","?","?","R","B"],"character_chosen":"THE_SILENT","items_purchased":["Deadly Poison"],"campfire_rested":0,"item_purchase_floors":[4],"current_hp_per_floor":[63,63,63,63,38,38,28,26,26,26,26,20,20,20,20,16,53,51,45,45,45,65,65,44,44,44,44,44,46,46,30,30,0,0],"gold":170,"neow_bonus":"UPGRADE_CARD","is_daily":false,"chose_seed":false,"campfire_upgraded":6,"win_rate":0.0,"timestamp":1609023914,"path_taken":["M","M","?","$","?","R","E","M","T","R","?","E","R","?","R","BOSS","M","?","?","$","?","R","E","R","T","?","M","E","?","?","R","BOSS"],"items_purchased_type":["Card"],"build_version":"2020-12-22","purchased_purges":3,"victory":false,"max_hp_per_floor":[70,70,65,65,65,65,65,65,65,65,65,65,65,65,65,65,65,65,65,65,65,65,65,65,65,65,65,65,89,89,89,89,89,89],"card_choices":[{"not_picked":["Blade Dance","Slice"],"picked":"Footwork","floor":1},{"not_picked":["Expertise","Sucker Punch"],"picked":"Quick Slash","floor":2},{"not_picked":["Escape Plan","Flechettes"],"picked":"Venomology","floor":7},{"not_picked":["Sucker Punch","Eviscerate"],"picked":"Caltrops","floor":8},{"not_picked":["PiercingWail","Sucker Punch"],"picked":"Deadly Poison","floor":12},{"not_picked":["Glass Knife","Die Die Die"],"picked":"Corpse Explosion","floor":16},{"not_picked":["Cloak And Dagger","Blade Dance+1"],"picked":"Poisoned Stab","floor":18},{"not_picked":["Quick Slash","Terror+1"],"picked":"Backflip+1","floor":24},{"not_picked":["Dodge and Roll+1","Quick Slash"],"picked":"Crippling Poison+1","floor":28},{"not_picked":["A Thousand Cuts","Caltrops"],"picked":"PiercingWail+1","floor":29}],"player_experience":700155,"relics_obtained":[{"floor":7,"key":"Juzu Bracelet"},{"floor":9,"key":"Bag of Marbles"},{"floor":12,"key":"Ancient Tea Set"},{"floor":24,"key":"Centennial Puzzle"},{"floor":24,"key":"StrikeDummy"},{"floor":26,"key":"Shovel"},{"floor":29,"key":"Mango"},{"floor":29,"key":"Pear"},{"floor":31,"key":"Necronomicon"},{"floor":32,"key":"FossilizedHelix"}],"event_choices":[{"damage_healed":0,"gold_gain":0,"player_choice":"Lose Max HP","damage_taken":0,"relics_obtained":["Golden Idol"],"max_hp_gain":0,"max_hp_loss":5,"event_name":"Golden Idol","floor":3,"gold_loss":0},{"damage_healed":0,"gold_gain":0,"player_choice":"Success","damage_taken":25,"relics_obtained":["Anchor"],"max_hp_gain":0,"max_hp_loss":0,"event_name":"Scrap Ooze","floor":5,"gold_loss":0},{"damage_healed":0,"gold_gain":0,"cards_transformed":["Strike_G"],"player_choice":"Transformed","damage_taken":0,"max_hp_gain":0,"max_hp_loss":0,"event_name":"Transmorgrifier","floor":14,"gold_loss":0,"cards_obtained":["Cloak And Dagger"]},{"damage_healed":0,"gold_gain":0,"player_choice":"Joined the Cult","damage_taken":6,"max_hp_gain":0,"max_hp_loss":0,"event_name":"Nest","floor":19,"gold_loss":0,"cards_obtained":["RitualDagger"]},{"damage_healed":0,"gold_gain":0,"player_choice":"Opened","damage_taken":0,"relics_obtained":["Toxic Egg 2"],"max_hp_gain":0,"max_hp_loss":0,"event_name":"The Mausoleum","floor":20,"gold_loss":0},{"damage_healed":21,"gold_gain":0,"player_choice":"Heal","damage_taken":0,"max_hp_gain":0,"max_hp_loss":0,"event_name":"The Library","floor":22,"gold_loss":0},{"damage_healed":0,"gold_gain":0,"player_choice":"Ignored","damage_taken":0,"max_hp_gain":0,"max_hp_loss":0,"event_name":"Vampires","floor":27,"gold_loss":0},{"cards_removed":["Strike_G"],"damage_healed":0,"gold_gain":0,"player_choice":"Offered Basic","damage_taken":0,"max_hp_gain":0,"max_hp_loss":0,"event_name":"Bonfire Elementals","floor":30,"gold_loss":0},{"damage_healed":0,"gold_gain":0,"player_choice":"Obtained Book","damage_taken":16,"max_hp_gain":0,"max_hp_loss":0,"event_name":"Cursed Tome","floor":31,"gold_loss":0}],"is_beta":false,"boss_relics":[{"not_picked":["Astrolabe","Runic Dome"],"picked":"Black Star"}],"items_purged_floors":[4,11,21],"is_endless":false,"potions_floor_spawned":[1,2,8,29],"killed_by":"Collector","ascension_level":10}}