{"host":"zig6x0mxqzam82fb","time":1609017628,"event":{"mods":["BaseMod","Block Reminder","Colored Map","Colored Powertips","Minty Spire (QoL Compilation)","Relic Stats"],"gold_per_floor":[10,10,10,27,38,38,54,86,86,112,112,112,125,145,145,250,250,264,24,40,56,17,17,17,27,53,53,83,103,103,134,134,232,232,244,263,263,276,26,26,55,55,55,55,74,107,31,49,49,49],"floor_reached":51,"playtime":3854,"items_purged":["Injury"],"score":908,"play_id":"c820633c-0fe7-4676-bc0d-987e9e2c4250","local_time":"20201226162028","is_ascension_mode":true,"campfire_choices":[{"data":"Juggernaut","floor":6,"key":"SMITH"},{"data":"Bash","floor":12,"key":"SMITH"},{"data":"Iron Wave","floor":15,"key":"SMITH"},{"floor":23,"key":"REST"},{"floor":27,"key":"REST"},{"floor":32,"key":"REST"},{"data":"Body Slam","floor":40,"key":"SMITH"},{"data":"Power Through","floor":44,"key":"SMITH"},{"data":"Flame Barrier","floor":49,"key":"SMITH"}],"circlet_count":0,"master_deck":["Strike_R","Strike_R","Strike_R","Strike_R","Defend_R","Defend_R+1","Defend_R","Defend_R+1","Bash+1","Juggernaut+1","Clothesline","Anger","Rampage","Pummel","Twin Strike","Dark Embrace+1","Clothesline","Iron Wave+1","Impervious","Uppercut","Armaments","Shockwave","RitualDagger","Havoc+1","Body Slam+1","Metallicize+1","Power Through+1","Barricade+1","CurseOfTheBell","Fire Breathing+1","Evolve+1","Reckless Charge+1","Battle Trance","Reaper","Injury","Injury","Ghostly Armor","Flame Barrier+1","Fire Breathing+1"],"relics":["Burning Blood","Lizard Tail","HornCleat","Pear","Frozen Egg 2","Letter Opener","Cursed Key","Singing Bowl","War Paint","Eternal Feather","Darkstone Periapt","Calling Bell","Vajra","Shuriken","Ginger","Blood Vial","Molten Egg 2","InkBottle","Bag of Marbles"],"acts_visited":["Exordium","TheCity","TheBeyond"],"potions_floor_usage":[10,16,28,31,33,35,50,50,50],"damage_taken":[{"damage":0,"enemies":"Cultist","floor":1,"turns":4},{"damage":4,"enemies":"Small Slimes","floor":4,"turns":4},{"damage":10,"enemies":"Jaw Worm","floor":5,"turns":4},{"damage":11,"enemies":"2 Fungi Beasts","floor":7,"turns":3},{"damage":13,"enemies":"Gremlin Nob","floor":8,"turns":4},{"damage":17,"enemies":"Lagavulin","floor":10,"turns":4},{"damage":0,"enemies":"3 Louse","floor":13,"turns":3},{"damage":12,"enemies":"Exordium Wildlife","floor":14,"turns":3},{"damage":53,"enemies":"The Guardian","floor":16,"turns":11},{"damage":12,"enemies":"Shell Parasite","floor":18,"turns":5},{"damage":8,"enemies":"Chosen","floor":20,"turns":3},{"damage":66,"enemies":"3 Cultists","floor":21,"turns":7},{"damage":6,"enemies":"Snake Plant","floor":25,"turns":4},{"damage":12,"enemies":"Book of Stabbing","floor":28,"turns":5},{"damage":19,"enemies":"Shelled Parasite and Fungi","floor":29,"turns":5},{"damage":27,"enemies":"Slavers","floor":31,"turns":7},{"damage":74,"enemies":"Champ","floor":33,"turns":11},{"damage":16,"enemies":"3 Darklings","floor":35,"turns":9},{"damage":23,"enemies":"Orb Walker","floor":36,"turns":5},{"damage":23,"enemies":"Sphere and 2 Shapes","floor":38,"turns":8},{"damage":10,"enemies":"Nemesis","floor":41,"turns":7},{"damage":27,"enemies":"Spire Growth","floor":45,"turns":5},{"damage":0,"enemies":"Giant Head","floor":46,"turns":8},{"damage":24,"enemies":"4 Shapes","floor":48,"turns":5},{"damage":62,"enemies":"Donu and Deca","floor":50,"turns":8}],"seed_played":"4948312986797681527","potions_obtained":[{"floor":4,"key":"ColorlessPotion"},{"floor":5,"key":"GamblersBrew"},{"floor":8,"key":"SteroidPotion"},{"floor":10,"key":"ElixirPotion"},{"floor":16,"key":"HeartOfIron"},{"floor":21,"key":"Swift Potion"},{"floor":28,"key":"Fire Potion"},{"floor":29,"key":"SteroidPotion"},{"floor":36,"key":"ColorlessPotion"},{"floor":41,"key":"PowerPotion"},{"floor":48,"key":"DuplicationPotion"}],"is_trial":false,"path_per_floor":["M","T","$","M","M","R","M","E","T","E","?","R","M","M","R","B",null,"M","$","M","M","$","R","?","M","T","R","E","M","?","E","R","B",null,"M","M","?","M","$","R","E","T","T","R","M","E","$","M","R","B",null],"character_chosen":"IRONCLAD","items_purchased":["Singing Bowl","Shockwave","Battle Trance","SpeedPotion","SpeedPotion","Fire Breathing+1"],"campfire_rested":3,"item_purchase_floors":[19,22,39,39,39,47],"current_hp_per_floor":[80,80,80,80,76,76,71,64,74,63,63,63,69,63,63,16,90,84,84,84,24,24,51,45,45,45,72,66,53,53,34,77,9,100,90,73,73,56,56,74,70,76,82,103,86,99,99,85,106,52],"gold":49,"neow_bonus":"THREE_RARE_CARDS","is_daily":false,"chose_seed":false,"campfire_upgraded":6,"win_rate":0.0,"timestamp":1609017628,"path_taken":["M","?","?","M","M","R","M","E","T","E","?","R","?","M","R","BOSS","M","$","M","M","$","R","?","M","T","R","E","M","?","E","R","BOSS","M","M","?","M","$","R","E","?","T","R","M","E","$","M","R","BOSS"],"items_purchased_type":["Relic","Card","Card","Potion","Potion","Card"],"build_version":"2020-12-22","purchased_purges":1,"victory":true,"max_hp_per_floor":[80,80,80,80,80,80,80,80,90,90,90,90,90,90,90,90,90,90,90,92,92,92,92,92,92,92,92,92,92,92,94,94,94,100,100,100,100,100,100,100,100,106,112,112,112,112,112,114,114,114],"relic_stats":{"Darkstone Periapt":18,"Singing Bowl":6,"counters":[25,142],"Eternal Feather":75,"Letter Opener":[52],"Ginger":[2],"War Paint":["Defend_R","Defend_R"],"Cursed Key":3,"Burning Blood":142,"Blood Vial":8,"Lizard Tail":0,"Shuriken":[9],"obtain_stats":[{"Darkstone Periapt":31,"Pear":9,"Singing Bowl":19,"Vajra":34,"Eternal Feather":28,"Letter Opener":11,"Ginger":34,"Frozen Egg 2":10,"War Paint":26,"Cursed Key":17,"Burning Blood":0,"Calling Bell":34,"Blood Vial":41,"Lizard Tail":2,"HornCleat":8,"Shuriken":34,"Molten Egg 2":42,"Bag of Marbles":46,"InkBottle":43},{"Darkstone Periapt":16,"Pear":5,"Singing Bowl":10,"Vajra":17,"Eternal Feather":14,"Letter Opener":6,"Ginger":17,"Frozen Egg 2":6,"War Paint":13,"Cursed Key":9,"Burning Blood":0,"Calling Bell":17,"Blood Vial":21,"Lizard Tail":1,"HornCleat":5,"Shuriken":17,"Molten Egg 2":21,"Bag of Marbles":23,"InkBottle":21},{"Darkstone Periapt":76,"Pear":19,"Singing Bowl":45,"Vajra":87,"Eternal Feather":64,"Letter Opener":23,"Ginger":87,"Frozen Egg 2":23,"War Paint":59,"Cursed Key":40,"Burning Blood":0,"Calling Bell":87,"Blood Vial":116,"Lizard Tail":4,"HornCleat":19,"Shuriken":87,"Molten Egg 2":116,"Bag of Marbles":129,"InkBottle":116}],"InkBottle":[8]},"card_choices":[{"not_picked":["Fiend Fire","Brutality"],"picked":"Juggernaut","floor":0},{"not_picked":["Iron Wave","Heavy Blade"],"picked":"Clothesline","floor":1},{"not_picked":["True Grit","Havoc"],"picked":"Anger","floor":4},{"not_picked":["True Grit","Pommel Strike"],"picked":"Rampage","floor":5},{"not_picked":["Feel No Pain","Dual Wield"],"picked":"Pummel","floor":7},{"not_picked":["Clothesline","Brutality"],"picked":"Twin Strike","floor":8},{"not_picked":["Bloodletting","Ghostly Armor"],"picked":"Dark Embrace+1","floor":10},{"not_picked":["Dropkick","Sentinel"],"picked":"Clothesline","floor":13},{"not_picked":["Heavy Blade","Sword Boomerang"],"picked":"Iron Wave","floor":14},{"not_picked":["Exhume","Brutality+1"],"picked":"Impervious","floor":16},{"not_picked":["Iron Wave","Dropkick"],"picked":"Uppercut","floor":18},{"not_picked":["Pommel Strike","Wild Strike","Cleave"],"picked":"Singing Bowl","floor":20},{"not_picked":["Evolve+1","Fiend Fire"],"picked":"Armaments","floor":21},{"not_picked":["Warcry+1","Cleave"],"picked":"Havoc+1","floor":25},{"not_picked":["Anger+1","Limit Break"],"picked":"Body Slam","floor":28},{"not_picked":["Sword Boomerang","Anger"],"picked":"Metallicize+1","floor":29},{"not_picked":["Rampage","Cleave","Brutality+1"],"picked":"Singing Bowl","floor":31},{"not_picked":["Offering","Feed"],"picked":"Barricade+1","floor":33},{"not_picked":["Anger","Iron Wave"],"picked":"Fire Breathing+1","floor":35},{"not_picked":["Anger+1","Perfected Strike+1"],"picked":"Evolve+1","floor":36},{"not_picked":["Cleave+1","Clash"],"picked":"Reckless Charge+1","floor":38},{"not_picked":["Havoc+1","Headbutt"],"picked":"Reaper","floor":41},{"not_picked":["Headbutt+1","Warcry"],"picked":"Ghostly Armor","floor":45},{"not_picked":["Dual Wield+1","Searing Blow+1"],"picked":"Flame Barrier","floor":46},{"not_picked":["Clash+1","Warcry","Pommel Strike+1"],"picked":"Singing Bowl","floor":48}],"player_experience":335691,"relics_obtained":[{"floor":2,"key":"Lizard Tail"},{"floor":8,"key":"HornCleat"},{"floor":9,"key":"Pear"},{"floor":10,"key":"Frozen Egg 2"},{"floor":26,"key":"War Paint"},{"floor":28,"key":"Eternal Feather"},{"floor":31,"key":"Darkstone Periapt"},{"floor":34,"key":"Vajra"},{"floor":34,"key":"Shuriken"},{"floor":34,"key":"Ginger"},{"floor":41,"key":"Blood Vial"},{"floor":42,"key":"Molten Egg 2"},{"floor":43,"key":"InkBottle"},{"floor":46,"key":"Bag of Marbles"}],"event_choices":[{"damage_healed":0,"gold_gain":0,"player_choice":"Gave Potion","damage_taken":0,"relics_obtained":["Letter Opener"],"max_hp_gain":0,"max_hp_loss":0,"event_name":"WeMeetAgain","floor":11,"gold_loss":0},{"damage_healed":0,"gold_gain":0,"player_choice":"Joined the Cult","damage_taken":6,"max_hp_gain":0,"max_hp_loss":0,"event_name":"Nest","floor":24,"gold_loss":0,"cards_obtained":["RitualDagger"]},{"damage_healed":0,"gold_gain":0,"player_choice":"Read","damage_taken":0,"max_hp_gain":0,"max_hp_loss":0,"event_name":"The Library","floor":30,"gold_loss":0,"cards_obtained":["Power Through"]},{"cards_removed":["Strike_R"],"damage_healed":0,"gold_gain":0,"player_choice":"Removed Attack","damage_taken":0,"max_hp_gain":0,"max_hp_loss":0,"event_name":"Falling","floor":37,"gold_loss":0}],"is_beta":false,"boss_relics":[{"not_picked":["SacredBark","Astrolabe"],"picked":"Cursed Key"},{"not_picked":["Runic Pyramid","Tiny House"],"picked":"Calling Bell"}],"items_purged_floors":[39],"is_endless":false,"potions_floor_spawned":[4,5,8,10,16,21,28,29,36,41,45,48],"ascension_level":2}}