{"host":"7t8rqoeeopyy0nh0","time":1609017040,"event":{"mods":["AchievementEnabler","BaseMod","Better Third Choice","BetterRewards","Colored Map","Colored Powertips","Downfall","Hubris","Infinite Spire","Marisa????????","Minty Spire (QoL Compilation)","Replay The Spire","StSLib","The Animator","The Construct","The Cursed","The Hierophant"],"gold_per_floor":[116,116,140,165,21,56,71,71,71,110,123,42,42,42,42,162,162,181,181,195,19,43,43,79,93,93,93,113,113,156,11,11,136,136,155,16,16,16],"floor_reached":37,"playtime":1930,"items_purged":["Injury","Writhe"],"score":546,"play_id":"82b7ee87-d7cb-408a-a3f0-ce4405894a46","local_time":"20201226161040","is_ascension_mode":true,"campfire_choices":[{"data":"TalkToTheHand","floor":8,"key":"SMITH"},{"floor":13,"key":"REST"},{"data":"TalkToTheHand","floor":15,"key":"SMITH"},{"data":"Alpha","floor":23,"key":"SMITH"},{"data":"Vault","floor":27,"key":"SMITH"},{"data":"Vault","floor":29,"key":"SMITH"},{"floor":32,"key":"REST"}],"circlet_count":0,"master_deck":["Strike_P","Strike_P","Strike_P","Defend_P","Defend_P","Defend_P","Defend_P","Eruption+1","Vigilance","Pot Of Greed","Tantrum","EmptyMind","Pot Of Greed","Replay:SS_forest_6","Replay:ManipulateFuture","SashWhip","EmptyMind","TalkToTheHand+1","EmptyFist","FlurryOfBlows","Alpha+1","TalkToTheHand+1","Vault+1","Pot Of Greed","Crescendo","MentalFortress","Indignation","Vault+1","EmptyBody+1","Scrawl+1","Ragnarok+1","SignatureMove+1","Establishment+1","ThirdEye+1","Pot Of Greed+1","ClearTheMind+1","expansioncontent:DecasProtection+1"],"relics":["PureWater","Lee\u0027s Waffle","Grinning Jar","Thread and Needle","Golden Idol","hubris:TinFlute","infinitespire:Broken Mirror","Regal Pillow","Philosopher\u0027s Stone","Boot","Snack Pack","Toxic Egg 2","Red Mask","MealTicket","Astrolabe"],"acts_visited":["Exordium","TheCity","TheBeyond"],"potions_floor_usage":[16,20,24,24],"damage_taken":[{"damage":3,"enemies":"Small Slimes","floor":1,"turns":3},{"damage":0,"enemies":"2 Louse","floor":3,"turns":1},{"damage":0,"enemies":"Jaw Worm","floor":4,"turns":2},{"damage":41,"enemies":"Replay:BlueRogue","floor":6,"turns":8},{"damage":0,"enemies":"Looter","floor":7,"turns":3},{"damage":16,"enemies":"Lagavulin","floor":10,"turns":5},{"damage":0,"enemies":"Gremlin Gang","floor":11,"turns":4},{"damage":11,"enemies":"Fading Forest","floor":16,"turns":11},{"damage":9,"enemies":"2 Thieves","floor":18,"turns":3},{"damage":0,"enemies":"Shell Parasite","floor":20,"turns":3},{"damage":9,"enemies":"Snecko","floor":22,"turns":5},{"damage":11,"enemies":"Gremlin Leader","floor":24,"turns":5},{"damage":17,"enemies":"Snake Plant","floor":25,"turns":3},{"damage":16,"enemies":"Chosen and Byrds","floor":28,"turns":6},{"damage":22,"enemies":"Masked Bandits","floor":30,"turns":5},{"damage":45,"enemies":"Automaton","floor":33,"turns":7},{"damage":8,"enemies":"3 Shapes","floor":35,"turns":6},{"damage":112,"enemies":"Orin","floor":37,"turns":7}],"seed_played":"-5752592208486166344","potions_obtained":[{"floor":4,"key":"Explosive Potion"},{"floor":6,"key":"SteroidPotion"},{"floor":10,"key":"Block Potion"},{"floor":16,"key":"Cursed Concoction"},{"floor":18,"key":"Block Potion"},{"floor":22,"key":"Adrenaline Potion"},{"floor":28,"key":"Ancient Potion"},{"floor":30,"key":"FairyPotion"}],"is_trial":false,"path_per_floor":["M","?","M","M","$","E","M","R","T","E","M","$","R","?","R","B",null,"M","?","M","$","M","R","E","M","T","R","M","R","?","$","R","B",null,"M","$","?"],"character_chosen":"WATCHER","items_purchased":["Lee\u0027s Waffle","Grinning Jar","Tantrum","EmptyMind","Replay:ManipulateFuture","TalkToTheHand","TalkToTheHand","MentalFortress","MealTicket","ClearTheMind+1","expansioncontent:DecasProtection+1"],"campfire_rested":2,"item_purchase_floors":[0,0,0,0,0,5,12,21,31,36,36],"current_hp_per_floor":[76,76,76,76,76,43,43,43,43,35,35,35,73,73,73,78,79,70,70,70,70,61,61,58,53,53,53,41,41,21,21,59,26,66,68,79,0,0],"gold":16,"neow_bonus":"","is_daily":false,"chose_seed":false,"campfire_upgraded":5,"win_rate":0.0,"timestamp":1609017040,"path_taken":["M","?","M","M","$","E","M","R","T","E","M","$","R","?","R","BOSS","M","?","M","$","?","R","E","M","T","R","M","R","?","$","R","BOSS","M","$","?"],"items_purchased_type":["Relic","Relic","Card","Card","Card","Card","Card","Card","Relic","Card","Card"],"build_version":"2020-12-22","purchased_purges":2,"victory":false,"max_hp_per_floor":[79,79,79,79,79,79,79,79,79,79,79,79,79,79,79,79,79,79,79,79,79,79,79,79,79,79,79,79,79,79,79,79,79,79,79,79,79,79],"card_choices":[{"not_picked":["Worship","Replay:Anticipation"],"picked":"SashWhip","floor":1},{"not_picked":["EmptyBody","CrushJoints"],"picked":"EmptyMind","floor":3},{"not_picked":["Replay:BluntJabs","Evaluate"],"picked":"WindmillStrike","floor":4},{"not_picked":["SandsOfTime","ClearTheMind"],"picked":"EmptyFist","floor":6},{"not_picked":["Evaluate","Perseverance"],"picked":"FlurryOfBlows","floor":7},{"not_picked":["SandsOfTime","Replay:AtTheReady","ReachHeaven"],"picked":"SKIP","floor":10},{"not_picked":["ForeignInfluence","Perseverance"],"picked":"Alpha","floor":11},{"not_picked":["ConjureBlade","SpiritShield"],"picked":"Vault","floor":16},{"not_picked":["PathToVictory","Study"],"picked":"Crescendo","floor":18},{"not_picked":["ForeignInfluence","WreathOfFlame","ThirdEye"],"picked":"SKIP","floor":20},{"not_picked":["SashWhip","Prostrate","BowlingBash"],"picked":"SKIP","floor":22},{"not_picked":["Replay:DivineShield","Evaluate"],"picked":"Indignation","floor":24},{"not_picked":["SashWhip+1","ClearTheMind"],"picked":"Vault","floor":25},{"not_picked":["Meditate+1","ThirdEye+1"],"picked":"Halt+1","floor":28},{"not_picked":["Worship+1","Replay:AtTheReady+1"],"picked":"EmptyBody+1","floor":30},{"not_picked":["MasterReality","ConjureBlade+1"],"picked":"Scrawl+1","floor":33},{"not_picked":["CrushJoints","PathToVictory+1"],"picked":"ThirdEye+1","floor":35}],"player_experience":373353,"relics_obtained":[{"floor":6,"key":"hubris:TinFlute"},{"floor":9,"key":"infinitespire:Broken Mirror"},{"floor":10,"key":"Regal Pillow"},{"floor":24,"key":"Snack Pack"},{"floor":26,"key":"Toxic Egg 2"},{"floor":30,"key":"Red Mask"}],"event_choices":[{"damage_healed":0,"gold_gain":0,"player_choice":"Take Wound","damage_taken":0,"relics_obtained":["Golden Idol"],"max_hp_gain":0,"max_hp_loss":0,"event_name":"Golden Idol","floor":2,"gold_loss":0,"cards_obtained":["Injury"]},{"damage_healed":0,"gold_gain":0,"player_choice":"Opened","damage_taken":0,"relics_obtained":["Boot"],"max_hp_gain":0,"max_hp_loss":0,"event_name":"The Mausoleum","floor":19,"gold_loss":0,"cards_obtained":["Writhe"]},{"damage_healed":0,"gold_gain":0,"player_choice":"Fought Bandits","damage_taken":0,"max_hp_gain":0,"max_hp_loss":0,"event_name":"Masked Bandits","floor":30,"gold_loss":0},{"damage_healed":0,"gold_gain":0,"player_choice":"Fight","damage_taken":0,"max_hp_gain":0,"max_hp_loss":0,"event_name":"OrinTheCat","floor":37,"gold_loss":0}],"is_beta":false,"boss_relics":[{"not_picked":["hubris:VirtuousBlindfold","Ectoplasm"],"picked":"Philosopher\u0027s Stone"},{"not_picked":["hubris:TerracottaHorce","hubris:HollowSoul"],"picked":"Astrolabe"}],"items_purged_floors":[5,21],"is_endless":false,"potions_floor_spawned":[4,6,10,16,18,22,28,30],"killed_by":"Orin","ascension_level":5}}