{"host":"vc42n08di9czm3e7","time":1609024754,"event":{"mods":["AchievementEnabler","Act Like it!","BaseMod","Colored Powertips","Downfall","Friendly Minions","GifTheSpireLib","Minty Spire (QoL Compilation)","Rare Cards Sparkle","StSLib"],"gold_per_floor":[115,130,149,25,36,71,71,71,98,116,128,158,158,48,48,145,145,163,177,51,66,66,66],"floor_reached":22,"playtime":992,"items_purged":["Strike_B","Defend_B"],"score":223,"play_id":"8d55cbcb-2967-423b-ade9-5e78a5b78236","local_time":"20201226181914","is_ascension_mode":false,"campfire_choices":[{"floor":8,"key":"REST"},{"floor":15,"key":"REST"}],"circlet_count":0,"master_deck":["Strike_B","Strike_B+1","Strike_B+1","Defend_B","Defend_B","Defend_B","Zap","Dualcast","Ball Lightning","Skim","Loop+1","Sweeping Beam","Darkness","Compile Driver","Capacitor","Machine Learning","Leap","Defragment","Glacier","Creative AI","Cold Snap","Lockon+1","Leap","Redo+1"],"relics":["Cracked Core","NeowsBlessing","Ancient Tea Set","Lantern","Whetstone","PreservedInsect","Sozu"],"acts_visited":["Exordium","TheCity"],"potions_floor_usage":[12,12,16],"damage_taken":[{"damage":0,"enemies":"Jaw Worm","floor":1,"turns":1},{"damage":0,"enemies":"2 Louse","floor":2,"turns":1},{"damage":0,"enemies":"Cultist","floor":3,"turns":1},{"damage":20,"enemies":"Large Slime","floor":5,"turns":5},{"damage":33,"enemies":"3 Sentries","floor":6,"turns":7},{"damage":5,"enemies":"Gremlin Gang","floor":10,"turns":3},{"damage":10,"enemies":"Exordium Thugs","floor":11,"turns":4},{"damage":0,"enemies":"Gremlin Nob","floor":12,"turns":4},{"damage":13,"enemies":"Hexaghost","floor":16,"turns":7},{"damage":26,"enemies":"3 Byrds","floor":18,"turns":5},{"damage":24,"enemies":"Spheric Guardian","floor":19,"turns":6},{"damage":6,"enemies":"Snecko","floor":21,"turns":4},{"damage":26,"enemies":"Sentry and Sphere","floor":22,"turns":3}],"seed_played":"-3686379370726199290","potions_obtained":[{"floor":3,"key":"DuplicationPotion"},{"floor":6,"key":"PowerPotion"},{"floor":10,"key":"hexamod:EctoCoolerPotion"}],"is_trial":false,"path_per_floor":["M","M","M","$","M","E","?","R","T","M","M","E","?","$","R","B",null,"M","M","$","M","M"],"character_chosen":"DEFECT","items_purchased":["Sweeping Beam","Defragment","Glacier","Leap"],"campfire_rested":2,"item_purchase_floors":[4,14,14,20],"current_hp_per_floor":[75,75,75,75,55,22,15,37,37,32,22,22,22,22,44,31,75,49,25,25,19,0,0],"gold":66,"neow_bonus":"THREE_ENEMY_KILL","is_daily":false,"chose_seed":false,"campfire_upgraded":0,"win_rate":0.0,"timestamp":1609024754,"path_taken":["M","M","M","$","M","E","?","R","T","M","M","E","?","$","R","BOSS","M","M","$","M","M"],"items_purchased_type":["Card","Card","Card","Card"],"build_version":"2020-12-22","purchased_purges":2,"victory":false,"max_hp_per_floor":[75,75,75,75,75,75,75,75,75,75,75,75,75,75,75,75,75,75,75,75,75,75,75],"card_choices":[{"not_picked":["Gash","Conserve Battery"],"picked":"Ball Lightning","floor":1},{"not_picked":["Turbo","Sunder"],"picked":"Skim","floor":2},{"not_picked":["Gash","Lockon"],"picked":"Loop","floor":3},{"not_picked":["Leap","Gash"],"picked":"Darkness","floor":5},{"not_picked":["Stack","Hologram"],"picked":"Compile Driver","floor":6},{"not_picked":["Cold Snap","Stack"],"picked":"Capacitor","floor":10},{"not_picked":["Go for the Eyes","Ball Lightning"],"picked":"Machine Learning","floor":11},{"not_picked":["Beam Cell","Hologram"],"picked":"Leap","floor":12},{"not_picked":["Rainbow","All For One"],"picked":"Creative AI","floor":16},{"not_picked":["Barrage","Defragment"],"picked":"Cold Snap","floor":18},{"not_picked":["Stack+1","Steam"],"picked":"Lockon+1","floor":19},{"not_picked":["Reprogram","Rip and Tear+1"],"picked":"Redo+1","floor":21}],"player_experience":262267,"relics_obtained":[{"floor":6,"key":"Ancient Tea Set"},{"floor":9,"key":"Whetstone"},{"floor":12,"key":"PreservedInsect"}],"event_choices":[{"damage_healed":0,"gold_gain":0,"player_choice":"Success","damage_taken":7,"relics_obtained":["Lantern"],"max_hp_gain":0,"max_hp_loss":0,"event_name":"Scrap Ooze","floor":7,"gold_loss":0},{"damage_healed":0,"gold_gain":0,"player_choice":"Forge","damage_taken":0,"max_hp_gain":0,"max_hp_loss":0,"event_name":"Accursed Blacksmith","floor":13,"gold_loss":0,"cards_upgraded":["Loop"]}],"is_beta":false,"boss_relics":[{"not_picked":["Coffee Dripper","Calling Bell"],"picked":"Sozu"}],"items_purged_floors":[4,20],"is_endless":false,"potions_floor_spawned":[3,6,10],"killed_by":"Sentry and Sphere","ascension_level":0}}