{"host":"1c52r9kaxdyo25eq","time":1609018427,"event":{"mods":["AchievementEnabler","BaseMod","Minty Spire (QoL Compilation)","Rare Cards Sparkle","SuperFastMode","everything is the same but u backflip on backflip"],"gold_per_floor":[109,125,149,159,175,175,190,203,203,203,203,226,226,240,240,311,311,330,255,255,269,279,279,298,316,385,385,385],"floor_reached":27,"playtime":574,"items_purged":[],"score":518,"play_id":"dde35d2f-ce4e-4614-889b-60e262f0ca65","local_time":"20201227063347","is_ascension_mode":true,"campfire_choices":[{"data":"Skewer","floor":6.0,"key":"SMITH"},{"data":"Caltrops","floor":11.0,"key":"SMITH"},{"data":"Deadly Poison","floor":13.0,"key":"SMITH"},{"data":"Bouncing Flask","floor":15.0,"key":"SMITH"},{"data":"Calculated Gamble","floor":23.0,"key":"SMITH"}],"circlet_count":0,"master_deck":["AscendersBane","Strike_G","Strike_G","Strike_G","Defend_G","Defend_G","Defend_G","Defend_G","Survivor","Neutralize+1","Skewer+1","Caltrops+1","Quick Slash","Deadly Poison+1","Bouncing Flask+1","Infinite Blades","Calculated Gamble+1","Tactician+1"],"relics":["Ring of the Snake","Centennial Puzzle","Nunchaku","HoveringKite","Kunai"],"acts_visited":["Exordium","TheCity"],"potions_floor_usage":[25,25,27],"damage_taken":[{"damage":0.0,"enemies":"Cultist","floor":1.0,"turns":5.0},{"damage":7.0,"enemies":"Jaw Worm","floor":2.0,"turns":4.0},{"damage":10.0,"enemies":"Small Slimes","floor":4.0,"turns":3.0},{"damage":12.0,"enemies":"3 Louse","floor":5.0,"turns":3.0},{"damage":0.0,"enemies":"Exordium Wildlife","floor":7.0,"turns":4.0},{"damage":3.0,"enemies":"Looter","floor":8.0,"turns":3.0},{"damage":11.0,"enemies":"Large Slime","floor":14.0,"turns":4.0},{"damage":0.0,"enemies":"Hexaghost","floor":16.0,"turns":8.0},{"damage":16.0,"enemies":"Shell Parasite","floor":18.0,"turns":4.0},{"damage":0.0,"enemies":"Chosen","floor":21.0,"turns":4.0},{"damage":24.0,"enemies":"Snake Plant","floor":22.0,"turns":4.0},{"damage":3.0,"enemies":"Centurion and Healer","floor":24.0,"turns":7.0},{"damage":9,"enemies":"Cultist and Chosen","floor":25,"turns":6},{"damage":5,"enemies":"Snecko","floor":27,"turns":3}],"seed_played":"1137150543542978646","potions_obtained":[{"floor":1.0,"key":"CunningPotion"},{"floor":4.0,"key":"Energy Potion"},{"floor":16.0,"key":"Block Potion"},{"floor":22.0,"key":"BlessingOfTheForge"},{"floor":25,"key":"Poison Potion"}],"is_trial":false,"path_per_floor":["M","M","T","M","M","R","M","M","T","?","R","T","R","M","R","B",null,"M","?","?","M","M","R","M","M","T","M"],"character_chosen":"THE_SILENT","items_purchased":[],"campfire_rested":0,"item_purchase_floors":[],"current_hp_per_floor":[59,52,52,42,30,30,30,27,27,32,32,32,32,21,21,21,59,43,43,43,43,19,19,16,7,7,2,2],"gold":385,"neow_bonus":"UPGRADE_CARD","is_daily":false,"chose_seed":false,"campfire_upgraded":5,"win_rate":0.0,"timestamp":1609018427,"path_taken":["M","?","?","M","M","R","?","M","T","?","R","?","R","M","R","BOSS","M","?","?","M","M","R","M","M","T","M"],"items_purchased_type":[],"build_version":"2020-12-22","purchased_purges":0,"victory":false,"max_hp_per_floor":[66,66,66,66,66,66,66,66,66,71,71,71,71,71,71,71,71,71,71,71,71,71,71,71,71,71,71,71],"card_choices":[{"not_picked":["Accuracy","Bane"],"picked":"Skewer","floor":1.0},{"not_picked":["Underhanded Strike","Acrobatics"],"picked":"Caltrops","floor":2.0},{"not_picked":["Deflect","Dash"],"picked":"Quick Slash","floor":4.0},{"not_picked":["Quick Slash","Blade Dance"],"picked":"Deadly Poison","floor":5.0},{"not_picked":["Underhanded Strike","Deadly Poison","Blade Dance"],"picked":"SKIP","floor":7.0},{"not_picked":["Bane","Predator","Eviscerate"],"picked":"SKIP","floor":8.0},{"not_picked":["Bullet Time","Riddle With Holes"],"picked":"Bouncing Flask","floor":14.0},{"not_picked":["Poisoned Stab","Heel Hook","Slice"],"picked":"SKIP","floor":18.0},{"not_picked":["Dagger Throw","Cloak And Dagger+1","Setup"],"picked":"SKIP","floor":21.0},{"not_picked":["Dagger Spray","Bane","Outmaneuver"],"picked":"SKIP","floor":22.0},{"not_picked":["Doppelganger","Skewer","PiercingWail"],"picked":"SKIP","floor":24.0},{"not_picked":["Quick Slash","Finisher+1"],"picked":"Tactician+1","floor":25}],"player_experience":520638,"relics_obtained":[{"floor":3.0,"key":"Centennial Puzzle"},{"floor":12.0,"key":"Nunchaku"},{"floor":26,"key":"Kunai"}],"event_choices":[{"damage_healed":0.0,"max_hp_gain":5.0,"max_hp_loss":0.0,"gold_gain":0.0,"event_name":"Big Fish","player_choice":"Donut","floor":10.0,"gold_loss":0.0,"damage_taken":0.0},{"cards_removed":["Strike_G"],"damage_healed":0.0,"max_hp_gain":0.0,"max_hp_loss":0.0,"gold_gain":0.0,"event_name":"Beggar","player_choice":"Gave Gold","floor":19.0,"gold_loss":75.0,"damage_taken":0.0},{"damage_healed":0.0,"max_hp_gain":0.0,"max_hp_loss":0.0,"gold_gain":0.0,"cards_transformed":["Strike_G","Defend_G"],"event_name":"Drug Dealer","player_choice":"Became Test Subject","floor":20.0,"gold_loss":0.0,"damage_taken":0.0,"cards_obtained":["Infinite Blades","Calculated Gamble"]}],"is_beta":false,"boss_relics":[{"not_picked":["WristBlade","Busted Crown"],"picked":"HoveringKite"}],"items_purged_floors":[],"is_endless":false,"potions_floor_spawned":[1,4,14,16,18,22,25],"killed_by":"Snecko","ascension_level":20}}