{"host":"g6wgg887tlpgelr3","time":1609012276,"event":{"mods":["BaseMod","Bestiary","Colored Map","Colored Powertips","Googly Eyes","Highlight Path","Minty Spire (QoL Compilation)","Permanent Neow","StSLib"],"gold_per_floor":[111,125,125,10,29,61,61,38,89,108,26,58,58,58,58,157,157,169,169,0,15,15,15],"floor_reached":22,"playtime":1570,"items_purged":[],"score":267,"play_id":"2c26e384-e5f6-4370-86ba-26d247fe9c68","local_time":"20201226135116","is_ascension_mode":false,"campfire_choices":[{"floor":7,"key":"REST"},{"data":"Blade Dance","floor":13,"key":"SMITH"},{"data":"Infinite Blades","floor":15,"key":"SMITH"}],"circlet_count":0,"master_deck":["Strike_G","Strike_G","Strike_G","Strike_G","Strike_G","Defend_G","Defend_G","Defend_G","Defend_G","Defend_G","Survivor","Neutralize","Sucker Punch","Outmaneuver","Slice","Terror","Infinite Blades+1","Bane","Poisoned Stab","Finisher","Footwork","Blade Dance+1","Burst","Dagger Throw+1","Infinite Blades","Masterful Stab+1"],"relics":["Runic Pyramid","Potion Belt","Darkstone Periapt","Nunchaku","Meat on the Bone","HoveringKite"],"acts_visited":["Exordium","TheCity"],"potions_floor_usage":[6],"damage_taken":[{"damage":9,"enemies":"Cultist","floor":1,"turns":5},{"damage":1,"enemies":"2 Louse","floor":2,"turns":4},{"damage":0,"enemies":"Small Slimes","floor":5,"turns":3},{"damage":22,"enemies":"3 Sentries","floor":6,"turns":8},{"damage":5,"enemies":"Looter","floor":10,"turns":3},{"damage":0,"enemies":"Lagavulin","floor":12,"turns":5},{"damage":0,"enemies":"Slime Boss","floor":16,"turns":8},{"damage":31,"enemies":"Chosen","floor":18,"turns":7},{"damage":25,"enemies":"2 Thieves","floor":21,"turns":4},{"damage":31,"enemies":"3 Cultists","floor":22,"turns":4}],"seed_played":"3105185680230802927","potions_obtained":[{"floor":1,"key":"BlessingOfTheForge"},{"floor":5,"key":"Energy Potion"},{"floor":10,"key":"PowerPotion"},{"floor":18,"key":"Strength Potion"}],"is_trial":false,"path_per_floor":["M","M","?","$","M","E","R","$","T","M","$","E","R","?","R","B",null,"M","?","?","M","M"],"character_chosen":"THE_SILENT","items_purchased":["Slice","Terror","Poisoned Stab","Footwork"],"campfire_rested":1,"item_purchase_floors":[4,4,8,11],"current_hp_per_floor":[61,60,60,60,60,38,59,59,59,54,54,54,54,54,54,54,70,39,39,39,26,0,0],"gold":15,"neow_bonus":"BOSS_RELIC","is_daily":false,"chose_seed":false,"campfire_upgraded":2,"win_rate":0.0,"timestamp":1609012276,"path_taken":["M","?","?","$","M","E","R","?","T","?","$","E","R","?","R","BOSS","M","?","?","?","M"],"items_purchased_type":["Card","Card","Card","Card"],"build_version":"2020-12-22","purchased_purges":0,"victory":false,"max_hp_per_floor":[70,70,70,70,70,70,70,70,70,70,70,70,70,70,70,70,70,70,70,70,70,70,70],"card_choices":[{"not_picked":["Leg Sweep","Riddle With Holes"],"picked":"Sucker Punch","floor":1},{"not_picked":["Dagger Spray","Underhanded Strike"],"picked":"Outmaneuver","floor":2},{"not_picked":["Slice","Leg Sweep"],"picked":"Infinite Blades","floor":5},{"not_picked":["Dagger Throw","Bouncing Flask"],"picked":"Bane","floor":6},{"not_picked":["Deflect","Dagger Throw"],"picked":"Finisher","floor":10},{"not_picked":["Deadly Poison","Deflect"],"picked":"Blade Dance","floor":12},{"not_picked":["Malaise","A Thousand Cuts"],"picked":"Burst","floor":16},{"not_picked":["PiercingWail","Finisher"],"picked":"Dagger Throw+1","floor":18},{"not_picked":["Tactician","Finisher"],"picked":"Masterful Stab+1","floor":21}],"player_experience":5463,"relics_obtained":[{"floor":6,"key":"Darkstone Periapt"},{"floor":9,"key":"Nunchaku"},{"floor":12,"key":"Meat on the Bone"}],"event_choices":[{"damage_healed":0,"gold_gain":0,"player_choice":"Gave Potion","damage_taken":0,"relics_obtained":["Potion Belt"],"max_hp_gain":0,"max_hp_loss":0,"event_name":"WeMeetAgain","floor":3,"gold_loss":0},{"damage_healed":0,"gold_gain":0,"player_choice":"Ignored","damage_taken":0,"max_hp_gain":0,"max_hp_loss":0,"event_name":"Liars Game","floor":14,"gold_loss":0},{"damage_healed":0,"gold_gain":0,"player_choice":"Read","damage_taken":0,"max_hp_gain":0,"max_hp_loss":0,"event_name":"The Library","floor":19,"gold_loss":0,"cards_obtained":["Infinite Blades"]},{"damage_healed":0,"gold_gain":0,"player_choice":"Paid Fearfully","damage_taken":0,"max_hp_gain":0,"max_hp_loss":0,"event_name":"Masked Bandits","floor":20,"gold_loss":169}],"is_beta":false,"boss_relics":[{"not_picked":["Sozu","Tiny House"],"picked":"HoveringKite"}],"items_purged_floors":[],"is_endless":false,"potions_floor_spawned":[1,5,10,18],"killed_by":"3 Cultists","ascension_level":0}}