{"host":"ye7dkdlypz0ka1od","time":1609025242,"event":{"mods":["Act Like it!","Aspiration","BaseMod","Better Third Choice","Downfall","Gensokyo","Hallownest","Infinite Spire","Minty Spire (QoL Compilation)","StSLib","The Exalted"],"gold_per_floor":[99,99,9,23,38,138,138,138,149,149,149,169,169,188,205,205,205,205],"floor_reached":16,"playtime":5429,"items_purged":["Injury"],"score":92,"play_id":"096915de-9e0c-4773-b5c0-47321fa55041","local_time":"20201226182722","is_ascension_mode":false,"campfire_choices":[{"data":"Slimebound:Split","floor":1,"key":"SMITH"},{"data":"Slimebound:LivingWall","floor":8,"key":"SMITH"},{"data":"Slimebound:SlimeBrawl","floor":10,"key":"SMITH"},{"data":"Slimebound:GrowthPunch","floor":13,"key":"SMITH"}],"circlet_count":0,"master_deck":["Slimebound:Strike_Slimebound","Slimebound:Tackle","Slimebound:Defend_Slimebound+1","Slimebound:Defend_Slimebound","Slimebound:Defend_Slimebound+1","Slimebound:Split+1","Slimebound:CorrosiveSpit","Slimebound:RollThrough+1","Slimebound:LivingWall+1","Slimebound:SplitLeeching","Slimebound:GrowthPunch+1","Slimebound:SlimeBrawl+1","Slimebound:BestDefense+1","Slimebound:SplitBruiser","Slimebound:ComboTackle","Slimebound:OozeBath"],"relics":["Slimebound:AbsorbEndCombat","War Paint","Frozen Egg 2","Girya"],"acts_visited":["Exordium"],"potions_floor_usage":[6,14,16],"damage_taken":[{"damage":24,"enemies":"downfall:FleeingMerchant","floor":3,"turns":4},{"damage":8,"enemies":"2 Louse","floor":4,"turns":3},{"damage":8,"enemies":"Small Slimes","floor":5,"turns":4},{"damage":23,"enemies":"downfall:Heads","floor":6,"turns":6},{"damage":15,"enemies":"Cultist","floor":9,"turns":4},{"damage":13,"enemies":"Exordium Thugs","floor":12,"turns":4},{"damage":21,"enemies":"Lots of Slimes","floor":14,"turns":2},{"damage":12,"enemies":"Large Slime","floor":15,"turns":3},{"damage":53,"enemies":"downfall:Defect","floor":16,"turns":5}],"seed_played":"-3723609087728902620","potions_obtained":[{"floor":5,"key":"EssenceOfSteel"},{"floor":9,"key":"ColorlessPotion"},{"floor":12,"key":"LiquidMemories"},{"floor":14,"key":"PowerPotion"}],"is_trial":false,"path_per_floor":["R","?","$","M","M","?","T","R","M","R","?","M","R","M","M","B"],"character_chosen":"SLIMEBOUND","items_purchased":[],"campfire_rested":0,"item_purchase_floors":[],"current_hp_per_floor":[60,60,48,48,52,43,43,43,44,44,44,49,49,36,40,0,0,0],"gold":205,"neow_bonus":"RANDOM_COMMON_RELIC","is_daily":false,"chose_seed":false,"campfire_upgraded":4,"win_rate":0.0,"timestamp":1609025242,"path_taken":["R","?","$","M","M","?","T","R","M","R","?","M","R","?","M","BOSS"],"items_purchased_type":[],"build_version":"2020-12-22","purchased_purges":1,"victory":false,"max_hp_per_floor":[60,60,60,60,60,60,60,60,60,60,60,60,60,60,60,60,60,60],"card_choices":[{"not_picked":["Slimebound:FinishingTackle","Slimebound:ItLooksTasty"],"picked":"Slimebound:RollThrough","floor":3},{"not_picked":["Slimebound:PressTheAttack","Slimebound:LeechEnergy"],"picked":"Slimebound:LivingWall","floor":4},{"not_picked":["Slimebound:RollThrough","Slimebound:TongueLash"],"picked":"Slimebound:SplitLeeching","floor":5},{"not_picked":["Slimebound:PressTheAttack","Slimebound:Dissolve"],"picked":"Slimebound:GrowthPunch","floor":6},{"not_picked":["Slimebound:Gluttony+1","Slimebound:SamplingLick"],"picked":"Slimebound:BestDefense+1","floor":9},{"not_picked":["Slimebound:MegaLick","Slimebound:SplitMire"],"picked":"Slimebound:SplitBruiser","floor":12},{"not_picked":["Slimebound:Schlurp","Slimebound:RainOfGoop"],"picked":"Slimebound:ComboTackle","floor":14},{"not_picked":["Slimebound:GrowthPunch","Slimebound:LeadByExample+1"],"picked":"Slimebound:OozeBath","floor":15}],"player_experience":1412875,"relics_obtained":[{"floor":7,"key":"Girya"}],"event_choices":[{"cards_removed":["Slimebound:Defend_Slimebound"],"damage_healed":0,"gold_gain":0,"player_choice":"Offered Basic","damage_taken":0,"max_hp_gain":0,"max_hp_loss":0,"event_name":"Bonfire Elementals","floor":11,"gold_loss":0}],"is_beta":false,"boss_relics":[],"items_purged_floors":[3],"is_endless":false,"potions_floor_spawned":[5,9,12,14],"killed_by":"downfall:Defect","ascension_level":0}}