{"host":"uae2ry9d6rl7cq98","time":1609019641,"event":{"mods":["AchievementEnabler","BaseMod","BetterRewards","Colored Map","Custom Start","Hermit","Hubris","Infinite Spire","Minty Spire (QoL Compilation)","Replay The Spire","Shop Mod","StSLib","SuperFastMode","The Animator","The Hierophant","The Servant 0.9.4"],"gold_per_floor":[110,127,127,127,142,177,177,203,203,234,244,244,294,328,328,429,529,568,602,604,631,631,700,700,700,723,723,723,753,753,784,784,836,836,964,964,1079,1079,1194,1328,1328,1328,1479,1621,1621,1772,1028,1135,1135,1218,1218,1258,1258,1258,748,846,880],"floor_reached":58,"playtime":4388,"items_purged":["Voices","hubris:Sloth","animator:Curse_Greed"],"score":2236,"play_id":"bc2a4550-4f3b-4ea8-b511-c04ace17d2d0","local_time":"20201226135401","is_ascension_mode":true,"campfire_choices":[{"floor":7.0,"key":"RECALL"},{"data":"ReplayTheSpireMod:From All Sides","floor":15.0,"key":"SMITH"},{"data":"ReplayTheSpireMod:Speed Training","floor":25.0,"key":"SMITH"},{"data":"Survivor","floor":30.0,"key":"SMITH"},{"data":"Neutralize","floor":42.0,"key":"SMITH"},{"data":"Acrobatics","floor":51.0,"key":"SMITH"},{"data":"Bane","floor":54.0,"key":"SMITH"}],"circlet_count":0,"master_deck":["Strike_G","Strike_G","Strike_G+1","Strike_G+1","Defend_G+1","Defend_G+1","Defend_G+1","Defend_G+1","Defend_G+1","Survivor+1","Neutralize+1","animator:Strike_HitsugiNoChaika","animator:Defend_HitsugiNoChaika","Bane+1","ReplayTheSpireMod:Speed Training+1","hubris:Fate+1","Flying Knee","Unload+1","ReplayTheSpireMod:From All Sides+1","Flying Knee","Tools of the Trade+1","Replay:Bag of Tricks+1","Quick Slash+1","Bane+1","Caltrops+1","Concentrate+1","Outmaneuver+1","CurseOfTheBell","Corpse Explosion+1","A Thousand Cuts+1","ReplayTheSpireMod:IOU","Acrobatics+1","Predator+1","A Thousand Cuts+1","Shame","After Image+1","Doubt","ReplayTheSpireMod:IOU","Doubt","Shame","animator:Curse_Nutcracker","hubris:Greed","Injury","ReplayTheSpireMod:IOU","hubris:Envy","ReplayTheSpireMod:Restless Dread","Cloak And Dagger+1","Noxious Fumes+1","Hallucinations","Poisoned Stab+1","Phantasmal Killer+1","Noxious Fumes+1","Noxious Fumes+1","Panache+1","Reflex+1","Normality","Caltrops","CommonCold","ReplayTheSpireMod:Doomed","ReplayTheSpireMod:Splinters","Decay","Decay","Amnesia"],"relics":["Ring of the Snake","Byrd Skull","Replay:Bottled Eggs","hubris:PeanutButter","Ring of Greed","Ring of Misfortune","Golden Egg","infinitespire:Midas Blood","Replay:Bandana","Replay:Wanted Poster","Shuriken","hubris:Towel","Whetstone","Oddly Smooth Stone","Smiling Mask","Gremlin Horn","Unceasing Top","Sozu","infinitespire:EvilPickle","hubris:Icosahedron","Lantern","Replay:Bottled Flurry","hubris:MysteriousPyramids","ClockworkSouvenir","MerchantsRug","Nunchaku","hubris:Potato","Pen Nib","Replay:Towering Pillar of Hats"],"acts_visited":["Exordium","TheCity","TheBeyond","TheEnding"],"potions_floor_usage":[57],"damage_taken":[{"damage":0.0,"enemies":"Small Slimes","floor":1.0,"turns":3.0},{"damage":7.0,"enemies":"2 Louse","floor":2.0,"turns":4.0},{"damage":0.0,"enemies":"Cultist","floor":5.0,"turns":2.0},{"damage":11.0,"enemies":"3 Sentries","floor":6.0,"turns":10.0},{"damage":0.0,"enemies":"Gremlin Nob","floor":8.0,"turns":5.0},{"damage":0.0,"enemies":"3 Sentries","floor":10.0,"turns":1.0},{"damage":0.0,"enemies":"Exordium Wildlife","floor":11.0,"turns":2.0},{"damage":0.0,"enemies":"Lagavulin","floor":14.0,"turns":10.0},{"damage":0.0,"enemies":"The Guardian","floor":16.0,"turns":1.0},{"damage":0.0,"enemies":"3 Byrds","floor":18.0,"turns":5.0},{"damage":0.0,"enemies":"Spheric Guardian","floor":19.0,"turns":3.0},{"damage":10.0,"enemies":"Snake Plant","floor":21.0,"turns":4.0},{"damage":0.0,"enemies":"Replay:Snechameleon","floor":23.0,"turns":5.0},{"damage":0.0,"enemies":"Gremlin Leader","floor":29.0,"turns":1.0},{"damage":0.0,"enemies":"Snecko","floor":31.0,"turns":5.0},{"damage":0.0,"enemies":"Cultist and Chosen","floor":33.0,"turns":4.0},{"damage":0.0,"enemies":"Pondfish","floor":35.0,"turns":4.0},{"damage":0.0,"enemies":"3 Darklings","floor":37.0,"turns":4.0},{"damage":0.0,"enemies":"Orb Walker","floor":39.0,"turns":3.0},{"damage":1.0,"enemies":"Jaw Worm Horde","floor":40.0,"turns":3.0},{"damage":0.0,"enemies":"R_Hoarder","floor":43.0,"turns":6.0},{"damage":0.0,"enemies":"Transient","floor":44.0,"turns":5.0},{"damage":0.0,"enemies":"Maw","floor":46.0,"turns":5.0},{"damage":1.0,"enemies":"Jaw Worm Horde","floor":48.0,"turns":3.0},{"damage":0.0,"enemies":"Mind Bloom Boss Battle","floor":50.0,"turns":4.0},{"damage":5.0,"enemies":"Awakened One","floor":52.0,"turns":10.0},{"damage":24.0,"enemies":"Shield and Spear","floor":56.0,"turns":4.0},{"damage":26,"enemies":"The Heart","floor":57,"turns":8}],"seed_played":"-4933555274299900206","potions_obtained":[{"floor":1.0,"key":"Weak Potion"},{"floor":8.0,"key":"LifebloodPotion"},{"floor":10.0,"key":"SpeedPotion"},{"floor":14.0,"key":"AttackPotion"},{"floor":16.0,"key":"GamblersBrew"},{"floor":21.0,"key":"Block Potion"},{"floor":35.0,"key":"Weak Potion"}],"is_trial":false,"path_per_floor":["M","M","?","?","M","E","R","E","T","E","M","?","?","E","R","B",null,"M","M","?","M","?","E","?","R","T","PTL","PTL","E","R","M","AVR","M","R_BF","B",null,"M","?","M","M","?","R","E","M","T","M","$","M","AVR","?","R","B",null,"R","$","E","B",null],"character_chosen":"THE_SILENT","items_purchased":["Noxious Fumes+1","hubris:MysteriousPyramids","ClockworkSouvenir","MerchantsRug","Nunchaku","Pen Nib","Noxious Fumes","Panache","Reflex"],"campfire_rested":0,"item_purchase_floors":[47,47,47,47,47,55,55,55,55],"current_hp_per_floor":[70,63,46,46,46,35,35,35,35,35,35,35,35,50,50,50,70,70,70,64,54,54,54,54,54,54,54,54,54,54,54,54,54,70,70,70,70,70,70,69,67,67,67,67,67,67,67,66,66,66,66,61,67,67,67,43,17],"gold":880,"neow_bonus":"ONE_RARE_RELIC","is_daily":false,"chose_seed":false,"campfire_upgraded":6,"win_rate":0.0,"timestamp":1609019641,"path_taken":["M","M","?","?","M","E","R","E","T","E","?","?","?","E","R","BOSS","M","M","?","?","?","E","?","R","T","PTL","PTL","E","R","?","AVR","M","R_BF","BOSS","M","?","M","M","?","R","E","?","T","M","$","?","AVR","?","R","BOSS","R","$","E","BOSS"],"items_purchased_type":["Card","Relic","Relic","Relic","Relic","Relic","Card","Card","Card"],"build_version":"2020-12-22","purchased_purges":3,"victory":true,"max_hp_per_floor":[70,70,70,70,70,70,70,70,70,70,70,70,70,70,70,70,70,70,70,70,70,70,70,70,70,70,70,70,70,70,70,70,70,70,70,70,70,70,70,70,67,67,67,67,67,67,67,67,67,67,67,67,67,67,67,67,67],"card_choices":[{"not_picked":["Sucker Punch","Acrobatics"],"picked":"Bane","floor":1.0},{"not_picked":["Sucker Punch","Heel Hook"],"picked":"ReplayTheSpireMod:Speed Training","floor":2.0},{"not_picked":["ReplayTheSpireMod:Echoes of Time","infinitespire:SealOfDarkness+"],"picked":"hubris:Fate","floor":3.0},{"not_picked":["ReplayTheSpireMod:Exploit Weakness","Hidden Blade"],"picked":"Flying Knee","floor":5.0},{"not_picked":["Flying Knee","Cloak And Dagger"],"picked":"Unload","floor":6.0},{"not_picked":["Flying Knee","hubris:TrickCloak"],"picked":"ReplayTheSpireMod:From All Sides","floor":8.0},{"not_picked":["Sucker Punch","Acrobatics","Bane"],"picked":"SKIP","floor":10.0},{"not_picked":["Quick Slash","Poisoned Stab"],"picked":"Flying Knee","floor":11.0},{"not_picked":["Slice","Calculated Gamble"],"picked":"Tools of the Trade","floor":14.0},{"not_picked":["Malaise","Bullet Time"],"picked":"Replay:Bag of Tricks","floor":16.0},{"not_picked":["Acrobatics+1","Poisoned Stab"],"picked":"Quick Slash+1","floor":18.0},{"not_picked":["Poisoned Stab","Dodge and Roll"],"picked":"Bane+1","floor":19.0},{"not_picked":["Hidden Blade","Slice"],"picked":"Caltrops+1","floor":21.0},{"not_picked":["Leg Sweep","Replay:Poison Smokescreen"],"picked":"Concentrate+1","floor":23.0},{"not_picked":["Poisoned Stab","Replay:Poison Smokescreen","Deflect"],"picked":"SKIP","floor":29.0},{"not_picked":["Sucker Punch+1","Quick Slash"],"picked":"Outmaneuver+1","floor":31.0},{"not_picked":["Deadly Poison","hubris:TrickCloak"],"picked":"Corpse Explosion","floor":33.0},{"not_picked":["Malaise","Venomology"],"picked":"A Thousand Cuts","floor":35.0},{"not_picked":["Poisoned Stab","Blade Dance"],"picked":"Acrobatics","floor":37.0},{"not_picked":["Acrobatics","ReplayTheSpireMod:The Works"],"picked":"Predator+1","floor":39.0},{"not_picked":["Blade Dance+1","PiercingWail"],"picked":"A Thousand Cuts","floor":40.0},{"not_picked":["Backflip","Draining Mist"],"picked":"After Image","floor":43.0},{"not_picked":["hubris:TrickCloak+1","Quick Slash+1","Escape Plan"],"picked":"SKIP","floor":44.0},{"not_picked":["PiercingWail","Distraction"],"picked":"Cloak And Dagger+1","floor":46.0},{"not_picked":["ReplayTheSpireMod:The Works+1","Backflip"],"picked":"Poisoned Stab+1","floor":48.0},{"not_picked":["Cloak And Dagger+1","Deadly Poison"],"picked":"Phantasmal Killer","floor":50.0},{"not_picked":["Eviscerate","hubris:Counter"],"picked":"Caltrops","floor":56.0}],"player_experience":260170,"relics_obtained":[{"floor":6.0,"key":"Replay:Bottled Eggs"},{"floor":8.0,"key":"hubris:PeanutButter"},{"floor":10.0,"key":"Pet Ghost"},{"floor":13.0,"key":"Ring of Greed"},{"floor":13.0,"key":"Ring of Misfortune"},{"floor":13.0,"key":"Golden Egg"},{"floor":13.0,"key":"infinitespire:Midas Blood"},{"floor":14.0,"key":"Replay:Bandana"},{"floor":23.0,"key":"Shuriken"},{"floor":26.0,"key":"Whetstone"},{"floor":29.0,"key":"Oddly Smooth Stone"},{"floor":32.0,"key":"Smiling Mask"},{"floor":32.0,"key":"Gremlin Horn"},{"floor":32.0,"key":"Unceasing Top"},{"floor":43.0,"key":"Lantern"},{"floor":45.0,"key":"Replay:Bottled Flurry"},{"floor":50.0,"key":"hubris:Potato"},{"floor":56.0,"key":"Replay:Towering Pillar of Hats"}],"event_choices":[{"cards_removed":["Strike_G"],"damage_healed":0.0,"max_hp_gain":0.0,"max_hp_loss":0.0,"gold_gain":0.0,"event_name":"Purifier","player_choice":"Purged","floor":4.0,"gold_loss":0.0,"damage_taken":0.0},{"damage_healed":0.0,"max_hp_gain":0.0,"max_hp_loss":0.0,"gold_gain":0.0,"event_name":"Knowing Skull","player_choice":"","floor":20.0,"potions_obtained":[],"gold_loss":0.0,"damage_taken":6.0,"cards_obtained":[]},{"cards_removed":["Decay","animator:Curse_Nutcracker","ReplayTheSpireMod:IOU","animator:Curse_Greed","Parasite","hubris:Despair","infinitespire:Pacifist","Doubt"],"damage_healed":0.0,"max_hp_gain":0.0,"max_hp_loss":0.0,"gold_gain":0.0,"event_name":"Fountain of Cleansing","player_choice":"Removed Curses","floor":41.0,"gold_loss":0.0,"damage_taken":0.0},{"damage_healed":0.0,"max_hp_gain":0.0,"max_hp_loss":0.0,"gold_gain":0.0,"event_name":"MindBloom","player_choice":"Fight","floor":50.0,"gold_loss":0.0,"damage_taken":0.0}],"is_beta":false,"boss_relics":[{"not_picked":["Velvet Choker","infinitespire:Cupcake"],"picked":"Replay:Wanted Poster"},{"not_picked":["Painkiller Herb","Replay:Bronze Core"],"picked":"Sozu"}],"items_purged_floors":[47,49,55],"is_endless":false,"potions_floor_spawned":[1,8,10,14,16,19,21,23,35,37,40,44,50],"ascension_level":2}}