{"host":"dhyczjm99amxd3qx","time":1609008567,"event":{"mods":["BaseMod","Colored Map","Googly Eyes","Highlight Path","Minty Spire (QoL Compilation)","Quick Restart","StSLib"],"gold_per_floor":[116,133,149,169,183,215,215,243,243,243,243],"floor_reached":10,"playtime":650,"items_purged":[],"score":88,"play_id":"345fda7c-4dfd-45f3-bebd-07199e695b22","local_time":"20201226134927","is_ascension_mode":true,"campfire_choices":[{"floor":7,"key":"REST"}],"circlet_count":0,"master_deck":["Strike_R","Strike_R","Strike_R","Strike_R","Strike_R","Defend_R","Defend_R","Defend_R","Defend_R+1","Bash","Regret","Brutality","Clash","Seeing Red+1","Carnage","Berserk","Clash"],"relics":["Burning Blood","War Paint","Bag of Preparation","Ornamental Fan"],"acts_visited":["Exordium"],"potions_floor_usage":[2,8,8],"damage_taken":[{"damage":18.0,"enemies":"Jaw Worm","floor":1.0,"turns":4.0},{"damage":7,"enemies":"Cultist","floor":2,"turns":3},{"damage":5,"enemies":"2 Louse","floor":3,"turns":4},{"damage":12,"enemies":"2 Fungi Beasts","floor":4,"turns":3},{"damage":12,"enemies":"Red Slaver","floor":5,"turns":2},{"damage":55,"enemies":"3 Sentries","floor":6,"turns":10},{"damage":18,"enemies":"Gremlin Nob","floor":8,"turns":3},{"damage":31,"enemies":"Lagavulin","floor":10,"turns":3}],"seed_played":"-5397945087651764415","potions_obtained":[{"floor":1.0,"key":"ElixirPotion"},{"floor":2,"key":"SteroidPotion"},{"floor":6,"key":"ElixirPotion"},{"floor":8,"key":"Ancient Potion"}],"is_trial":false,"path_per_floor":["M","M","M","M","M","E","R","E","T","E"],"character_chosen":"IRONCLAD","items_purchased":[],"campfire_rested":1,"item_purchase_floors":[],"current_hp_per_floor":[68,67,68,62,56,7,31,19,19,0,0],"gold":243,"neow_bonus":"THREE_RARE_CARDS","is_daily":false,"chose_seed":false,"campfire_upgraded":0,"win_rate":0.0,"timestamp":1609008567,"path_taken":["M","M","M","M","M","E","R","E","T","E"],"items_purchased_type":[],"build_version":"2020-12-22","purchased_purges":0,"victory":false,"max_hp_per_floor":[80,80,80,80,80,80,80,80,80,80,80],"card_choices":[{"not_picked":["Feed","Bludgeon"],"picked":"Brutality","floor":0.0},{"not_picked":["Perfected Strike","Disarm"],"picked":"Clash","floor":1.0},{"not_picked":["Twin Strike","True Grit","Ghostly Armor"],"picked":"SKIP","floor":2},{"not_picked":["Sword Boomerang","Iron Wave"],"picked":"Seeing Red","floor":3},{"not_picked":["Cleave","Warcry"],"picked":"Carnage","floor":4},{"not_picked":["Ghostly Armor","Thunderclap","Shrug It Off"],"picked":"SKIP","floor":5},{"not_picked":["Headbutt","Power Through"],"picked":"Berserk","floor":6},{"not_picked":["Dark Embrace","Dropkick"],"picked":"Clash","floor":8}],"player_experience":53908,"relics_obtained":[{"floor":6,"key":"War Paint"},{"floor":8,"key":"Bag of Preparation"},{"floor":9,"key":"Ornamental Fan"}],"event_choices":[],"is_beta":false,"boss_relics":[],"items_purged_floors":[],"is_endless":false,"potions_floor_spawned":[1,2,6,8],"killed_by":"Lagavulin","ascension_level":2}}