{"host":"uyrebrj0204enqpc","time":1609009492,"event":{"mods":["Act Like it!","Bard","BaseMod","Block Reminder","Challenge The Spire","Colored Map","Colored Powertips","DeckTracker","Downfall","GifTheSpireLib","HexUI Lib","Highlight Path","Hubris","Minty Spire (QoL Compilation)","Pale of the Ancients","Quick Restart","Random Character Button","Relic Sorter","Relic Stats","Replay The Spire","Shop Mod","StSLib","The Blue Laboratory","The Bug Knight","The Cursed","The Marked","Wandering Minibosses"],"gold_per_floor":[111,128,128,128,128,128,162,186,239,275,275,294,294,318,318,448,448,468,468,468,482,482,507,547,547,547,582,237,237,237,10,10,130,130,155,155,170,130,148,189,189,233,257,275,288,331,331,355,355,355,370,391,391,121,121,142,142,142,142,142,142],"floor_reached":60,"playtime":2325,"items_purged":["TheCursedMod:Defend_TheCursed","Guardian:Aged"],"score":1448,"play_id":"fb6c757d-f939-4290-b847-24d6f77d2a16","local_time":"20201226140452","is_ascension_mode":true,"campfire_choices":[{"data":"TheCursedMod:ManaBullet","floor":6.0,"key":"SMITH"},{"data":"TheCursedMod:FleshFromBone","floor":11,"key":"SMITH"},{"data":"TheCursedMod:LuckyCharm","floor":15,"key":"SMITH"},{"data":"RitualDagger","floor":25,"key":"SMITH"},{"floor":29,"key":"REST"},{"data":"TheCursedMod:VoidForm","floor":32,"key":"SMITH"},{"data":"TheCursedMod:AntiAging","floor":47,"key":"SMITH"},{"floor":49,"key":"DIG"},{"data":"TheCursedMod:CursedRelics","floor":55,"key":"SMITH"},{"data":"TheCursedMod:CleanUpWorkshop","floor":57,"key":"SMITH"}],"circlet_count":0,"master_deck":["TheCursedMod:Defend_TheCursed","TheCursedMod:CursedWand+1","TheCursedMod:CleanUpWorkshop+1","TheCursedMod:Dregs","TheCursedMod:FleshFromBone+1","Injury","TheCursedMod:ManaBullet+1","TheCursedMod:CursedRelics+1","TheCursedMod:CursedStaff+1","TheCursedMod:LuckyCharm+1","TheCursedMod:VoidForm+1","Decay","RitualDagger+1","TheCursedMod:SpitefulPlan+1","TheCursedMod:DoubleShield+1","TheCursedMod:AntiAging+1","TheCursedMod:Dregs","Clumsy","Writhe","TheCursedMod:HellfireBreathing","TheCursedMod:HellfireBreathing+1"],"relics":["TheCursedMod:BlackMagic101","hubris:Icosahedron","Incense Burner","Potion Belt","Membership Card","Golden Idol","NeowsBlessing","Replay:Rubber Ducky","Anchor","Kintsugi","Counterbalance","Lizard Tail","Garlic","hubris:Towel","PreservedInsect","Turnip","Replay:Ancient Bell","Bag of Preparation","HornCleat","FossilizedHelix","Ring of Searing","Frozen Egg 2","Replay:Ringing Soul","hubris:64BitClover","Simple Rune","paleoftheancients:Timepiece","paleoftheancients:KeyRelic","Coffee Dripper","Gremlin Horn","paleoftheancients:SoulOfTheSilent","hubris:EmptyBottle","Pet Ghost","Gremlin Food","hubris:CuriousFeather"],"acts_visited":["Exordium","TheCity","TheBeyond","TheBeyond"],"potions_floor_usage":[16,27,46,56,56,60,60],"damage_taken":[{"damage":0.0,"enemies":"Jaw Worm","floor":1.0,"turns":1.0},{"damage":0.0,"enemies":"2 Louse","floor":2.0,"turns":1.0},{"damage":0.0,"enemies":"Gremlin Nob","floor":7.0,"turns":1.0},{"damage":7.0,"enemies":"Small Slimes","floor":8.0,"turns":5.0},{"damage":27,"enemies":"Lagavulin","floor":10,"turns":10},{"damage":0,"enemies":"Blue Slaver","floor":12,"turns":3},{"damage":0,"enemies":"3 Louse","floor":14,"turns":2},{"damage":10,"enemies":"Hexaghost","floor":16,"turns":10},{"damage":3,"enemies":"3 Byrds","floor":18,"turns":5},{"damage":24,"enemies":"2 Thieves","floor":21,"turns":4},{"damage":10,"enemies":"3 Cultists","floor":23,"turns":6},{"damage":5,"enemies":"HollowMod:Nosk","floor":24,"turns":5},{"damage":10,"enemies":"Slavers","floor":27,"turns":7},{"damage":32,"enemies":"hubris:MusketHawk","floor":33,"turns":9},{"damage":0,"enemies":"3 Shapes","floor":35,"turns":5},{"damage":6,"enemies":"Orb Walker","floor":37,"turns":4},{"damage":15,"enemies":"4 Shapes","floor":39,"turns":5},{"damage":0,"enemies":"R_Hoarder","floor":40,"turns":7},{"damage":0,"enemies":"HollowMod:StalkingDevout","floor":42,"turns":3},{"damage":0,"enemies":"Sphere and 2 Shapes","floor":44,"turns":5},{"damage":0,"enemies":"Jaw Worm Horde","floor":45,"turns":3},{"damage":0,"enemies":"Reptomancer","floor":46,"turns":3},{"damage":0,"enemies":"Maw","floor":48,"turns":6},{"damage":11,"enemies":"Time Eater","floor":50,"turns":4},{"damage":16,"enemies":"Time Eater","floor":51,"turns":5},{"damage":15,"enemies":"Time Eater","floor":52,"turns":5},{"damage":94,"enemies":"Time Eater","floor":56,"turns":7},{"damage":44,"enemies":"paleoftheancients:N","floor":60,"turns":7}],"seed_played":"-1201467038517908854","potions_obtained":[{"floor":8.0,"key":"blueLaboratory:Moonshine"},{"floor":12,"key":"Weak Potion"},{"floor":21,"key":"FearPotion"},{"floor":24,"key":"champ:CounterPotion"},{"floor":38,"key":"Adrenaline Potion"},{"floor":38,"key":"blueLaboratory:BottleOfVodka"},{"floor":38,"key":"blueLaboratory:EnragingPotion"},{"floor":39,"key":"FearPotion"},{"floor":40,"key":"Death Potion"},{"floor":46,"key":"Fruit Juice"},{"floor":56,"key":"FearPotion"}],"is_trial":false,"path_per_floor":["M","M","?","?","?","R","E","M","T","E","R","M","?","M","R","B",null,"M","?","?","M","?","M","E","R","T","E","$","R","?","$","R","B",null,"M","?","M","?","M","E","?","E","T","M","M","E","R","M","R_BF","B","M","M","?","$","R","M","R","T","?","B"],"character_chosen":"THE_CURSED","items_purchased":["Membership Card","Incense Burner","PreservedInsect","Turnip","hubris:EmptyBottle","Pet Ghost","Gremlin Food"],"campfire_rested":1,"item_purchase_floors":[28,28,31,31,54,54,54],"current_hp_per_floor":[75,75,75,75,75,75,75,68,68,41,41,41,41,41,41,31,75,72,72,66,42,42,32,27,27,27,17,17,39,39,39,39,7,75,77,77,71,71,58,58,58,58,58,61,63,63,63,63,63,84,79,76,76,76,76,76,76,76,76,35,35],"gold":142,"neow_bonus":"THREE_ENEMY_KILL","is_daily":false,"chose_seed":false,"campfire_upgraded":8,"win_rate":0.0,"timestamp":1609009492,"path_taken":["M","M","?","?","?","R","E","M","T","E","R","M","?","M","R","BOSS","M","?","?","M","?","M","E","R","T","E","$","R","?","?","R","BOSS","M","?","M","?","?","E","?","E","T","M","?","E","R","M","R_BF","BOSS","M","M","?","$","R","M","R","T","?","BOSS"],"items_purchased_type":["Relic","Relic","Relic","Relic","Relic","Relic","Relic"],"build_version":"2020-12-22","purchased_purges":2,"victory":false,"max_hp_per_floor":[75,75,75,75,75,75,75,75,75,75,75,75,75,75,75,75,75,75,75,75,75,75,75,75,75,75,75,75,75,75,75,75,75,75,77,77,77,77,79,79,79,79,79,82,84,84,84,84,84,84,87,87,87,87,87,100,100,100,100,103,103],"relic_stats":{"Lizard Tail":48,"Gremlin Horn":[6,7],"counters":[28,137],"Golden Idol":191,"PreservedInsect":190,"Turnip":[12],"Bag of Preparation":[28],"obtain_stats":[{"Gremlin Horn":50,"Incense Burner":28,"Bag of Preparation":34,"hubris:EmptyBottle":54,"Pet Ghost":54,"Replay:Rubber Ducky":9,"Ring of Searing":36,"Replay:Ringing Soul":42,"Lizard Tail":26,"HornCleat":34,"hubris:Icosahedron":53,"hubris:CuriousFeather":58,"Potion Belt":7,"Gremlin Food":54,"TheCursedMod:BlackMagic101":0,"paleoftheancients:KeyRelic":50,"NeowsBlessing":0,"Golden Idol":3,"hubris:64BitClover":46,"Counterbalance":24,"PreservedInsect":31,"Replay:Ancient Bell":34,"hubris:Towel":30,"Frozen Egg 2":40,"paleoftheancients:Timepiece":50,"Anchor":10,"Simple Rune":49,"Turnip":31,"Garlic":27,"Coffee Dripper":50,"paleoftheancients:SoulOfTheSilent":52,"Membership Card":28,"Kintsugi":17,"FossilizedHelix":34},{"Gremlin Horn":24,"Incense Burner":13,"Bag of Preparation":14,"hubris:EmptyBottle":26,"Pet Ghost":26,"Replay:Rubber Ducky":4,"Ring of Searing":15,"Replay:Ringing Soul":19,"Lizard Tail":12,"HornCleat":14,"hubris:Icosahedron":26,"hubris:CuriousFeather":27,"Potion Belt":3,"Gremlin Food":26,"TheCursedMod:BlackMagic101":0,"paleoftheancients:KeyRelic":24,"NeowsBlessing":0,"Golden Idol":2,"hubris:64BitClover":22,"Counterbalance":12,"PreservedInsect":13,"Replay:Ancient Bell":14,"hubris:Towel":13,"Frozen Egg 2":18,"paleoftheancients:Timepiece":24,"Anchor":5,"Simple Rune":23,"Turnip":13,"Garlic":13,"Coffee Dripper":24,"paleoftheancients:SoulOfTheSilent":26,"Membership Card":13,"Kintsugi":8,"FossilizedHelix":14},{"Gremlin Horn":113,"Incense Burner":60,"Bag of Preparation":69,"hubris:EmptyBottle":123,"Pet Ghost":123,"Replay:Rubber Ducky":8,"Ring of Searing":74,"Replay:Ringing Soul":93,"Lizard Tail":53,"HornCleat":69,"hubris:Icosahedron":123,"hubris:CuriousFeather":130,"Potion Belt":3,"Gremlin Food":123,"TheCursedMod:BlackMagic101":0,"paleoftheancients:KeyRelic":113,"NeowsBlessing":0,"Golden Idol":2,"hubris:64BitClover":104,"Counterbalance":53,"PreservedInsect":60,"Replay:Ancient Bell":69,"hubris:Towel":60,"Frozen Egg 2":90,"paleoftheancients:Timepiece":113,"Anchor":18,"Simple Rune":109,"Turnip":60,"Garlic":60,"Coffee Dripper":113,"paleoftheancients:SoulOfTheSilent":123,"Membership Card":60,"Kintsugi":33,"FossilizedHelix":69}]},"card_choices":[{"not_picked":["TheCursedMod:RavingStaff","TheCursedMod:RapidMovement"],"picked":"TheCursedMod:FleshFromBone","floor":1.0},{"not_picked":["TheCursedMod:SmokeScreen","TheCursedMod:SurpriseAttack","TheCursedMod:TacticalStrike"],"picked":"SKIP","floor":2.0},{"not_picked":["TheCursedMod:SpitefulStrike","TheCursedMod:CursedArmor","TheCursedMod:CircleOfFocus"],"picked":"SKIP","floor":7.0},{"not_picked":["TheCursedMod:VitalStrike","TheCursedMod:TacticalStrike","TheCursedMod:CircleOfFlame"],"picked":"SKIP","floor":8.0},{"not_picked":["TheCursedMod:Torture","TheCursedMod:Mangle"],"picked":"TheCursedMod:CursedRelics","floor":10},{"not_picked":["TheCursedMod:Torture","TheCursedMod:CursedBlade"],"picked":"TheCursedMod:CursedStaff","floor":12},{"not_picked":["TheCursedMod:SurpriseAttack","TheCursedMod:AbyssShockwave"],"picked":"TheCursedMod:LuckyCharm","floor":14},{"not_picked":["TheCursedMod:CircleOfAbyss","TheCursedMod:OutForBlood"],"picked":"TheCursedMod:VoidForm","floor":16},{"not_picked":["TheCursedMod:Grudge","TheCursedMod:TacticalStrike","TheCursedMod:CursedMace"],"picked":"SKIP","floor":18},{"not_picked":["TheCursedMod:CursedBlade","TheCursedMod:Hemoplague+1","TheCursedMod:WearCloak"],"picked":"SKIP","floor":21},{"not_picked":["TheCursedMod:LuckyCharm","TheCursedMod:PrepareRite"],"picked":"TheCursedMod:SpitefulPlan+1","floor":23},{"not_picked":["TheCursedMod:CircleOfCorruption","TheCursedMod:SpitefulPray"],"picked":"TheCursedMod:DoubleShield+1","floor":24},{"not_picked":["TheCursedMod:Obscuration","TheCursedMod:CursedShiv","TheCursedMod:CircleOfCorruption"],"picked":"SKIP","floor":27},{"not_picked":["TheCursedMod:VoidForm","TheCursedMod:NeowsMight"],"picked":"TheCursedMod:AntiAging","floor":33},{"not_picked":["ReplayTheSpireMod:Faulty Equipment","CommonCold"],"picked":"TheCursedMod:Dregs","floor":34},{"not_picked":["Shame","Replay:Hysterical Blindness"],"picked":"Clumsy","floor":34},{"not_picked":["Slimebound:Icky","hubris:Envy"],"picked":"Writhe","floor":34},{"not_picked":["TheCursedMod:RavingStaff","TheCursedMod:Stigma+1","TheCursedMod:HellsGateOpen"],"picked":"SKIP","floor":35},{"not_picked":["TheCursedMod:SurpriseAttack+1","TheCursedMod:CursedMace"],"picked":"TheCursedMod:HellfireBreathing","floor":37},{"not_picked":["TheCursedMod:SoulCrush+1","TheCursedMod:Stigma+1","TheCursedMod:Wield"],"picked":"SKIP","floor":39},{"not_picked":["TheCursedMod:Stretching","TheCursedMod:ReleasedStrength","TheCursedMod:TacticalStrike+1"],"picked":"SKIP","floor":40},{"not_picked":["TheCursedMod:TroublousMinions","TheCursedMod:Evocation","TheCursedMod:AshesToAshes+1"],"picked":"SKIP","floor":42},{"not_picked":["TheCursedMod:CursedRelics","TheCursedMod:TacticalStrike+1"],"picked":"TheCursedMod:HellfireBreathing+1","floor":44},{"not_picked":["TheCursedMod:CircleOfCorruption","TheCursedMod:BlessingInDisguise","TheCursedMod:HellsGateOpen+1"],"picked":"SKIP","floor":45},{"not_picked":["TheCursedMod:Grudge","TheCursedMod:Obscuration+1","TheCursedMod:TroublousMinions"],"picked":"SKIP","floor":46},{"not_picked":["TheCursedMod:Stigma+1","TheCursedMod:SaltUponWound","TheCursedMod:AbyssShockwave"],"picked":"SKIP","floor":48},{"not_picked":["TheCursedMod:Mangle","TheCursedMod:VitalStrike+1","TheCursedMod:HellsGateOpen+1"],"picked":"SKIP","floor":51},{"not_picked":["TheCursedMod:LuckyCharm+1","TheCursedMod:CircleOfFlame+1","TheCursedMod:StunningStrike"],"picked":"SKIP","floor":52},{"not_picked":["TheCursedMod:CursedAmulet+1","TheCursedMod:EmpowerCircles+1","TheCursedMod:FleshFromBone"],"picked":"SKIP","floor":56}],"player_experience":935360,"relics_obtained":[{"floor":7.0,"key":"Potion Belt"},{"floor":9.0,"key":"Replay:Rubber Ducky"},{"floor":10,"key":"Anchor"},{"floor":24,"key":"Counterbalance"},{"floor":26,"key":"Lizard Tail"},{"floor":27,"key":"Garlic"},{"floor":36,"key":"Ring of Searing"},{"floor":40,"key":"Frozen Egg 2"},{"floor":42,"key":"Replay:Ringing Soul"},{"floor":46,"key":"hubris:64BitClover"},{"floor":49,"key":"Simple Rune"},{"floor":52,"key":"paleoftheancients:SoulOfTheSilent"},{"floor":58,"key":"hubris:CuriousFeather"}],"event_choices":[{"damage_healed":0.0,"max_hp_gain":0.0,"max_hp_loss":0.0,"gold_gain":0.0,"event_name":"Golden Idol","player_choice":"Take Wound","floor":3.0,"gold_loss":0.0,"damage_taken":0.0,"relics_obtained":["Golden Idol"],"cards_obtained":["Injury"]},{"damage_healed":0.0,"max_hp_gain":0.0,"max_hp_loss":0.0,"gold_gain":0.0,"cards_transformed":["TheCursedMod:Defend_TheCursed"],"event_name":"Living Wall","player_choice":"Change","floor":4.0,"gold_loss":0.0,"damage_taken":0.0,"cards_obtained":["TheCursedMod:ManaBullet"]},{"damage_healed":0,"gold_gain":0,"player_choice":"Ignored","damage_taken":0,"max_hp_gain":0,"max_hp_loss":0,"event_name":"Ghosts","floor":19,"gold_loss":0},{"damage_healed":0,"gold_gain":0,"player_choice":"Joined the Cult","damage_taken":6,"max_hp_gain":0,"max_hp_loss":0,"event_name":"Nest","floor":20,"gold_loss":0,"cards_obtained":["RitualDagger"]},{"damage_healed":0,"gold_gain":0,"player_choice":"Bought 3 Potions","damage_taken":0,"max_hp_gain":0,"max_hp_loss":0,"event_name":"The Woman in Blue","floor":38,"gold_loss":0},{"damage_healed":0,"gold_gain":0,"player_choice":"Got Potions","damage_taken":0,"max_hp_gain":0,"max_hp_loss":0,"event_name":"Lab","floor":41,"gold_loss":0}],"is_beta":false,"boss_relics":[{"not_picked":["Philosopher\u0027s Stone","hubris:GrandSneckoEye"],"picked":"Kintsugi"},{"not_picked":["Replay:Drink Me","Painkiller Herb"],"picked":"Replay:Ancient Bell"},{"not_picked":["MawBank","Oddly Smooth Stone"],"picked":"Bag of Preparation"},{"not_picked":["Replay:Bottled Steam","Letter Opener"],"picked":"HornCleat"},{"not_picked":["Thread and Needle","Pondfish Scales"],"picked":"FossilizedHelix"}],"items_purged_floors":[28,54],"is_endless":false,"potions_floor_spawned":[8,12,21,24,39,40,42,46,56],"killed_by":"paleoftheancients:N","ascension_level":3}}