{"host":"q9718omregw4er46","time":1609014225,"event":{"mods":["BaseMod","Bestiary","Colored Powertips","Minty Spire (QoL Compilation)","Quick Restart","Relic Stats"],"gold_per_floor":[217,217,367,378,4,46,13,56,56,17,17,17,17],"floor_reached":12,"playtime":242,"items_purged":["Doubt"],"score":168,"play_id":"2567d946-25de-4a24-8ee0-18b397395f3f","local_time":"20201227012345","is_ascension_mode":true,"campfire_choices":[{"data":"Defragment","floor":11,"key":"SMITH"}],"circlet_count":0,"master_deck":["AscendersBane","Strike_B","Strike_B","Strike_B","Strike_B","Defend_B","Defend_B","Defend_B","Defend_B","Zap","Dualcast","Ball Lightning","Rainbow","Capacitor","Echo Form","Defragment+1","Genetic Algorithm","Loop"],"relics":["Cracked Core","Membership Card","CeramicFish","Darkstone Periapt","Molten Egg 2","Sundial"],"acts_visited":["Exordium"],"potions_floor_usage":[6],"damage_taken":[{"damage":2,"enemies":"Cultist","floor":1,"turns":4},{"damage":3,"enemies":"2 Louse","floor":4,"turns":4},{"damage":34,"enemies":"Gremlin Nob","floor":6,"turns":4},{"damage":13,"enemies":"Lagavulin","floor":8,"turns":7},{"damage":19,"enemies":"3 Sentries","floor":12,"turns":2}],"seed_played":"7761215051940946796","potions_obtained":[{"floor":4,"key":"GamblersBrew"}],"is_trial":false,"path_per_floor":["M","?","?","M","$","E","$","E","T","$","R","E"],"character_chosen":"DEFECT","items_purchased":["Membership Card","Capacitor","DuplicationPotion","CeramicFish","Defragment","Explosive Potion","Loop"],"campfire_rested":0,"item_purchase_floors":[5,5,5,5,7,10,10],"current_hp_per_floor":[62,67,67,64,64,30,30,17,17,17,17,0,0],"gold":17,"neow_bonus":"HUNDRED_GOLD","is_daily":false,"chose_seed":true,"campfire_upgraded":1,"win_rate":0.0,"timestamp":1609014225,"path_taken":["M","?","?","M","$","E","?","E","T","$","R","E"],"items_purchased_type":["Relic","Card","Potion","Relic","Card","Potion","Card"],"build_version":"2020-12-22","purchased_purges":1,"victory":false,"max_hp_per_floor":[71,76,76,76,76,76,76,76,76,76,76,76,76],"relic_stats":{"Darkstone Periapt":0,"counters":[5,21],"Sundial":[0],"CeramicFish":36,"obtain_stats":[{"Darkstone Periapt":6,"Sundial":9,"CeramicFish":5,"Molten Egg 2":8,"Membership Card":5,"Cracked Core":0},{"Darkstone Periapt":3,"Sundial":4,"CeramicFish":2,"Molten Egg 2":4,"Membership Card":2,"Cracked Core":0},{"Darkstone Periapt":12,"Sundial":19,"CeramicFish":8,"Molten Egg 2":19,"Membership Card":8,"Cracked Core":0}]},"card_choices":[{"not_picked":["Steam","Cold Snap"],"picked":"Ball Lightning","floor":1},{"not_picked":["Steam","Leap"],"picked":"Rainbow","floor":4},{"not_picked":["Redo","Steam"],"picked":"Echo Form","floor":6},{"not_picked":["Blizzard+1","Loop"],"picked":"Genetic Algorithm","floor":8}],"player_experience":1124799,"relics_obtained":[{"floor":6,"key":"Darkstone Periapt"},{"floor":8,"key":"Molten Egg 2"},{"floor":9,"key":"Sundial"}],"event_choices":[{"damage_healed":0,"gold_gain":0,"player_choice":"Donut","damage_taken":0,"max_hp_gain":5,"max_hp_loss":0,"event_name":"Big Fish","floor":2,"gold_loss":0},{"damage_healed":0,"gold_gain":150,"player_choice":"AGREE","damage_taken":0,"max_hp_gain":0,"max_hp_loss":0,"event_name":"Liars Game","floor":3,"gold_loss":0,"cards_obtained":["Doubt"]}],"is_beta":false,"boss_relics":[],"items_purged_floors":[5],"is_endless":false,"potions_floor_spawned":[4],"killed_by":"3 Sentries","ascension_level":20}}