{"host":"c5slkkw8hp42e20v","time":1609024080,"event":{"mods":["AchievementEnabler","BaseMod","BetterRewards","Duelist Mod","GifTheSpireLib","Hermit","Highlight Path","Minty Spire (QoL Compilation)","StSLib","The Animator","The Hierophant","The Poker Player"],"gold_per_floor":[111,121,73,73,89,118,128,159,182,182,182,182,197,210,210,210,210],"floor_reached":16,"playtime":911,"items_purged":[],"score":162,"play_id":"4ab92f84-654d-473b-9337-148e0ec6b271","local_time":"20201226170800","is_ascension_mode":false,"campfire_choices":[{"floor":12,"key":"REST"},{"floor":15,"key":"REST"}],"circlet_count":0,"master_deck":["Strike_R","Strike_R+1","Strike_R","Strike_R","Defend_R","Defend_R","Defend_R","Defend_R","Bash","Headbutt+1","The Bomb","Spot Weakness","Iron Wave","Armaments","Rampage","Feel No Pain","Dark Embrace","Juggernaut","Mayhem","Twin Strike"],"relics":["Burning Blood","Matryoshka","Oddly Smooth Stone","Bag of Marbles","Ancient Tea Set","White Beast Statue"],"acts_visited":["Exordium"],"potions_floor_usage":[14],"damage_taken":[{"damage":6,"enemies":"Jaw Worm","floor":1,"turns":3},{"damage":10,"enemies":"2 Louse","floor":2,"turns":3},{"damage":1,"enemies":"Cultist","floor":5,"turns":3},{"damage":19,"enemies":"Lagavulin","floor":6,"turns":6},{"damage":14,"enemies":"Exordium Wildlife","floor":7,"turns":4},{"damage":33,"enemies":"3 Sentries","floor":8,"turns":6},{"damage":30,"enemies":"Gremlin Gang","floor":13,"turns":5},{"damage":15,"enemies":"2 Fungi Beasts","floor":14,"turns":4},{"damage":39,"enemies":"The Guardian","floor":16,"turns":7}],"seed_played":"-8716700404236794310","potions_obtained":[{"floor":2,"key":"SkillPotion"},{"floor":7,"key":"Ancient Potion"},{"floor":13,"key":"Energy Potion"},{"floor":14,"key":"SpeedPotion"}],"is_trial":false,"path_per_floor":["M","M","$","?","M","E","M","E","T","?","?","R","M","M","R","B"],"character_chosen":"IRONCLAD","items_purchased":["Headbutt","Matryoshka","Armaments"],"campfire_rested":2,"item_purchase_floors":[0,0,3],"current_hp_per_floor":[80,76,76,81,85,72,64,37,37,20,20,45,21,12,37,0,0],"gold":210,"neow_bonus":"","is_daily":false,"chose_seed":false,"campfire_upgraded":0,"win_rate":0.0,"timestamp":1609024080,"path_taken":["M","M","$","?","M","E","M","E","T","?","?","R","?","M","R","BOSS"],"items_purchased_type":["Card","Relic","Card"],"build_version":"2020-12-22","purchased_purges":0,"victory":false,"max_hp_per_floor":[80,80,80,85,85,85,85,85,85,85,85,85,85,85,85,85,85],"card_choices":[{"not_picked":["Searing Blow","Twin Strike"],"picked":"Spot Weakness","floor":1},{"not_picked":["Rage","Flex"],"picked":"Iron Wave","floor":2},{"not_picked":["Reckless Charge","Armaments"],"picked":"Rampage","floor":5},{"not_picked":["Perfected Strike","Blood for Blood"],"picked":"Feel No Pain","floor":6},{"not_picked":["Body Slam","Sword Boomerang"],"picked":"Dark Embrace","floor":7},{"not_picked":["Armaments","Rage"],"picked":"Juggernaut","floor":8},{"not_picked":["Blood for Blood","Clothesline","Burning Pact"],"picked":"SKIP","floor":13},{"not_picked":["True Grit","Heavy Blade"],"picked":"Twin Strike","floor":14}],"player_experience":24237,"relics_obtained":[{"floor":6,"key":"Oddly Smooth Stone"},{"floor":8,"key":"Bag of Marbles"},{"floor":9,"key":"Ancient Tea Set"},{"floor":9,"key":"White Beast Statue"}],"event_choices":[{"damage_healed":0,"gold_gain":0,"player_choice":"Donut","damage_taken":0,"max_hp_gain":5,"max_hp_loss":0,"event_name":"Big Fish","floor":4,"gold_loss":0},{"damage_healed":0,"gold_gain":0,"player_choice":"Entered Light","damage_taken":17,"max_hp_gain":0,"max_hp_loss":0,"event_name":"Shining Light","floor":10,"gold_loss":0,"cards_upgraded":["Headbutt","Strike_R"]},{"cards_removed":["Brutality"],"damage_healed":0,"gold_gain":0,"player_choice":"Took Card","damage_taken":0,"max_hp_gain":0,"max_hp_loss":0,"event_name":"NoteForYourself","floor":11,"gold_loss":0,"cards_obtained":["Mayhem"]}],"is_beta":false,"boss_relics":[],"items_purged_floors":[],"is_endless":false,"potions_floor_spawned":[2,7,13,14],"killed_by":"The Guardian","ascension_level":0}}