{"host":"a7dhdzm3fda48fos","time":1609015727,"event":{"mods":["AchievementEnabler","BaseMod","Card Forge","Colored Map","Gold Saver","Minty Spire (QoL Compilation)","Remove Card Discount Mod","Shop Mod","StSLib"],"gold_per_floor":[1150,1150,1150,1167,1178,1178,1070,1070,1070,1084,1000,1011,1011,1022,1022,1125,1125,1145,1157,1157,855,868,868,900,900,924,581,610,610,625,642,642,737,737,749,767,817,817,833,833,859,871,898,925,941,941,941,992,992,992],"floor_reached":51,"playtime":5448,"items_purged":[],"score":762,"play_id":"5676c5ed-f695-4ae0-975b-51088f97adf7","local_time":"20201226214847","is_ascension_mode":false,"campfire_choices":[{"floor":6,"key":"REST"},{"data":"Slice","floor":15,"key":"SMITH"},{"data":"Crippling Poison","floor":23,"key":"SMITH"},{"data":"Caltrops","floor":29,"key":"SMITH"},{"floor":32,"key":"REST"},{"floor":40,"key":"REST"},{"data":"Outmaneuver","floor":47,"key":"SMITH"},{"floor":49,"key":"REST"}],"circlet_count":0,"master_deck":["Strike_G+1","Strike_G+1","Strike_G+1","Strike_G+1","Strike_G+1","Defend_G+1","Defend_G+1","Defend_G+1","Defend_G+1","Survivor+1","Neutralize+1","Well Laid Plans+1","Panache+1","Sadistic Nature+1","Dagger Throw+1","Prepared+1","Prepared+1","Noxious Fumes+1","Bouncing Flask+1","Reflex+1","Noxious Fumes+1","Deflect+1","Footwork+1","Adrenaline+1","Well Laid Plans+1","Reflex+1","Panache+1","Caltrops+1","Bouncing Flask+1","Crippling Poison+1","Flying Knee+1","Outmaneuver+1","Infinite Blades+1","Tactician+1","Secret Weapon+1","Caltrops+1","Acrobatics+1","Acrobatics+1","Tools of the Trade+1","Outmaneuver+1","Terror+1","A Thousand Cuts+1","Outmaneuver+1","Phantasmal Killer+1","Prepared+1","Madness+1","Madness+1","Predator+1"],"relics":["Ring of the Snake","Hammer of Thor","Seething Fire","Anvil of the Gods","Thread and Needle","HornCleat","Ancient Tea Set","Black Star","Orichalcum","Pen Nib","Snake Skull","Calipers","InkBottle","WristBlade","WingedGreaves","Centennial Puzzle","Bird Faced Urn","MealTicket","Paper Crane","Mango","StoneCalendar"],"acts_visited":["Exordium","TheCity","TheBeyond"],"potions_floor_usage":[48],"damage_taken":[{"damage":4,"enemies":"Cultist","floor":1,"turns":4},{"damage":0,"enemies":"2 Louse","floor":4,"turns":3},{"damage":2,"enemies":"Jaw Worm","floor":5,"turns":3},{"damage":0,"enemies":"Blue Slaver","floor":10,"turns":2},{"damage":0,"enemies":"Looter","floor":12,"turns":3},{"damage":0,"enemies":"Exordium Thugs","floor":14,"turns":3},{"damage":15,"enemies":"The Guardian","floor":16,"turns":6},{"damage":0,"enemies":"Chosen","floor":18,"turns":3},{"damage":0,"enemies":"2 Thieves","floor":19,"turns":3},{"damage":0,"enemies":"Snecko","floor":22,"turns":3},{"damage":0,"enemies":"Slavers","floor":24,"turns":1},{"damage":10,"enemies":"Book of Stabbing","floor":28,"turns":3},{"damage":0,"enemies":"Cultist and Chosen","floor":30,"turns":4},{"damage":0,"enemies":"Centurion and Healer","floor":31,"turns":3},{"damage":14,"enemies":"Champ","floor":33,"turns":5},{"damage":8,"enemies":"3 Darklings","floor":35,"turns":3},{"damage":6,"enemies":"3 Shapes","floor":36,"turns":3},{"damage":0,"enemies":"Mind Bloom Boss Battle","floor":37,"turns":4},{"damage":18,"enemies":"Jaw Worm Horde","floor":39,"turns":3},{"damage":29,"enemies":"Reptomancer","floor":41,"turns":4},{"damage":0,"enemies":"3 Darklings","floor":42,"turns":2},{"damage":27,"enemies":"Nemesis","floor":44,"turns":3},{"damage":9,"enemies":"Transient","floor":45,"turns":5},{"damage":43,"enemies":"2 Orb Walkers","floor":48,"turns":4},{"damage":18,"enemies":"Donu and Deca","floor":50,"turns":4}],"seed_played":"3838987584176745284","potions_obtained":[{"floor":4,"key":"EntropicBrew"},{"floor":10,"key":"Explosive Potion"},{"floor":12,"key":"Weak Potion"},{"floor":19,"key":"CunningPotion"},{"floor":24,"key":"Regen Potion"},{"floor":31,"key":"FairyPotion"},{"floor":39,"key":"Energy Potion"}],"is_trial":false,"path_per_floor":["M","?","?","M","M","R","$","?","T","M","$","M","T","M","R","B",null,"M","M","?","$","M","R","E","?","T","$","E","R","M","M","R","B",null,"M","M","?","$","M","R","E","M","T","E","M","?","R","?","R","B",null],"character_chosen":"THE_SILENT","items_purchased":["Noxious Fumes","Bouncing Flask","Noxious Fumes","Deflect","Panache","Caltrops","Bouncing Flask","Infinite Blades","Tactician","Secret Weapon"],"campfire_rested":4,"item_purchase_floors":[7,7,11,11,21,21,21,27,27,27],"current_hp_per_floor":[73,66,66,66,64,77,77,77,77,77,77,77,77,77,77,62,77,77,77,63,63,63,63,63,63,63,63,53,53,53,53,77,63,82,74,68,68,68,50,74,45,61,61,70,87,75,75,50,78,80],"gold":992,"neow_bonus":"TEN_PERCENT_HP_BONUS","is_daily":false,"chose_seed":false,"campfire_upgraded":4,"win_rate":0.0,"timestamp":1609015727,"path_taken":["M","?","?","?","M","R","$","?","T","M","$","M","?","M","R","BOSS","M","M","?","$","M","R","E","?","T","$","E","R","M","M","R","BOSS","M","M","?","$","M","R","E","M","T","E","M","?","R","?","R","BOSS"],"items_purchased_type":["Card","Card","Card","Card","Card","Card","Card","Card","Card","Card"],"build_version":"2020-12-22","purchased_purges":0,"victory":true,"max_hp_per_floor":[77,77,77,77,77,77,77,77,77,77,77,77,77,77,77,77,77,77,77,82,82,82,82,82,82,82,82,82,82,82,82,82,82,82,82,82,82,82,82,82,82,82,82,96,96,96,96,96,96,96],"card_choices":[{"not_picked":["PiercingWail","Deflect"],"picked":"Dagger Throw","floor":1},{"not_picked":["Dagger Throw","Outmaneuver"],"picked":"Prepared","floor":4},{"not_picked":["Venomology","Blur"],"picked":"Prepared","floor":5},{"not_picked":["Underhanded Strike","Deadly Poison"],"picked":"Reflex","floor":10},{"not_picked":["Dodge and Roll","PiercingWail"],"picked":"Footwork","floor":12},{"not_picked":["Footwork","Dodge and Roll"],"picked":"Slice","floor":14},{"not_picked":["Unload","Night Terror"],"picked":"Adrenaline","floor":16},{"not_picked":["Quick Slash+1","Heel Hook"],"picked":"Well Laid Plans+1","floor":18},{"not_picked":["Sucker Punch","Deadly Poison"],"picked":"Reflex","floor":19},{"not_picked":["Dash","Terror+1"],"picked":"Crippling Poison","floor":22},{"not_picked":["Blur","PiercingWail"],"picked":"Flying Knee","floor":24},{"not_picked":["Sucker Punch+1","Masterful Stab"],"picked":"Caltrops","floor":28},{"not_picked":["Noxious Fumes+1","PiercingWail+1"],"picked":"Acrobatics+1","floor":30},{"not_picked":["Distraction","Outmaneuver"],"picked":"Acrobatics+1","floor":31},{"not_picked":["Die Die Die","Malaise"],"picked":"Tools of the Trade","floor":33},{"not_picked":["Backflip","Dagger Throw+1"],"picked":"Outmaneuver","floor":35},{"not_picked":["Underhanded Strike","Dagger Spray+1","PiercingWail"],"picked":"SKIP","floor":36},{"not_picked":["Quick Slash+1","Flying Knee"],"picked":"Terror+1","floor":37},{"not_picked":["Deadly Poison+1","Dagger Spray","PiercingWail+1"],"picked":"SKIP","floor":39},{"not_picked":["Calculated Gamble","Flechettes"],"picked":"A Thousand Cuts","floor":41},{"not_picked":["Deflect","Endless Agony"],"picked":"Outmaneuver","floor":42},{"not_picked":["Slice","Dagger Spray+1"],"picked":"Phantasmal Killer","floor":44},{"not_picked":["Blade Dance+1","Slice+1"],"picked":"Prepared","floor":45},{"not_picked":["Doppelganger","All Out Attack"],"picked":"Predator+1","floor":48}],"player_experience":32310,"relics_obtained":[{"floor":9,"key":"HornCleat"},{"floor":13,"key":"Ancient Tea Set"},{"floor":24,"key":"Orichalcum"},{"floor":24,"key":"Pen Nib"},{"floor":26,"key":"Snake Skull"},{"floor":28,"key":"Calipers"},{"floor":28,"key":"InkBottle"},{"floor":37,"key":"WingedGreaves"},{"floor":41,"key":"Centennial Puzzle"},{"floor":41,"key":"Bird Faced Urn"},{"floor":43,"key":"MealTicket"},{"floor":44,"key":"Paper Crane"},{"floor":44,"key":"Mango"},{"floor":48,"key":"StoneCalendar"}],"event_choices":[{"damage_healed":0,"gold_gain":0,"player_choice":"Success","damage_taken":7,"relics_obtained":["Thread and Needle"],"max_hp_gain":0,"max_hp_loss":0,"event_name":"Scrap Ooze","floor":2,"gold_loss":0},{"cards_removed":["Defend_G"],"damage_healed":0,"gold_gain":0,"player_choice":"Purged","damage_taken":0,"max_hp_gain":0,"max_hp_loss":0,"event_name":"Purifier","floor":3,"gold_loss":0},{"damage_healed":0,"gold_gain":0,"player_choice":"Leave","damage_taken":0,"max_hp_gain":0,"max_hp_loss":0,"event_name":"The Cleric","floor":8,"gold_loss":0},{"damage_healed":0,"gold_gain":0,"player_choice":"Shed Blood","damage_taken":19,"max_hp_gain":5,"max_hp_loss":0,"event_name":"Forgotten Altar","floor":20,"gold_loss":0},{"damage_healed":0,"gold_gain":0,"cards_transformed":["Slice"],"player_choice":"Transformed","damage_taken":0,"max_hp_gain":0,"max_hp_loss":0,"event_name":"Transmorgrifier","floor":25,"gold_loss":0,"cards_obtained":["Outmaneuver"]},{"damage_healed":0,"gold_gain":0,"player_choice":"Fight","damage_taken":0,"max_hp_gain":0,"max_hp_loss":0,"event_name":"MindBloom","floor":37,"gold_loss":0},{"damage_healed":0,"gold_gain":0,"player_choice":"Embrace Madness","damage_taken":12,"max_hp_gain":0,"max_hp_loss":0,"event_name":"Winding Halls","floor":46,"gold_loss":0,"cards_obtained":["Madness","Madness"]},{"damage_healed":0,"gold_gain":0,"player_choice":"Fight","damage_taken":0,"max_hp_gain":0,"max_hp_loss":0,"event_name":"Mysterious Sphere","floor":48,"gold_loss":0}],"is_beta":false,"boss_relics":[{"not_picked":["Cursed Key","Ectoplasm"],"picked":"Black Star"},{"not_picked":["Astrolabe","Empty Cage"],"picked":"WristBlade"}],"items_purged_floors":[],"is_endless":false,"potions_floor_spawned":[4,10,12,19,24,31,35,39,44,45],"ascension_level":0}}