{"host":"981nlwu0905dw1bz","time":1609003404,"event":{"mods":["BaseMod","DeckTracker","Minty Spire (QoL Compilation)","Rare Cards Sparkle","SuperFastMode"],"gold_per_floor":[114,125,78,78,95,95,108,108,108,33,47,74,74,93,93,198,198,212,212,212,212,222,222,240,240],"floor_reached":24,"playtime":923,"items_purged":[],"score":317,"play_id":"8f0bb0d6-a752-428e-91a2-3c9d335999fa","local_time":"20201227022324","is_ascension_mode":true,"campfire_choices":[{"data":"Glacier","floor":6.0,"key":"SMITH"},{"data":"Ball Lightning","floor":13.0,"key":"SMITH"},{"data":"Jack Of All Trades","floor":15.0,"key":"SMITH"},{"data":"Echo Form","floor":23,"key":"SMITH"}],"circlet_count":0,"master_deck":["AscendersBane","Strike_B+1","Strike_B+1","Strike_B+1","Strike_B+1","Defend_B+1","Defend_B+1","Defend_B+1","Defend_B+1","Zap","Dualcast","Jack Of All Trades+1","BootSequence","Glacier+1","Conserve Battery","Ball Lightning+1","Storm","Compile Driver","Hologram","Echo Form+1","Melter","Go for the Eyes"],"relics":["Cracked Core","Gremlin Horn","Bottled Lightning","SlaversCollar"],"acts_visited":["TheCity"],"potions_floor_usage":[16,16],"damage_taken":[{"damage":0.0,"enemies":"Small Slimes","floor":1.0,"turns":3.0},{"damage":0.0,"enemies":"Jaw Worm","floor":2.0,"turns":2.0},{"damage":0.0,"enemies":"2 Louse","floor":5.0,"turns":2.0},{"damage":0.0,"enemies":"Blue Slaver","floor":7.0,"turns":5.0},{"damage":0.0,"enemies":"Looter","floor":11.0,"turns":3.0},{"damage":12.0,"enemies":"3 Sentries","floor":12.0,"turns":5.0},{"damage":5.0,"enemies":"Large Slime","floor":14.0,"turns":6.0},{"damage":40,"enemies":"The Guardian","floor":16,"turns":10},{"damage":24,"enemies":"Spheric Guardian","floor":18,"turns":6},{"damage":10,"enemies":"2 Thieves","floor":22,"turns":5},{"damage":37,"enemies":"Snake Plant","floor":24,"turns":6}],"seed_played":"-3836577555169027731","potions_obtained":[{"floor":5.0,"key":"DuplicationPotion"},{"floor":11.0,"key":"SpeedPotion"},{"floor":12.0,"key":"ColorlessPotion"},{"floor":16,"key":"SteroidPotion"},{"floor":24,"key":"PotionOfCapacity"}],"is_trial":false,"path_per_floor":["M","M","?","?","M","R","M","?","T","$","M","E","R","M","R","B",null,"M","?","?","?","M","R","M"],"character_chosen":"DEFECT","items_purchased":["Storm"],"campfire_rested":0,"item_purchase_floors":[10],"current_hp_per_floor":[68,68,68,68,68,68,68,68,68,68,68,56,56,51,51,11,59,35,60,60,60,50,50,13,13],"gold":240,"neow_bonus":"RANDOM_COLORLESS","is_daily":false,"chose_seed":false,"campfire_upgraded":4,"win_rate":0.0,"timestamp":1609003404,"path_taken":["M","M","?","?","M","R","M","?","T","$","?","E","R","M","R","BOSS","M","?","?","?","?","R","M"],"items_purchased_type":["Card"],"build_version":"2020-12-22","purchased_purges":0,"victory":false,"max_hp_per_floor":[75,75,75,75,75,75,75,75,75,75,75,75,75,75,75,75,75,75,75,75,75,75,75,75,75],"card_choices":[{"not_picked":["Impatience","Flash of Steel"],"picked":"Jack Of All Trades","floor":0.0},{"not_picked":["Turbo","Coolheaded"],"picked":"BootSequence","floor":1.0},{"not_picked":["Cold Snap","Steam Power"],"picked":"Glacier","floor":2.0},{"not_picked":["Sunder","Rip and Tear"],"picked":"Conserve Battery","floor":5.0},{"not_picked":["Go for the Eyes","Aggregate"],"picked":"Ball Lightning","floor":7.0},{"not_picked":["Fusion","Heatsinks"],"picked":"Compile Driver","floor":11.0},{"not_picked":["Gash","Glacier","Redo"],"picked":"SKIP","floor":12.0},{"not_picked":["Compile Driver","Stack"],"picked":"Hologram","floor":14.0},{"not_picked":["Reboot","Creative AI"],"picked":"Echo Form","floor":16},{"not_picked":["Aggregate","Sweeping Beam"],"picked":"Melter","floor":18},{"not_picked":["Coolheaded+1","Gash"],"picked":"Go for the Eyes","floor":22},{"not_picked":["Fusion","Compile Driver","Coolheaded"],"picked":"SKIP","floor":24}],"player_experience":504893,"relics_obtained":[{"floor":9.0,"key":"Gremlin Horn"},{"floor":12.0,"key":"Bottled Lightning"}],"event_choices":[{"damage_healed":0.0,"max_hp_gain":0.0,"max_hp_loss":0.0,"gold_gain":0.0,"event_name":"World of Goop","player_choice":"Left Gold","floor":3.0,"gold_loss":47.0,"damage_taken":0.0},{"damage_healed":0.0,"max_hp_gain":0.0,"max_hp_loss":0.0,"gold_gain":0.0,"event_name":"Golden Idol","player_choice":"Ignored","floor":4.0,"gold_loss":0.0,"damage_taken":0.0},{"damage_healed":0.0,"max_hp_gain":0.0,"max_hp_loss":0.0,"gold_gain":0.0,"event_name":"The Cleric","player_choice":"Leave","floor":8.0,"gold_loss":0.0,"damage_taken":0.0},{"damage_healed":25,"gold_gain":0,"player_choice":"Heal","damage_taken":0,"max_hp_gain":0,"max_hp_loss":0,"event_name":"The Library","floor":19,"gold_loss":0},{"damage_healed":0,"gold_gain":0,"player_choice":"Ignored","damage_taken":0,"max_hp_gain":0,"max_hp_loss":0,"event_name":"Beggar","floor":20,"gold_loss":0},{"damage_healed":0,"gold_gain":0,"player_choice":"Simplicity","damage_taken":0,"max_hp_gain":0,"max_hp_loss":0,"event_name":"Back to Basics","floor":21,"gold_loss":0,"cards_upgraded":["Strike_B","Strike_B","Strike_B","Strike_B","Defend_B","Defend_B","Defend_B","Defend_B"]}],"is_beta":false,"boss_relics":[{"not_picked":["Astrolabe","Black Star"],"picked":"SlaversCollar"}],"items_purged_floors":[],"is_endless":false,"potions_floor_spawned":[5,11,12,16,24],"killed_by":"Snake Plant","ascension_level":12}}