{"host":"15dd7v8o90xso62x","time":1609012282,"event":{"mods":["BaseMod","Minty Spire (QoL Compilation)","Quick Restart","StSLib","SuperFastMode"],"gold_per_floor":[117,192,34,34,34,34,61,61,106,118,130,160,190,217,229,319,331,360,390,414,436,448,460,502,514,526,548,111,111,111,130,130,207,207,226,238,34,34,47,47,72,72,72,104,104,54,70,96,96,96,96,96],"floor_reached":51,"playtime":1978,"items_purged":["Strike_G","Poisoned Stab","Predator"],"score":1521,"play_id":"c526ad03-ccc7-4990-99ec-c3780a1038cb","local_time":"20201227045122","is_ascension_mode":true,"campfire_choices":[{"data":"Cloak And Dagger","floor":6.0,"key":"SMITH"},{"data":"Neutralize","floor":8.0,"key":"SMITH"},{"data":"Dagger Spray","floor":10.0,"key":"SMITH"},{"data":"Accuracy","floor":15.0,"key":"SMITH"},{"data":"After Image","floor":23.0,"key":"SMITH"},{"data":"Reflex","floor":25.0,"key":"SMITH"},{"data":"Accuracy","floor":30.0,"key":"SMITH"},{"data":"Well Laid Plans","floor":32.0,"key":"SMITH"},{"data":"Cloak And Dagger","floor":40.0,"key":"SMITH"},{"data":"Adrenaline","floor":42.0,"key":"SMITH"},{"data":"Trip","floor":45.0,"key":"SMITH"},{"data":"Blade Dance","floor":49,"key":"SMITH"}],"circlet_count":0,"master_deck":["AscendersBane","Survivor","Neutralize+1","Deflect","Dagger Spray+1","Cloak And Dagger+1","Backflip","Accuracy+1","Finisher","Tactician+1","Reflex+1","Storm of Steel","Unload","Malaise","After Image+1","Backflip","Deflect","Infinite Blades","PiercingWail","Blade Dance+1","Accuracy+1","Blade Dance","Deflect","Well Laid Plans+1","Adrenaline+1","Escape Plan+1","Cloak And Dagger+1","Trip+1","Backflip"],"relics":["Ring of the Snake","NeowsBlessing","Lantern","Smiling Mask","MawBank","Pandora\u0027s Box","Blood Vial","White Beast Statue","Orrery","Busted Crown","Calipers","Ninja Scroll","StrikeDummy","Boot"],"acts_visited":["Exordium","TheCity","TheBeyond"],"potions_floor_usage":[48,50,51],"damage_taken":[{"damage":0.0,"enemies":"Small Slimes","floor":1.0,"turns":1.0},{"damage":0.0,"enemies":"3 Sentries","floor":7.0,"turns":1.0},{"damage":0.0,"enemies":"2 Louse","floor":12.0,"turns":1.0},{"damage":0.0,"enemies":"Jaw Worm","floor":13.0,"turns":4.0},{"damage":17.0,"enemies":"Gremlin Gang","floor":14.0,"turns":4.0},{"damage":22.0,"enemies":"The Guardian","floor":16.0,"turns":15.0},{"damage":2.0,"enemies":"Spheric Guardian","floor":18.0,"turns":3.0},{"damage":9.0,"enemies":"2 Thieves","floor":19.0,"turns":2.0},{"damage":6.0,"enemies":"Centurion and Healer","floor":20.0,"turns":5.0},{"damage":3.0,"enemies":"3 Cultists","floor":21.0,"turns":4.0},{"damage":0.0,"enemies":"Book of Stabbing","floor":24.0,"turns":6.0},{"damage":15.0,"enemies":"Chosen and Byrds","floor":27.0,"turns":6.0},{"damage":0.0,"enemies":"Snecko","floor":31.0,"turns":3.0},{"damage":24.0,"enemies":"Collector","floor":33.0,"turns":6.0},{"damage":0.0,"enemies":"Orb Walker","floor":35.0,"turns":2.0},{"damage":6.0,"enemies":"3 Shapes","floor":36.0,"turns":5.0},{"damage":0.0,"enemies":"Writhing Mass","floor":39.0,"turns":5.0},{"damage":0.0,"enemies":"Mind Bloom Boss Battle","floor":41.0,"turns":6.0},{"damage":0.0,"enemies":"Giant Head","floor":44.0,"turns":5.0},{"damage":0.0,"enemies":"Transient","floor":47.0,"turns":6.0},{"damage":30,"enemies":"Reptomancer","floor":48,"turns":5},{"damage":42,"enemies":"Donu and Deca","floor":50,"turns":10},{"damage":19,"enemies":"Time Eater","floor":51,"turns":1}],"seed_played":"-8837321663775459095","potions_obtained":[{"floor":7.0,"key":"SmokeBomb"},{"floor":16.0,"key":"Strength Potion"},{"floor":18.0,"key":"SkillPotion"},{"floor":19.0,"key":"Weak Potion"},{"floor":21.0,"key":"Strength Potion"},{"floor":27.0,"key":"DuplicationPotion"},{"floor":31.0,"key":"ColorlessPotion"},{"floor":33.0,"key":"SkillPotion"},{"floor":35.0,"key":"Block Potion"},{"floor":36.0,"key":"LiquidMemories"},{"floor":39.0,"key":"BlessingOfTheForge"},{"floor":41.0,"key":"LiquidBronze"},{"floor":44.0,"key":"Fire Potion"},{"floor":47.0,"key":"Ancient Potion"},{"floor":48,"key":"Dexterity Potion"}],"is_trial":false,"path_per_floor":["M","?","$","?","?","R","E","R","T","R","$","M","M","M","R","B",null,"M","M","M","M","?","R","E","R","T","M","$","?","R","M","R","B",null,"M","M","$","?","M","R","?","R","T","E","R","?","M","E","R","B","B"],"character_chosen":"THE_SILENT","items_purchased":["Dagger Spray","Cloak And Dagger","Orrery","Blade Dance","Fruit Juice","Well Laid Plans","Cloak And Dagger","Trip"],"campfire_rested":0,"item_purchase_floors":[3,3,28,28,28,28,37,37],"current_hp_per_floor":[59,48,48,43,48,48,48,48,48,48,48,48,48,31,31,9,56,54,45,39,36,36,36,36,36,36,23,28,43,43,45,45,23,63,65,61,61,86,86,86,86,86,86,86,86,86,86,56,56,16,0,0],"gold":96,"neow_bonus":"THREE_ENEMY_KILL","is_daily":false,"chose_seed":false,"campfire_upgraded":12,"win_rate":0.0,"timestamp":1609012282,"path_taken":["M","?","$","?","?","R","E","R","T","R","?","M","M","?","R","BOSS","M","M","M","M","?","R","E","R","T","M","$","?","R","M","R","BOSS","M","M","$","?","?","R","?","R","T","E","R","?","?","E","R","BOSS","BOSS"],"items_purchased_type":["Card","Card","Relic","Card","Potion","Card","Card","Card"],"build_version":"2020-12-22","purchased_purges":3,"victory":false,"max_hp_per_floor":[66,66,66,66,71,71,71,71,71,71,71,71,71,71,71,71,71,71,71,71,71,71,71,71,71,71,71,76,76,76,76,76,76,76,76,76,76,86,86,86,86,86,86,86,86,86,86,86,86,86,86,86],"card_choices":[{"not_picked":["Dodge and Roll","Acrobatics"],"picked":"Deflect","floor":1.0},{"not_picked":["Heel Hook","Dagger Throw"],"picked":"Backflip","floor":7.0},{"not_picked":["Dagger Spray","Deflect"],"picked":"Accuracy","floor":12.0},{"not_picked":["Flying Knee","Dodge and Roll"],"picked":"Finisher","floor":13.0},{"not_picked":["Catalyst","Bane"],"picked":"Predator","floor":14.0},{"not_picked":["Doppelganger","Corpse Explosion"],"picked":"Die Die Die","floor":16.0},{"not_picked":["Dagger Spray","Masterful Stab+1"],"picked":"Infinite Blades","floor":18.0},{"not_picked":["Deflect","Underhanded Strike","Crippling Poison"],"picked":"SKIP","floor":19.0},{"not_picked":["Dagger Throw","Choke","Heel Hook"],"picked":"SKIP","floor":20.0},{"not_picked":["Crippling Poison","Riddle With Holes"],"picked":"PiercingWail","floor":21.0},{"not_picked":["Dagger Throw+1","Doppelganger","Unload"],"picked":"SKIP","floor":24.0},{"not_picked":["Endless Agony","Dash","Dodge and Roll"],"picked":"SKIP","floor":27.0},{"not_picked":["Infinite Blades","Backflip"],"picked":"Blade Dance","floor":28.0},{"not_picked":["Blade Dance","Bane"],"picked":"Accuracy","floor":28.0},{"not_picked":["Noxious Fumes","Eviscerate"],"picked":"Deflect","floor":28.0},{"not_picked":["Underhanded Strike","Infinite Blades","Flechettes+1"],"picked":"SKIP","floor":31.0},{"not_picked":["Tools of the Trade","Malaise"],"picked":"Adrenaline","floor":33.0},{"not_picked":[],"picked":"Escape Plan","floor":35.0},{"not_picked":["Endless Agony"],"picked":"SKIP","floor":36.0},{"not_picked":["Flying Knee+1"],"picked":"SKIP","floor":39.0},{"not_picked":["Endless Agony+1"],"picked":"SKIP","floor":44.0},{"not_picked":["Quick Slash+1"],"picked":"SKIP","floor":47.0},{"not_picked":[],"picked":"Backflip","floor":48}],"player_experience":952328,"relics_obtained":[{"floor":7.0,"key":"Smiling Mask"},{"floor":9.0,"key":"MawBank"},{"floor":24.0,"key":"Blood Vial"},{"floor":26.0,"key":"White Beast Statue"},{"floor":41.0,"key":"Calipers"},{"floor":43.0,"key":"Ninja Scroll"},{"floor":44.0,"key":"StrikeDummy"},{"floor":48,"key":"Boot"}],"event_choices":[{"damage_healed":0.0,"max_hp_gain":0.0,"max_hp_loss":0.0,"gold_gain":75.0,"event_name":"World of Goop","player_choice":"Gather Gold","floor":2.0,"gold_loss":0.0,"damage_taken":11.0},{"damage_healed":0.0,"max_hp_gain":0.0,"max_hp_loss":0.0,"gold_gain":0.0,"event_name":"Scrap Ooze","player_choice":"Success","floor":4.0,"gold_loss":0.0,"damage_taken":5.0,"relics_obtained":["Lantern"]},{"damage_healed":0.0,"max_hp_gain":5.0,"max_hp_loss":0.0,"gold_gain":0.0,"event_name":"Big Fish","player_choice":"Donut","floor":5.0,"gold_loss":0.0,"damage_taken":0.0},{"damage_healed":0.0,"max_hp_gain":0.0,"max_hp_loss":0.0,"gold_gain":0.0,"event_name":"Ghosts","player_choice":"Ignored","floor":22.0,"gold_loss":0.0,"damage_taken":0.0},{"damage_healed":15.0,"max_hp_gain":0.0,"max_hp_loss":0.0,"gold_gain":0.0,"event_name":"The Library","player_choice":"Heal","floor":29.0,"gold_loss":0.0,"damage_taken":0.0},{"cards_removed":["Die Die Die"],"damage_healed":15.0,"max_hp_gain":10.0,"max_hp_loss":0.0,"gold_gain":0.0,"event_name":"Bonfire Elementals","player_choice":"Offered Rare","floor":38.0,"gold_loss":0.0,"damage_taken":0.0},{"damage_healed":0.0,"max_hp_gain":0.0,"max_hp_loss":0.0,"gold_gain":0.0,"event_name":"MindBloom","player_choice":"Fight","floor":41.0,"gold_loss":0.0,"damage_taken":0.0},{"damage_healed":0.0,"max_hp_gain":0.0,"max_hp_loss":0.0,"gold_gain":0.0,"event_name":"Designer","player_choice":"Upgraded Two","floor":46.0,"gold_loss":50.0,"damage_taken":0.0,"cards_upgraded":["Escape Plan","Tactician"]}],"is_beta":false,"boss_relics":[{"not_picked":["Philosopher\u0027s Stone","WristBlade"],"picked":"Pandora\u0027s Box"},{"not_picked":["Snecko Eye","Black Star"],"picked":"Busted Crown"}],"items_purged_floors":[3,28,37],"is_endless":false,"potions_floor_spawned":[7,16,18,19,21,27,31,33,35,36,39,41,44,47,48],"killed_by":"Time Eater","ascension_level":20}}