{"host":"qw4xe3mt0biolpvp","time":1609019796,"event":{"mods":["AchievementEnabler","Act Like it!","Aspiration","BaseMod","Bestiary","BetterRewards","Colored Map","Colored Powertips","Downfall","Gensokyo","Hallownest","Hermit","Highlight Path","Hubris","Infinite Spire","Jorbs\u0027s Wanderer Trilogy","Lobotomy","Marisa????????","Marked Mod","Minty Spire (QoL Compilation)","Quick Restart","Replay The Spire","StSLib","The Animator","The Bug Knight","The Cursed","The Jungle","The Servant 0.9.4","The Wild Card"],"gold_per_floor":[118,118,118,218,241,63,97,97,121,121,146,170,90,106,106,237,237,262,278,3,16,36,36,36,36,60,60,83,116,116,139,139,159,159,280,280,303,303,324,347,347,347,460,460,460],"floor_reached":44,"playtime":2218,"items_purged":["Pain","Injury","Defend_R"],"score":632,"play_id":"109ff042-571d-492c-864f-96dca44fc9a9","local_time":"20201226185636","is_ascension_mode":false,"campfire_choices":[{"data":"ReplayTheSpireMod:LeadingStrike","floor":10,"key":"SMITH"},{"floor":15,"key":"REST"},{"floor":23,"key":"REST"},{"floor":27,"key":"REST"},{"floor":32,"key":"REST"},{"floor":34,"key":"REST"},{"floor":42,"key":"REST"}],"circlet_count":0,"master_deck":["Strike_R","Strike_R","Strike_R","Strike_R","Strike_R","Defend_R","Defend_R","Defend_R","Bash","hubris:ReadiedAction+1","Thunderclap","Life Link","Combust","Run Through","Perfected Strike","ReplayTheSpireMod:LeadingStrike+1","Seeing Red","theWildCard:Arsene","Run Through","Thunderclap","Inflame","Clash","Limit Break","MilkyWay+1","Inflame+1","Seeing Red","MachineGunSpark","MysteriousBeam","infinitespire:FutureSight","DoubleSpark","Demon Form","Decay","Guardian:TwinSlam","Limit Break","expansioncontent:LastStand","infinitespire:Starlight","Perfected Strike+1","Cleave+1","Limit Break"],"relics":["Burning Blood","ReplayTheSpireMod:CursedCoin","Golden Idol","hubris:Icosahedron","aspiration:ChemicalBlood","PreservedInsect","aspiration:MarisaSkillbook","HandDrill","Smiling Mask","Pen Nib","SlaversCollar","ReplayTheSpireMod:Lightbulb","ReplayTheSpireMod:SealedPack"],"acts_visited":["Exordium","TheCity","TheBeyond"],"potions_floor_usage":[16,29,29,31,33,35,35,37,37,39,43,43],"damage_taken":[{"damage":4,"enemies":"Cultist","floor":1,"turns":3},{"damage":11,"enemies":"Jaw Worm","floor":5,"turns":2},{"damage":29,"enemies":"Gremlin Nob","floor":7,"turns":4},{"damage":6,"enemies":"2 Louse","floor":11,"turns":2},{"damage":15,"enemies":"Exordium Thugs","floor":12,"turns":4},{"damage":13,"enemies":"Red Slaver","floor":14,"turns":2},{"damage":46,"enemies":"Hexaghost","floor":16,"turns":6},{"damage":5,"enemies":"Chosen","floor":18,"turns":3},{"damage":30,"enemies":"2 Thieves","floor":19,"turns":3},{"damage":22,"enemies":"Centurion and Healer","floor":21,"turns":5},{"damage":24,"enemies":"Snecko","floor":22,"turns":4},{"damage":28,"enemies":"Shelled Parasite and Fungi","floor":26,"turns":3},{"damage":33,"enemies":"HollowMod:Nosk","floor":29,"turns":5},{"damage":21,"enemies":"Snake Plant","floor":31,"turns":2},{"damage":0,"enemies":"Snecko","floor":33,"turns":2},{"damage":59,"enemies":"Collector","floor":35,"turns":4},{"damage":68,"enemies":"3 Darklings","floor":37,"turns":5},{"damage":31,"enemies":"3 Shapes","floor":39,"turns":3},{"damage":22,"enemies":"Sphere and 2 Shapes","floor":40,"turns":3},{"damage":25,"enemies":"4 Shapes","floor":43,"turns":4},{"damage":20,"enemies":"3 Darklings","floor":44,"turns":2}],"seed_played":"-6133163399717386503","potions_obtained":[{"floor":5,"key":"Elixir"},{"floor":12,"key":"champ:CounterPotion"},{"floor":14,"key":"Energy Potion"},{"floor":16,"key":"FearPotion"},{"floor":22,"key":"FairyPotion"},{"floor":29,"key":"LiquidMemories"},{"floor":35,"key":"Block Potion"},{"floor":35,"key":"FearPotion"},{"floor":37,"key":"Block Potion"},{"floor":39,"key":"sneckomod:MuddlingPotion"},{"floor":40,"key":"Energy Potion"},{"floor":43,"key":"Explosive Potion"}],"is_trial":false,"path_per_floor":["M","?","?","?","M","$","E","?","T","R","M","M","$","M","R","B",null,"M","M","$","M","M","R","PTL","PTL","M","R","T","E","AVR","M","R","M","R","B",null,"M","$","M","M","?","R","M","M"],"character_chosen":"IRONCLAD","items_purchased":["hubris:ReadiedAction+1","Thunderclap","ReplayTheSpireMod:CursedCoin","Life Link","ReplayTheSpireMod:LeadingStrike","Inflame","HandDrill"],"campfire_rested":6,"item_purchase_floors":[0,0,0,0,6,13,20],"current_hp_per_floor":[80,80,80,80,75,75,52,52,52,52,52,43,43,36,60,20,80,80,56,56,40,22,46,46,46,24,48,48,37,37,22,46,52,76,23,80,28,28,30,14,14,38,19,0,0],"gold":460,"neow_bonus":"","is_daily":false,"chose_seed":false,"campfire_upgraded":1,"win_rate":0.0,"timestamp":1609019796,"path_taken":["M","?","?","?","?","$","E","?","T","R","M","M","$","M","R","BOSS","M","M","$","M","M","R","PTL","PTL","M","R","T","E","AVR","M","R","M","R","BOSS","M","$","M","M","?","R","M","M"],"items_purchased_type":["Card","Card","Relic","Card","Card","Card","Relic"],"build_version":"2020-12-22","purchased_purges":3,"victory":false,"max_hp_per_floor":[80,80,80,80,80,80,80,80,80,80,80,80,80,80,80,80,80,80,80,80,80,80,80,80,80,80,80,80,80,80,80,80,80,80,80,80,80,80,80,80,80,80,80,80,80],"card_choices":[{"not_picked":["Twin Strike","Dual Wield"],"picked":"Run Through","floor":1},{"not_picked":["Warcry","Ghostly Armor"],"picked":"Perfected Strike","floor":5},{"not_picked":["Perfected Strike","Clash"],"picked":"Seeing Red","floor":7},{"not_picked":["Flex","Pommel Strike"],"picked":"Run Through","floor":11},{"not_picked":["Searing Blow","Life Link"],"picked":"Thunderclap","floor":12},{"not_picked":["Armaments","Shrug It Off"],"picked":"Clash","floor":14},{"not_picked":["Brutality","Immolate"],"picked":"Limit Break","floor":16},{"not_picked":["Hemokinesis+1","BlazeAway+1","hubris:SharpeningStone"],"picked":"MilkyWay+1","floor":18},{"not_picked":["AsteroidBelt","Run Through","Robbery","6A+1"],"picked":"SKIP","floor":19},{"not_picked":["GravityBeat","StarBarrage","Seeing Red"],"picked":"Inflame+1","floor":21},{"not_picked":["Infernal Blade","Fire Breathing+1","Reckless Charge+1"],"picked":"Seeing Red","floor":22},{"not_picked":["ChargingUp+1","hubris:ReadiedAction","Clash+1"],"picked":"MachineGunSpark","floor":26},{"not_picked":["MachineGunSpark","Life Link","MilkyWay"],"picked":"MysteriousBeam","floor":29},{"not_picked":["IllusionStar","WitchOfGreed","Reckless Charge"],"picked":"DoubleSpark","floor":31},{"not_picked":["Combust","Clothesline+1","Clash+1","ReplayTheSpireMod:Muscle Training"],"picked":"SKIP","floor":33},{"not_picked":["hubris:StunningStrike","Juggernaut","Barricade"],"picked":"Demon Form","floor":35},{"not_picked":["hexamod:Sear","Guardian:CurlUp","TheCursedMod:CleanUpWorkshop"],"picked":"Guardian:TwinSlam","floor":36},{"not_picked":["Impervious","SatelliteIllusion","Bludgeon"],"picked":"Limit Break","floor":36},{"not_picked":["expansioncontent:SlimeTackle","Replay:SS_fish_3","Replay:Sssssssssstrike"],"picked":"expansioncontent:LastStand","floor":36},{"not_picked":["infinitespire:Oblivion","infinitespire:UltimateForm","ReplayTheSpireMod:Haul"],"picked":"infinitespire:Starlight","floor":36},{"not_picked":["Singularity+1","SporeBomb+1","StarlightTyphoon+1"],"picked":"Perfected Strike+1","floor":37},{"not_picked":["OrrerysSun","Combust+1","Run Through","Entrench+1"],"picked":"SKIP","floor":39},{"not_picked":["Feed","Body Slam","FairyDestructionRay"],"picked":"Cleave+1","floor":40},{"not_picked":["Twin Strike+1","Body Slam+1","True Grit+1"],"picked":"Limit Break","floor":43}],"player_experience":36269,"relics_obtained":[{"floor":7,"key":"aspiration:ChemicalBlood"},{"floor":9,"key":"PreservedInsect"},{"floor":28,"key":"Smiling Mask"},{"floor":29,"key":"Pen Nib"}],"event_choices":[{"damage_healed":0,"gold_gain":0,"player_choice":"Take Wound","damage_taken":0,"relics_obtained":["Golden Idol"],"max_hp_gain":0,"max_hp_loss":0,"event_name":"Golden Idol","floor":2,"gold_loss":0,"cards_obtained":["Injury"]},{"damage_healed":0,"gold_gain":100,"player_choice":"Pray","damage_taken":0,"max_hp_gain":0,"max_hp_loss":0,"event_name":"Golden Shrine","floor":4,"gold_loss":0}],"is_beta":false,"boss_relics":[{"not_picked":["ReplayTheSpireMod:DimensionalGlitch","Black Star"],"picked":"aspiration:MarisaSkillbook"},{"not_picked":["Fusion Hammer","Ooze Armor"],"picked":"ReplayTheSpireMod:SealedPack"}],"items_purged_floors":[0,6,20],"is_endless":false,"potions_floor_spawned":[5,12,14,18,22,26,35,39,40],"killed_by":"3 Darklings","ascension_level":0}}