{"host":"7nu0fnckee4tlfez","time":1609011622,"event":{"mods":["2.2 Compatiblity","AchievementEnabler","BaseMod","Colored Map","Lobotomy","LobotomyExtend","Marisa£¨Ùöéë¡¡Øª×âÞÞ£©","Minty Spire (QoL Compilation)","SuperFastMode"],"gold_per_floor":[113,62,73,73,73,107,107,107,107,107,32,32,42,71,71,71,71],"floor_reached":16,"playtime":493,"items_purged":["Strike_G"],"score":106,"play_id":"aa9e520c-796e-4d28-be21-8210bd160acc","local_time":"20201227044022","is_ascension_mode":false,"campfire_choices":[{"data":"Neutralize","floor":10,"key":"SMITH"},{"floor":12,"key":"REST"},{"data":"Blade Dance","floor":15,"key":"SMITH"}],"circlet_count":0,"master_deck":["Strike_G","Strike_G+1","Strike_G","Strike_G","Defend_G","Defend_G","Defend_G","Defend_G+1","Defend_G","Survivor","Neutralize+1","Scarecrow","Blade Dance+1","Blade Dance","LittlePrince","Blade Dance","Wellcheers","Dagger Spray","CrumblingArmor","QueenOfHatred","Reflex"],"relics":["Ring of the Snake","CogitoBucket","LetterFromLob","Anchor","Pantograph","Ornamental Fan","Oddly Smooth Stone"],"acts_visited":["Exordium"],"potions_floor_usage":[16],"damage_taken":[{"damage":9.0,"enemies":"Cultist","floor":1.0,"turns":4.0},{"damage":1.0,"enemies":"Jaw Worm","floor":3.0,"turns":3.0},{"damage":36,"enemies":"3 Sentries","floor":6,"turns":9},{"damage":0,"enemies":"2 Louse","floor":13,"turns":1},{"damage":43,"enemies":"Gremlin Nob","floor":14,"turns":6},{"damage":70,"enemies":"Slime Boss","floor":16,"turns":8}],"seed_played":"-8331367762948399296","potions_obtained":[{"floor":3.0,"key":"Energy Potion"},{"floor":14,"key":"LiquidMemories"}],"is_trial":false,"path_per_floor":["M","$","M","?","?","E","?","?","T","R","$","R","M","E","R","B"],"character_chosen":"THE_SILENT","items_purchased":["Blade Dance"],"campfire_rested":1,"item_purchase_floors":[2],"current_hp_per_floor":[61,61,60,46,54,18,41,34,34,34,34,55,55,15,15,0,0],"gold":71,"neow_bonus":"","is_daily":false,"chose_seed":false,"campfire_upgraded":2,"win_rate":0.0,"timestamp":1609011622,"path_taken":["M","$","?","?","?","E","?","?","T","R","$","R","M","E","R","BOSS"],"items_purchased_type":["Card"],"build_version":"2020-12-22","purchased_purges":1,"victory":false,"max_hp_per_floor":[70,70,70,70,70,70,70,70,70,70,70,70,70,70,70,70,70],"card_choices":[{"not_picked":["Rudolta","Yin"],"picked":"Scarecrow","floor":1.0},{"not_picked":["Backflip","After Image"],"picked":"Blade Dance","floor":1.0},{"not_picked":["BeautyBeast","Scorched"],"picked":"LittlePrince","floor":3.0},{"not_picked":["Backflip","Predator"],"picked":"Blade Dance","floor":3.0},{"not_picked":["MeatLantern","Murderer"],"picked":"Wellcheers","floor":6},{"not_picked":["Infinite Blades","Distraction"],"picked":"Dagger Spray","floor":6},{"not_picked":["GreedKing","SpiderBud"],"picked":"CrumblingArmor","floor":13},{"not_picked":["Distraction","Deflect","Dodge and Roll"],"picked":"SKIP","floor":13},{"not_picked":["RedShoes","Murderer"],"picked":"QueenOfHatred","floor":14},{"not_picked":["Blade Dance","Tools of the Trade"],"picked":"Reflex","floor":14}],"player_experience":38350,"relics_obtained":[{"floor":1.0,"key":"LetterFromLob"},{"floor":6,"key":"Anchor"},{"floor":9,"key":"Ornamental Fan"},{"floor":14,"key":"Oddly Smooth Stone"}],"event_choices":[{"damage_healed":0.0,"max_hp_gain":0.0,"max_hp_loss":0.0,"gold_gain":0.0,"event_name":"Shining Light","player_choice":"Entered Light","floor":4.0,"gold_loss":0.0,"damage_taken":14.0,"cards_upgraded":["Strike_G","Defend_G"]},{"damage_healed":23,"gold_gain":0,"player_choice":"Banana","damage_taken":0,"max_hp_gain":0,"max_hp_loss":0,"event_name":"Big Fish","floor":7,"gold_loss":0},{"damage_healed":0,"gold_gain":0,"player_choice":"Success","damage_taken":7,"relics_obtained":["Pantograph"],"max_hp_gain":0,"max_hp_loss":0,"event_name":"Scrap Ooze","floor":8,"gold_loss":0}],"is_beta":false,"boss_relics":[],"items_purged_floors":[11],"is_endless":false,"potions_floor_spawned":[3,14],"killed_by":"Slime Boss","ascension_level":0}}