{"host":"fevvm7bbzuh4s1jc","time":1609009731,"event":{"mods":["BaseMod","Highlight Path","Minty Spire (QoL Compilation)","Relic Stats"],"gold_per_floor":[116,127,143,143,162,195,195,13,39,39,39,80,80,100,100,187,187,210,125,7,25,41,80,125,167,167,167,167,167],"floor_reached":28,"playtime":2482,"items_purged":["Strike_P"],"score":607,"play_id":"1203704f-47b2-493a-ac12-c701e149cc77","local_time":"20201226140851","is_ascension_mode":true,"campfire_choices":[{"data":"LikeWater","floor":7,"key":"SMITH"},{"data":"CrushJoints","floor":10,"key":"SMITH"},{"data":"Conclude","floor":13,"key":"SMITH"},{"data":"Collect","floor":15,"key":"SMITH"},{"floor":27,"key":"REST"}],"circlet_count":0,"master_deck":["AscendersBane","Defend_P","Defend_P+1","Defend_P+1","Defend_P","Eruption","Vigilance","CrushJoints+1","Conclude+1","ClearTheMind","LikeWater+1","Collect+1","Protect","Meditate","Consecrate","LessonLearned","EmptyMind+1","ThirdEye","Bite","Bite","Bite","Bite","Bite","Scrawl"],"relics":["PureWater","Ice Cream","Toolbox","Bag of Preparation","CeramicFish","Philosopher\u0027s Stone","MawBank","Question Card","Toy Ornithopter"],"acts_visited":["Exordium","TheCity"],"potions_floor_usage":[6,11,12,18,18,18,23,25,28],"damage_taken":[{"damage":1.0,"enemies":"2 Louse","floor":1.0,"turns":3.0},{"damage":0.0,"enemies":"Cultist","floor":2.0,"turns":2.0},{"damage":9.0,"enemies":"Jaw Worm","floor":3.0,"turns":3.0},{"damage":7.0,"enemies":"Looter","floor":5.0,"turns":5.0},{"damage":10,"enemies":"3 Sentries","floor":6,"turns":5},{"damage":15,"enemies":"Gremlin Nob","floor":12,"turns":5},{"damage":0,"enemies":"2 Fungi Beasts","floor":14,"turns":3},{"damage":10,"enemies":"Slime Boss","floor":16,"turns":12},{"damage":11,"enemies":"2 Thieves","floor":18,"turns":5},{"damage":0,"enemies":"Shell Parasite","floor":21,"turns":8},{"damage":19,"enemies":"Shelled Parasite and Fungi","floor":22,"turns":9},{"damage":0,"enemies":"Slavers","floor":23,"turns":1},{"damage":43,"enemies":"Gremlin Leader","floor":25,"turns":8},{"damage":50,"enemies":"Slavers","floor":28,"turns":3}],"seed_played":"-7002640512901287323","potions_obtained":[{"floor":1.0,"key":"Ancient Potion"},{"floor":2.0,"key":"BlessingOfTheForge"},{"floor":11,"key":"Fruit Juice"},{"floor":11,"key":"LiquidBronze"},{"floor":12,"key":"EntropicBrew"},{"floor":21,"key":"ColorlessPotion"},{"floor":25,"key":"EssenceOfSteel"}],"is_trial":false,"path_per_floor":["M","M","M","?","M","E","R","$","T","R","?","E","R","M","R","B",null,"M","?","$","M","M","E","?","E","T","R","E"],"character_chosen":"WATCHER","items_purchased":["Protect","Toolbox","ColorlessPotion"],"campfire_rested":1,"item_purchase_floors":[8,8,20],"current_hp_per_floor":[60,60,51,56,49,39,39,39,39,39,44,31,31,33,33,25,60,51,51,51,53,36,38,38,19,19,40,0,0],"gold":167,"neow_bonus":"ONE_RARE_RELIC","is_daily":false,"chose_seed":false,"campfire_upgraded":4,"win_rate":0.0,"timestamp":1609009731,"path_taken":["M","M","M","?","M","E","R","$","T","R","?","E","R","M","R","BOSS","M","?","$","M","M","E","?","E","T","R","E"],"items_purchased_type":["Card","Relic","Potion"],"build_version":"2020-12-22","purchased_purges":1,"victory":false,"max_hp_per_floor":[62,62,62,67,67,67,67,67,67,67,72,72,72,72,72,72,72,72,72,72,72,72,72,72,72,72,72,72,72],"relic_stats":{"counters":[14,72],"CeramicFish":99,"Bag of Preparation":[18],"MawBank":12,"Question Card":1,"obtain_stats":[{"Ice Cream":0,"Blood Vial":6,"CeramicFish":12,"Toolbox":8,"Philosopher\u0027s Stone":17,"Bag of Preparation":9,"PureWater":0,"MawBank":19,"Question Card":23,"Toy Ornithopter":25},{"Ice Cream":0,"Blood Vial":5,"CeramicFish":6,"Toolbox":5,"Philosopher\u0027s Stone":8,"Bag of Preparation":5,"PureWater":0,"MawBank":9,"Question Card":12,"Toy Ornithopter":13},{"Ice Cream":0,"Blood Vial":18,"CeramicFish":23,"Toolbox":18,"Philosopher\u0027s Stone":38,"Bag of Preparation":18,"PureWater":0,"MawBank":43,"Question Card":61,"Toy Ornithopter":69}],"Toy Ornithopter":5},"card_choices":[{"not_picked":["Perseverance","Adaptation"],"picked":"CrushJoints","floor":1.0},{"not_picked":["EmptyBody","Swivel"],"picked":"Conclude","floor":2.0},{"not_picked":["Vengeance","CutThroughFate"],"picked":"ClearTheMind","floor":3.0},{"not_picked":["Halt","CrushJoints"],"picked":"LikeWater","floor":5.0},{"not_picked":["EmptyMind","ClearTheMind"],"picked":"Collect","floor":6},{"not_picked":["Protect","Perseverance"],"picked":"Meditate","floor":12},{"not_picked":["Evaluate","ClearTheMind"],"picked":"Consecrate","floor":14},{"not_picked":["Judgement","Alpha"],"picked":"LessonLearned","floor":16},{"not_picked":["Adaptation","Meditate"],"picked":"EmptyMind+1","floor":18},{"not_picked":["JustLucky","WreathOfFlame","Prostrate"],"picked":"SKIP","floor":21},{"not_picked":["Halt","Swivel","EmptyFist"],"picked":"SKIP","floor":22},{"not_picked":["Wireheading","Meditate"],"picked":"ThirdEye","floor":23},{"not_picked":["EmptyFist","Halt+1","FollowUp"],"picked":"Scrawl","floor":25}],"player_experience":2583959,"relics_obtained":[{"floor":6,"key":"Blood Vial"},{"floor":9,"key":"Bag of Preparation"},{"floor":12,"key":"CeramicFish"},{"floor":23,"key":"Question Card"},{"floor":25,"key":"Toy Ornithopter"}],"event_choices":[{"damage_healed":0.0,"max_hp_gain":5.0,"max_hp_loss":0.0,"gold_gain":0.0,"event_name":"Big Fish","player_choice":"Donut","floor":4.0,"gold_loss":0.0,"damage_taken":0.0},{"damage_healed":0,"gold_gain":0,"player_choice":"Got Potions","damage_taken":0,"max_hp_gain":0,"max_hp_loss":0,"event_name":"Lab","floor":11,"gold_loss":0},{"damage_healed":0,"gold_gain":0,"player_choice":"Obtained Relic","damage_taken":0,"relics_obtained":["MawBank"],"max_hp_gain":0,"max_hp_loss":0,"event_name":"Addict","floor":19,"gold_loss":85},{"damage_healed":0,"gold_gain":0,"player_choice":"Became a vampire (Vial)","damage_taken":0,"max_hp_gain":0,"max_hp_loss":0,"event_name":"Vampires","floor":24,"relics_lost":["Blood Vial"],"gold_loss":0,"cards_obtained":["Bite","Bite","Bite","Bite","Bite"]}],"is_beta":false,"boss_relics":[{"not_picked":["Coffee Dripper","SacredBark"],"picked":"Philosopher\u0027s Stone"}],"items_purged_floors":[20],"is_endless":false,"potions_floor_spawned":[1,2,5,12,21,22,25],"killed_by":"Slavers","ascension_level":20}}