{"host":"a3oe3gstxz77c7qu","time":1609006742,"event":{"mods":["2.2 Compatiblity","Act Like it!","BaseMod","Bestiary","Better Altar","Better Match","Better Note","Better Skull","Better Third Choice","Block Reminder","Curses Come First","Custom Start","Friendly Minions","GifTheSpireLib","Infinite Spire","Lobotomy","LobotomyExtend","Minty Spire (QoL Compilation)","Permanent Neow","Quick Restart","Relic Stats","Replay The Spire","StSLib","The Marked","Uncapped","Wandering Minibosses"],"gold_per_floor":[115,40,51,70,70,98,112,126,151,151,170,183,201,213,213,314,414,430,415,415],"floor_reached":19,"playtime":1629,"items_purged":[],"score":200,"play_id":"5946bd74-0ada-40b6-b5ae-a71fcf3102a1","local_time":"20201226181902","is_ascension_mode":false,"campfire_choices":[{"data":"theMarked:EnhancedHearing","floor":10.0,"key":"SMITH"},{"floor":15.0,"key":"REST"}],"circlet_count":0,"master_deck":["theMarked:Strike","theMarked:Strike","theMarked:Strike+1","theMarked:Strike","theMarked:Strike+1","theMarked:Defend","theMarked:Defend","theMarked:Defend","theMarked:Defend","theMarked:SoldierOfQuellstein","theMarked:RepellingDischarge","Deep Breath","theMarked:EnhancedHearing+1","theMarked:Parkour","theMarked:SuspiciousRaven","theMarked:SwordAndMagic","theMarked:Static","theMarked:ChainLightning","FairyFestival","PunishingBird","theMarked:ComboAttacks","theMarked:TunnelVision","GreedKing","theMarked:WastefulDefense","theMarked:Challenge","theMarked:MysticalArsenal"],"relics":["theMarked:ArtifactOfAir","CogitoBucket","RabbitCall","LetterFromLob","Bag of Preparation","Boot","SkinProphecy","Whetstone","Replay:Wanted Poster","Theresia"],"acts_visited":["Exordium","TheCity"],"potions_floor_usage":[18,18,18,18,18,19],"damage_taken":[{"damage":0.0,"enemies":"Jaw Worm","floor":1.0,"turns":5.0},{"damage":0.0,"enemies":"Cultist","floor":3.0,"turns":4.0},{"damage":0.0,"enemies":"2 Louse","floor":4.0,"turns":2.0},{"damage":17.0,"enemies":"3 Sentries","floor":6.0,"turns":7.0},{"damage":1.0,"enemies":"Red Slaver","floor":7.0,"turns":4.0},{"damage":18.0,"enemies":"3 Louse","floor":8.0,"turns":9.0},{"damage":3.0,"enemies":"2 Fungi Beasts","floor":11.0,"turns":5.0},{"damage":10.0,"enemies":"Red Slaver","floor":12.0,"turns":4.0},{"damage":36.0,"enemies":"Exordium Thugs","floor":13.0,"turns":5.0},{"damage":1.0,"enemies":"Looter","floor":14.0,"turns":3.0},{"damage":46.0,"enemies":"The Guardian","floor":16.0,"turns":11.0},{"damage":88,"enemies":"Shell Parasite","floor":18,"turns":8},{"damage":5,"enemies":"2 Thieves","floor":19,"turns":1}],"seed_played":"4219874242406282847","potions_obtained":[{"floor":3.0,"key":"Venom Potion"},{"floor":6.0,"key":"Venom Potion"},{"floor":8.0,"key":"Explosive Potion"},{"floor":12.0,"key":"Regen Potion"},{"floor":16.0,"key":"EntropicBrew"},{"floor":18,"key":"Explosive Potion"}],"is_trial":false,"path_per_floor":["M","?","M","M","?","E","M","M","T","R","M","M","M","M","R","B",null,"M","M"],"character_chosen":"THE_DEFAULT","items_purchased":[],"campfire_rested":1,"item_purchase_floors":[],"current_hp_per_floor":[70,70,70,70,70,53,52,46,46,46,47,36,18,18,41,14,80,6,0,0],"gold":415,"neow_bonus":"","is_daily":false,"chose_seed":false,"campfire_upgraded":1,"win_rate":0.0,"timestamp":1609006742,"path_taken":["M","?","M","M","?","E","?","M","T","R","M","M","M","M","R","BOSS","M","M"],"items_purchased_type":[],"build_version":"2020-12-22","purchased_purges":0,"victory":false,"max_hp_per_floor":[70,70,70,70,70,70,70,70,70,70,72,74,76,78,78,80,80,84,86,86],"relic_stats":{"counters":[15,70],"Bag of Preparation":[20],"Whetstone":["theMarked:Strike","theMarked:Strike"],"Boot":[37],"obtain_stats":[{"Replay:Wanted Poster":17,"theMarked:ArtifactOfAir":0,"RabbitCall":0,"CogitoBucket":0,"LetterFromLob":1,"Bag of Preparation":5,"Whetstone":9,"SkinProphecy":8,"Boot":6,"Theresia":18},{"Replay:Wanted Poster":12,"theMarked:ArtifactOfAir":0,"RabbitCall":0,"CogitoBucket":0,"LetterFromLob":1,"Bag of Preparation":3,"Whetstone":7,"SkinProphecy":7,"Boot":4,"Theresia":14},{"Replay:Wanted Poster":60,"theMarked:ArtifactOfAir":0,"RabbitCall":0,"CogitoBucket":0,"LetterFromLob":5,"Bag of Preparation":11,"Whetstone":32,"SkinProphecy":32,"Boot":18,"Theresia":69}]},"card_choices":[{"not_picked":["theMarked:Electrocute","theMarked:Generate"],"picked":"theMarked:RepellingDischarge","floor":1.0},{"not_picked":["WallGazer","SpiderBud","Murderer"],"picked":"Singing Bowl","floor":1.0},{"not_picked":["Swift Strike","Survey Options"],"picked":"Deep Breath","floor":2.0},{"not_picked":["theMarked:StartUp","theMarked:TunnelVision"],"picked":"theMarked:EnhancedHearing","floor":2.0},{"not_picked":["theMarked:BanishingStrike","theMarked:RepellingDischarge"],"picked":"theMarked:Parkour","floor":2.0},{"not_picked":["theMarked:Electrocute","theMarked:Improvise"],"picked":"theMarked:SuspiciousRaven","floor":3.0},{"not_picked":["FieryBird","SpiderBud","ShyLook"],"picked":"Singing Bowl","floor":3.0},{"not_picked":["theMarked:Electrocute","theMarked:Frustration"],"picked":"theMarked:SwordAndMagic","floor":4.0},{"not_picked":["CrumblingArmor","LittleHelper","Bloodbath"],"picked":"Singing Bowl","floor":4.0},{"not_picked":["theMarked:Frustration","theMarked:SwordAndMagic"],"picked":"theMarked:Static","floor":6.0},{"not_picked":["LaLuna","SpiderBud","DespairKnight"],"picked":"Singing Bowl","floor":6.0},{"not_picked":["theMarked:ResourceFulStrike","theMarked:MysticalArsenal"],"picked":"theMarked:ChainLightning","floor":7.0},{"not_picked":["BigBadWolf","OldLady"],"picked":"FairyFestival","floor":7.0},{"not_picked":["Murderer","DreamingCurrent"],"picked":"PunishingBird","floor":8.0},{"not_picked":["theMarked:Frustration","theMarked:Opportunist","theMarked:BanishingStrike"],"picked":"SKIP","floor":8.0},{"not_picked":["theMarked:Frustration","theMarked:Opportunist","theMarked:BanishingStrike"],"picked":"SKIP","floor":8.0},{"not_picked":["theMarked:DeterminationOfTheMarked","theMarked:GodGivenPower"],"picked":"theMarked:ComboAttacks","floor":11.0},{"not_picked":["Bloodbath","BeautyBeast","NakedNest"],"picked":"Singing Bowl","floor":11.0},{"not_picked":["ShyLook","QueenBee","VoidDream"],"picked":"Singing Bowl","floor":12.0},{"not_picked":["theMarked:ComboAttacks","theMarked:ContemptForTheProud","theMarked:HeightenedSenses"],"picked":"SKIP","floor":12.0},{"not_picked":["theMarked:TwofoldDefense","theMarked:Opportunist"],"picked":"theMarked:TunnelVision","floor":13.0},{"not_picked":["CrumblingArmor","HeroicMonk"],"picked":"GreedKing","floor":13.0},{"not_picked":["Murderer","BlackSwan","BeautyBeast"],"picked":"Singing Bowl","floor":14.0},{"not_picked":["theMarked:UnarmedFury","theMarked:KeepCalmAndFightOn"],"picked":"theMarked:WastefulDefense","floor":14.0},{"not_picked":["theMarked:ThrowWeapon","theMarked:BindingBlade"],"picked":"theMarked:Challenge","floor":16.0},{"not_picked":["Yin","Rudolta","MHz"],"picked":"Singing Bowl","floor":16.0},{"not_picked":["theMarked:MaelstromOfLightning","theMarked:WastefulAttack"],"picked":"theMarked:MysticalArsenal","floor":18},{"not_picked":["DespairKnight","SpiderBud","OSAHOGD"],"picked":"Singing Bowl","floor":18}],"player_experience":679400,"relics_obtained":[{"floor":1.0,"key":"LetterFromLob"},{"floor":5.0,"key":"Bag of Preparation"},{"floor":6.0,"key":"Boot"},{"floor":9.0,"key":"Whetstone"}],"event_choices":[{"damage_healed":0.0,"max_hp_gain":0.0,"max_hp_loss":0.0,"gold_gain":0.0,"event_name":"betterMatch:BetterMatch","player_choice":"1","floor":2.0,"gold_loss":0.0,"damage_taken":0.0,"cards_obtained":["betterMatch:CommonCard","betterMatch:ColorlessUncommonCard","betterMatch:UncommonCard"]},{"damage_healed":0.0,"max_hp_gain":0.0,"max_hp_loss":0.0,"gold_gain":0.0,"event_name":"Wheel of Change","player_choice":"Relic","floor":5.0,"gold_loss":0.0,"damage_taken":0.0}],"is_beta":false,"boss_relics":[{"not_picked":["Replay:Ancient Bell","Empty Cage"],"picked":"Replay:Wanted Poster"}],"items_purged_floors":[],"is_endless":false,"potions_floor_spawned":[3,6,8,12,16,18],"killed_by":"2 Thieves","ascension_level":0}}