{"host":"vp2frn5hc2y9r85i","time":1609022032,"event":{"mods":["2.2 Compatiblity","AchievementEnabler","BaseMod","Colored Map","DeckTracker","Highlight Path","Minty Spire (QoL Compilation)","Random Character Button","Rare Cards Sparkle","StSLib","The Sage","Transform Curses"],"gold_per_floor":[17,28,128,6,18,18,43,43,43,72,72,37,48,58,58,159,159,177,191,191,205,305,305,324,24,24,24,36,36,136,156,156,259,259,273,283,301,301,23,40,40,57,57,57,57,57,57,4,4,4],"floor_reached":51,"playtime":2987,"items_purged":[],"score":672,"play_id":"5c072a18-e68d-4ee2-9484-18014ef1384d","local_time":"20201226233352","is_ascension_mode":false,"campfire_choices":[{"data":"Armaments","floor":6,"key":"SMITH"},{"floor":8,"key":"REST"},{"data":"Bash","floor":11,"key":"SMITH"},{"data":"Seeing Red","floor":15,"key":"SMITH"},{"floor":23,"key":"REST"},{"data":"Feed","floor":27,"key":"SMITH"},{"data":"Feed","floor":29,"key":"SMITH"},{"floor":32,"key":"DIG"},{"floor":45,"key":"REST"},{"data":"Reaper","floor":47,"key":"SMITH"},{"floor":49,"key":"DIG"}],"circlet_count":0,"master_deck":["Strike_R+1","Strike_R+1","Strike_R+1","Strike_R+1","Defend_R+1","Defend_R+1","Defend_R+1","Defend_R+1","Bash+1","Inflame","Carnage","Trip","Warcry","Armaments+1","Clothesline","Demon Form","Flex","Seeing Red+1","Feed+1","Anger+1","Carnage+1","Shrug It Off","Feed+1","Heavy Blade","Infernal Blade","Reaper","CurseOfTheBell","Anger","Intimidate","Uppercut","Bandage Up+1","Metallicize+1","Reaper+1","Flex"],"relics":["Burning Blood","CaptainsWheel","Self Forming Clay","Toy Ornithopter","Odd Mushroom","sagemod:Falmels_Amulet","MealTicket","sagemod:Singing_Vial","Shovel","Question Card","Potion Belt","Calling Bell","Nunchaku","Frozen Egg 2","Torii","Oddly Smooth Stone","Eternal Feather","Whetstone"],"acts_visited":["Exordium","TheCity","TheBeyond"],"potions_floor_usage":[10,18,24,30,33,40,50,50,50],"damage_taken":[{"damage":3,"enemies":"2 Louse","floor":1,"turns":4},{"damage":6,"enemies":"Cultist","floor":2,"turns":4},{"damage":11,"enemies":"Jaw Worm","floor":5,"turns":2},{"damage":41,"enemies":"Gremlin Nob","floor":7,"turns":5},{"damage":16,"enemies":"The Mushroom Lair","floor":10,"turns":6},{"damage":8,"enemies":"3 Louse","floor":13,"turns":6},{"damage":11,"enemies":"2 Fungi Beasts","floor":14,"turns":3},{"damage":35,"enemies":"Hexaghost","floor":16,"turns":9},{"damage":20,"enemies":"3 Byrds","floor":18,"turns":8},{"damage":25,"enemies":"2 Thieves","floor":19,"turns":5},{"damage":12,"enemies":"3 Cultists","floor":21,"turns":7},{"damage":16,"enemies":"Centurion and Healer","floor":24,"turns":4},{"damage":9,"enemies":"Snake Plant","floor":28,"turns":3},{"damage":13,"enemies":"Colosseum Slavers","floor":30,"turns":3},{"damage":6,"enemies":"Colosseum Nobs","floor":30,"turns":5},{"damage":13,"enemies":"Shelled Parasite and Fungi","floor":31,"turns":5},{"damage":70,"enemies":"Collector","floor":33,"turns":6},{"damage":35,"enemies":"3 Darklings","floor":35,"turns":6},{"damage":21,"enemies":"3 Shapes","floor":36,"turns":8},{"damage":28,"enemies":"Maw","floor":37,"turns":7},{"damage":65,"enemies":"3 Darklings","floor":40,"turns":9},{"damage":39,"enemies":"Sphere and 2 Shapes","floor":42,"turns":7},{"damage":63,"enemies":"Time Eater","floor":50,"turns":12}],"seed_played":"-2050142559433688835","potions_obtained":[{"floor":7,"key":"DuplicationPotion"},{"floor":14,"key":"LiquidBronze"},{"floor":16,"key":"Explosive Potion"},{"floor":18,"key":"Ancient Potion"},{"floor":19,"key":"Fire Potion"},{"floor":31,"key":"Ancient Potion"},{"floor":35,"key":"SpeedPotion"},{"floor":36,"key":"BlessingOfTheForge"},{"floor":42,"key":"SneckoOil"}],"is_trial":false,"path_per_floor":["M","M","?","$","M","R","E","R","T","?","R","?","M","M","R","B",null,"M","M","?","M","?","R","M","$","T","R","M","R","?","M","R","B",null,"M","M","M","?","$","M","?","M","T","?","R","$","R","$","R","B",null],"character_chosen":"IRONCLAD","items_purchased":["Trip","Warcry","Feed","MealTicket","Oddly Smooth Stone","Uppercut","Bandage Up","Flex"],"campfire_rested":3,"item_purchase_floors":[4,4,25,25,39,39,39,48],"current_hp_per_floor":[80,80,80,80,75,75,40,64,64,59,59,79,77,72,72,43,80,71,55,55,49,49,73,71,71,71,71,68,68,74,67,67,8,94,71,60,44,44,59,27,27,16,16,16,64,79,97,102,102,59],"gold":4,"neow_bonus":"ONE_RARE_RELIC","is_daily":false,"chose_seed":false,"campfire_upgraded":6,"win_rate":0.0,"timestamp":1609022032,"path_taken":["M","M","?","$","?","R","E","R","T","?","R","?","M","M","R","BOSS","M","M","?","M","?","R","M","$","T","R","?","R","?","M","R","BOSS","M","M","M","?","?","M","?","?","T","?","R","$","R","?","R","BOSS"],"items_purchased_type":["Card","Card","Card","Relic","Relic","Card","Card","Card"],"build_version":"2020-12-22","purchased_purges":0,"victory":true,"max_hp_per_floor":[80,80,80,80,80,80,80,80,80,80,80,80,80,80,80,80,80,80,83,83,83,83,83,86,86,86,86,86,86,94,94,94,94,94,94,98,98,98,98,98,98,102,102,102,102,102,102,102,102,102],"card_choices":[{"not_picked":["Headbutt","Hemokinesis"],"picked":"Inflame","floor":1},{"not_picked":["Intimidate","Shrug It Off"],"picked":"Carnage","floor":2},{"not_picked":["Thunderclap","Blood for Blood"],"picked":"Armaments","floor":5},{"not_picked":["Bloodletting","Body Slam"],"picked":"Clothesline","floor":7},{"not_picked":["Twin Strike","Thunderclap"],"picked":"Demon Form","floor":10},{"not_picked":["Perfected Strike","Sever Soul"],"picked":"Flex","floor":13},{"not_picked":["Headbutt","Anger"],"picked":"Seeing Red","floor":14},{"not_picked":["Double Tap","Juggernaut"],"picked":"Feed","floor":16},{"not_picked":["Shrug It Off","Rampage"],"picked":"Anger","floor":18},{"not_picked":["Burning Pact","Body Slam+1"],"picked":"Carnage","floor":19},{"not_picked":["Body Slam","Clothesline","Twin Strike"],"picked":"SKIP","floor":21},{"not_picked":["Twin Strike+1","Perfected Strike"],"picked":"Shrug It Off","floor":24},{"not_picked":["Dark Embrace","Cleave"],"picked":"Heavy Blade","floor":28},{"not_picked":["Iron Wave","Heavy Blade+1","Spot Weakness"],"picked":"Singing Bowl","floor":30},{"not_picked":["Sever Soul","Body Slam","Impervious"],"picked":"Infernal Blade","floor":31},{"not_picked":["Corruption","Brutality","Bludgeon"],"picked":"Reaper","floor":33},{"not_picked":["Cleave","Reckless Charge","Battle Trance+1"],"picked":"Anger","floor":35},{"not_picked":["Iron Wave+1","Flex+1","Clothesline"],"picked":"Intimidate","floor":36},{"not_picked":["Seeing Red","Twin Strike","Perfected Strike","Sword Boomerang+1"],"picked":"Singing Bowl","floor":37},{"not_picked":["Sword Boomerang+1","Sever Soul","Uppercut","Bloodletting"],"picked":"SKIP","floor":40},{"not_picked":["Warcry","Clash+1","Heavy Blade+1"],"picked":"Metallicize+1","floor":42}],"player_experience":37356,"relics_obtained":[{"floor":7,"key":"Self Forming Clay"},{"floor":9,"key":"Toy Ornithopter"},{"floor":10,"key":"Odd Mushroom"},{"floor":26,"key":"sagemod:Singing_Vial"},{"floor":30,"key":"Shovel"},{"floor":30,"key":"Question Card"},{"floor":32,"key":"Potion Belt"},{"floor":34,"key":"Nunchaku"},{"floor":34,"key":"Frozen Egg 2"},{"floor":34,"key":"Torii"},{"floor":43,"key":"Eternal Feather"},{"floor":49,"key":"Whetstone"}],"event_choices":[{"damage_healed":0,"gold_gain":100,"player_choice":"Pray","damage_taken":0,"max_hp_gain":0,"max_hp_loss":0,"event_name":"Golden Shrine","floor":3,"gold_loss":0},{"damage_healed":0,"gold_gain":0,"player_choice":"Fought Mushrooms","damage_taken":0,"max_hp_gain":0,"max_hp_loss":0,"event_name":"Mushrooms","floor":10,"gold_loss":0},{"damage_healed":20,"gold_gain":0,"player_choice":"Healed","damage_taken":0,"max_hp_gain":0,"max_hp_loss":0,"event_name":"The Cleric","floor":12,"gold_loss":35},{"damage_healed":0,"gold_gain":0,"player_choice":"Simplicity","damage_taken":0,"max_hp_gain":0,"max_hp_loss":0,"event_name":"Back to Basics","floor":20,"gold_loss":0,"cards_upgraded":["Strike_R","Strike_R","Strike_R","Strike_R","Strike_R","Defend_R","Defend_R","Defend_R","Defend_R"]},{"damage_healed":0,"gold_gain":100,"player_choice":"Pray","damage_taken":0,"max_hp_gain":0,"max_hp_loss":0,"event_name":"Golden Shrine","floor":22,"gold_loss":0},{"damage_healed":0,"gold_gain":0,"player_choice":"Fight","damage_taken":0,"max_hp_gain":0,"max_hp_loss":0,"event_name":"Colosseum","floor":30,"gold_loss":0},{"damage_healed":0,"gold_gain":0,"player_choice":"Fought Nobs","damage_taken":0,"max_hp_gain":0,"max_hp_loss":0,"event_name":"Colosseum","floor":30,"gold_loss":0},{"cards_removed":["Strike_R"],"damage_healed":0,"gold_gain":0,"player_choice":"Removed Attack","damage_taken":0,"max_hp_gain":0,"max_hp_loss":0,"event_name":"Falling","floor":38,"gold_loss":0},{"damage_healed":0,"gold_gain":0,"player_choice":"Forge","damage_taken":0,"max_hp_gain":0,"max_hp_loss":0,"event_name":"Accursed Blacksmith","floor":41,"gold_loss":0,"cards_upgraded":["Bandage Up"]},{"damage_healed":0,"gold_gain":0,"player_choice":"Copied","damage_taken":0,"max_hp_gain":0,"max_hp_loss":0,"event_name":"Duplicator","floor":44,"gold_loss":0,"cards_obtained":["Reaper"]}],"is_beta":false,"boss_relics":[{"not_picked":["Coffee Dripper","SacredBark"],"picked":"sagemod:Falmels_Amulet"},{"not_picked":["Runic Dome","Astrolabe"],"picked":"Calling Bell"}],"items_purged_floors":[],"is_endless":false,"potions_floor_spawned":[7,14,16,18,19,30,31,35,36,42],"ascension_level":0}}