{"host":"Limoen","time":1609015400,"event":{"mods":["Aspiration","BaseMod","CCEM","Colored Powertips","Conspire","Downfall","GifTheSpireLib","Halation","Hubris","Infinite Spire","Mimic Mod","Minty Spire (QoL Compilation)","Quick Restart","RatMod","Relic Sorter","Replay The Spire","Spicy Shops","Spikes Relics","StSLib","Stuff the Spire","The Blue Laboratory","Trackpad","vexMod"],"gold_per_floor":[117,134,170,186,43,43,74,74,126,153,163,163,173,71,71,166,166,176,190,208,208,219,219,235,235,265,281,313,332,360,80,80,185,185,198,198,215,69,86,86,102,102,126,126,152,152,165,177,177,281,281,287,289,289,264,264,264,36,36,61,69,69,69,74,74,74,116,116,120,120,121,46,46,25,25,11,37,37,37,37,37,58,58,111,777,780,778,811,811,813,813,784,784,784,784,778,833,833,807,807,856,856,856],"floor_reached":102,"playtime":5056,"items_purged":["Shame","Injury"],"score":1663,"play_id":"32ed6f4f-f29a-4010-a928-1e80a3d2b526","local_time":"20201226214320","is_ascension_mode":false,"campfire_choices":[{"floor":6,"key":"REST"},{"data":"hubris:PowerSurge","floor":12,"key":"SMITH"},{"data":"Zap","floor":15,"key":"SMITH"},{"floor":23,"key":"REST"},{"data":"ReplayTheSpireMod:Omega Cannon","floor":25,"key":"SMITH"},{"floor":32,"key":"REST"},{"floor":40,"key":"REST"},{"data":"Chill","floor":42,"key":"SMITH"},{"floor":46,"key":"REST"},{"floor":49,"key":"REST"},{"floor":57,"key":"REST"},{"data":"Defragment","floor":59,"key":"SMITH"},{"data":"infinitespire:FutureSight","floor":75,"key":"SMITH"},{"floor":78,"key":"REST"},{"data":"StuffTheSpire:Innocence","floor":80,"key":"SMITH"},{"floor":83,"key":"REST"},{"floor":91,"key":"REST"},{"data":"Electrodynamics","floor":93,"key":"SMITH"},{"data":"StuffTheSpire:Snapshot","floor":95,"key":"SMITH"},{"floor":100,"key":"REST"}],"circlet_count":0,"master_deck":["Strike_B+1","Strike_B+1","Defend_B+1","Defend_B","Defend_B+1","Zap+1","Dualcast+1","Cold Snap+1","StuffTheSpire:Plugnplay+1","Chill+1","Conserve Battery+1","Capacitor+1","Loop+1","Creative AI+1","hubris:PowerSurge+1","ReplayTheSpireMod:Omega Cannon+1","Ball Lightning+1","aspiration:Polymerization+1","BasicCrystalCard","Leap+1","ReplayTheSpireMod:System Scan+1","StuffTheSpire:Synthwave+1","Coolheaded","hubris:DoWhile","Ball Lightning","Cold Snap","Pot Of Greed","Pot Of Greed","Pot Of Greed","StuffTheSpire:LoadUp+1","StuffTheSpire:Plugnplay","aspiration:Polymerization+1","ReplayTheSpireMod:Calculation Training+1","Pot Of Greed","Fusion","Defragment+1","StuffTheSpire:LoadUp+1","hubris:PowerSurge+1","ReplaySolidLightProjector","Stack","Electrodynamics+1","Injury","Neutralize","Seek","Pot Of Greed","expansioncontent:PrepareCrush","infinitespire:FutureSight+1","infinitespire:UltimateForm+1","Cold Snap","ShadowRift+1","Underhanded Strike","conspire:DoublingDagger","Loop","Doom and Gloom","StuffTheSpire:Innocence+1","Chill+1","Core Surge","Pot Of Greed+1","StuffTheSpire:ForEach","Pride","Pride","Pride","BootSequence+1","Amplify","Doom and Gloom","StuffTheSpire:LoadUp+1","StuffTheSpire:Snapshot+1","aspiration:Polymerization+1","Stack+1","Pot Of Greed","StuffTheSpire:Rend+1","infinitespire:Collect","Crystallizer","Ball Lightning+1","Darkness","Electrodynamics"],"relics":["Cracked Core","Gremlin Food","hubris:SlimyHat","Lantern","Replay:Kaleidoscope","Pen Nib","StuffTheSpire:RubySignet","infinitespire:WardingShard","conspire:RunicOctahedron","CCEMRelics:ShortCircuitBoard","hubris:SoftwareUpdate","Orichalcum","ReplayTheSpireMod:TigerMarble","Replay:Frozen Program","Bronze Scales","Replay:Bronze Core","CCEMRelics:FryingPan","vexMod:ImprovementManual","Grinning Jar","Replay:Antivirus Software","halation:PapillonHeart","StuffTheSpire:Rhapsscallions","Prayer Wheel","HornCleat","vexMod:MysteryBossChallenge","conspire:RunicOctahedron","GremlinMask","Juzu Bracelet","Akabeko","StuffTheSpire:Mouthbags","StuffTheSpire:RedRose","ReplayTheSpireMod:SealedPack","BrokenLever","CCEMRelics:Pendulum","StuffTheSpire:GrapeVine","War Paint","vexMod:RockOfEvil","hubris:FunFungus","Empty Cage","BranchBurnRelic","halation:IllGainedPizza","trackpad:FieryHotPepper","Boot","hubris:Teleporter","hubris:MedicalManual"],"acts_visited":["Exordium","TheCity","TheBeyond","Exordium","TheCity","TheBeyond","Exordium"],"potions_floor_usage":[18,19,30,33,50,50],"damage_taken":[{"damage":0,"enemies":"Small Slimes","floor":1,"turns":3},{"damage":0,"enemies":"2 Louse","floor":2,"turns":2},{"damage":19,"enemies":"conspire:MimicChest","floor":3,"turns":5},{"damage":0,"enemies":"Cultist","floor":4,"turns":3},{"damage":14,"enemies":"Lagavulin","floor":7,"turns":6},{"damage":0,"enemies":"3 Sentries","floor":10,"turns":6},{"damage":6,"enemies":"Looter","floor":11,"turns":3},{"damage":0,"enemies":"3 Louse","floor":13,"turns":3},{"damage":19,"enemies":"Hexaghost","floor":16,"turns":8},{"damage":4,"enemies":"2 Thieves","floor":18,"turns":3},{"damage":0,"enemies":"3 Byrds","floor":19,"turns":4},{"damage":0,"enemies":"Sentry and Sphere","floor":20,"turns":3},{"damage":6,"enemies":"Snake Plant","floor":22,"turns":3},{"damage":4,"enemies":"Centurion and Healer","floor":24,"turns":7},{"damage":11,"enemies":"Chosen and Byrds","floor":26,"turns":5},{"damage":0,"enemies":"Chosen and Byrds","floor":27,"turns":4},{"damage":30,"enemies":"conspire:SneckoGhost","floor":28,"turns":7},{"damage":0,"enemies":"Shelled Parasite and Fungi","floor":29,"turns":4},{"damage":4,"enemies":"Nightmare","floor":30,"turns":7},{"damage":55,"enemies":"hubris:MusketHawk","floor":33,"turns":11},{"damage":11,"enemies":"Orb Walker","floor":35,"turns":4},{"damage":5,"enemies":"3 Shapes","floor":37,"turns":6},{"damage":0,"enemies":"3 Darklings","floor":39,"turns":2},{"damage":0,"enemies":"Maw","floor":41,"turns":7},{"damage":29,"enemies":"Giant Head","floor":45,"turns":8},{"damage":0,"enemies":"Sphere and 2 Shapes","floor":47,"turns":4},{"damage":0,"enemies":"Transient","floor":48,"turns":5},{"damage":0,"enemies":"Replay:Hell Engine","floor":50,"turns":11},{"damage":0,"enemies":"Small Slimes","floor":52,"turns":1},{"damage":0,"enemies":"Jaw Worm","floor":53,"turns":1},{"damage":0,"enemies":"Cultist","floor":61,"turns":2},{"damage":0,"enemies":"2 Fungi Beasts","floor":64,"turns":1},{"damage":0,"enemies":"The Guardian","floor":67,"turns":8},{"damage":0,"enemies":"Shell Parasite","floor":69,"turns":2},{"damage":0,"enemies":"3 Byrds","floor":71,"turns":2},{"damage":10,"enemies":"Nightmare","floor":74,"turns":7},{"damage":12,"enemies":"Centurion and Healer","floor":76,"turns":5},{"damage":6,"enemies":"Slavers","floor":82,"turns":1},{"damage":39,"enemies":"Champ","floor":84,"turns":7},{"damage":0,"enemies":"3 Shapes","floor":86,"turns":1},{"damage":4,"enemies":"3 Darklings","floor":87,"turns":3},{"damage":13,"enemies":"2 Orb Walkers","floor":88,"turns":3},{"damage":0,"enemies":"4 Shapes","floor":90,"turns":1},{"damage":0,"enemies":"R_Hoarder","floor":92,"turns":7},{"damage":16,"enemies":"Nemesis","floor":96,"turns":7},{"damage":0,"enemies":"infinitespire:Three Voidlings","floor":97,"turns":2},{"damage":0,"enemies":"Nightmare_Alpha","floor":97,"turns":9},{"damage":0,"enemies":"Reptomancer","floor":98,"turns":5},{"damage":0,"enemies":"Transient","floor":99,"turns":5},{"damage":29,"enemies":"Replay:Hell Engine","floor":101,"turns":7}],"seed_played":"-8513502284354471852","potions_obtained":[{"floor":1,"key":"Swift Potion"},{"floor":4,"key":"blueLaboratory:RememoryPotion"},{"floor":11,"key":"PowerPotion"},{"floor":13,"key":"blueLaboratory:HummingbirdPotion"},{"floor":16,"key":"Elixir"},{"floor":18,"key":"blueLaboratory:TrueEctoplasm"},{"floor":24,"key":"blueLaboratory:BubblePotion"},{"floor":37,"key":"blueLaboratory:PolymorphPotion"},{"floor":45,"key":"blueLaboratory:ImpenetrablePotion"},{"floor":48,"key":"blueLaboratory:FruitPunch"},{"floor":53,"key":"Block Potion"},{"floor":64,"key":"BlessingOfTheForge"},{"floor":87,"key":"blueLaboratory:HummingbirdPotion"}],"is_trial":false,"path_per_floor":["M","M","?","M","$","R","E","?","T","E","M","R","M","$","R","B",null,"M","M","M","AVR","M","R","M","R","MIM","M","E","M","NM","$","R","B",null,"M","AVR","M","$","M","R","M","R","T","?","E","R","M","M","R","B",null,"M","M","AVR","?","?","R","$","R","T","M","?","?","M","?","R","B",null,"M","?","M","?","T","NM","R","M","T","R","$","R","?","E","R","B",null,"M","M","?","AVR","M","R","E","R","T","R","E","?","E","M","R","B",null],"character_chosen":"DEFECT","items_purchased":["Lantern","infinitespire:WardingShard","Replay:Frozen Program","Bronze Scales","Grinning Jar","Juzu Bracelet","Akabeko"],"campfire_rested":11,"item_purchase_floors":[5,14,31,31,38,58,58],"current_hp_per_floor":[75,75,56,56,56,75,61,75,75,75,69,69,69,69,69,50,75,71,71,71,71,65,75,71,71,60,62,36,38,34,34,56,1,75,64,64,59,59,59,75,75,75,75,71,43,64,64,64,72,74,74,74,74,74,74,74,74,74,74,74,74,74,74,74,74,74,74,74,74,74,74,74,74,64,64,52,52,74,74,74,74,68,74,39,74,74,70,57,57,57,74,74,74,74,74,64,69,69,69,74,45,74,74],"gold":856,"neow_bonus":"RANDOM_COMMON_RELIC","is_daily":false,"chose_seed":false,"campfire_upgraded":9,"win_rate":0.0,"timestamp":1609015400,"path_taken":["M","M","?","M","$","R","E","?","T","E","M","R","M","$","R","BOSS","M","?","M","AVR","M","R","M","R","MIM","M","E","M","NM","$","R","BOSS","M","AVR","M","$","M","R","M","R","T","?","E","R","M","M","R","BOSS","M","M","AVR","?","?","R","$","R","T","M","?","?","M","?","R","BOSS","M","?","M","?","?","NM","R","M","T","R","$","R","?","E","R","BOSS","M","M","?","AVR","M","R","E","R","T","R","E","?","E","M","R","BOSS"],"items_purchased_type":["Relic","Relic","Relic","Relic","Relic","Relic","Relic"],"build_version":"2020-12-18","purchased_purges":2,"victory":false,"max_hp_per_floor":[75,75,75,75,75,75,75,75,75,75,75,75,75,75,75,75,75,75,75,75,75,75,75,75,75,75,75,75,75,75,75,75,75,75,75,75,75,75,75,75,75,75,75,71,72,72,72,72,72,74,74,74,74,74,74,74,74,74,74,74,74,74,74,74,74,74,74,74,74,74,74,74,74,74,74,74,74,74,74,74,74,74,74,74,74,74,74,74,74,74,74,74,74,74,74,74,74,74,74,74,74,74,74],"card_choices":[{"not_picked":["Panic Button","Barrage"],"picked":"Cold Snap","floor":1},{"not_picked":["Steam","Barrage"],"picked":"StuffTheSpire:Plugnplay","floor":2},{"not_picked":["Coolheaded","Heatsinks"],"picked":"Chill","floor":3},{"not_picked":["Reprogram","Chill"],"picked":"Conserve Battery","floor":4},{"not_picked":["Turbo","Sweeping Beam"],"picked":"Rebound","floor":7},{"not_picked":["Aggregate","Rip and Tear"],"picked":"hubris:PowerSurge","floor":10},{"not_picked":["Compile Driver","Steam"],"picked":"Capacitor","floor":11},{"not_picked":["Conserve Battery","Ball Lightning"],"picked":"Loop","floor":13},{"not_picked":["Multi-Cast","Hyperbeam"],"picked":"Creative AI","floor":16},{"not_picked":["BasicCrystalCard","Hologram+1"],"picked":"hubris:PowerSurge+1","floor":18},{"not_picked":["Redo","Auto Shields"],"picked":"ReplayTheSpireMod:Omega Cannon","floor":19},{"not_picked":["Gash","BasicCrystalCard"],"picked":"Ball Lightning+1","floor":20},{"not_picked":["Stack","Gash"],"picked":"aspiration:Polymerization+1","floor":22},{"not_picked":["Compile Driver","FTL"],"picked":"BasicCrystalCard","floor":24},{"not_picked":["Turbo+1","Redo"],"picked":"Leap+1","floor":26},{"not_picked":["ReplayTheSpireMod:GoodbyeWorld+1","Reinforced Body"],"picked":"ReplayTheSpireMod:System Scan","floor":27},{"not_picked":["Rip and Tear","Rainbow"],"picked":"StuffTheSpire:Synthwave","floor":28},{"not_picked":["Beam Cell","Redo+1"],"picked":"Coolheaded","floor":29},{"not_picked":["Barrage","Steam Power","Panic Button+1"],"picked":"SKIP","floor":30},{"not_picked":["Biased Cognition","Meteor Strike"],"picked":"hubris:DoWhile","floor":33},{"not_picked":["Cold Snap","StuffTheSpire:Plugnplay"],"picked":"Ball Lightning","floor":35},{"not_picked":["Steam+1","Hologram"],"picked":"Cold Snap","floor":37},{"not_picked":["hubris:SpecializedCircuitry","Beam Cell+1"],"picked":"StuffTheSpire:LoadUp+1","floor":39},{"not_picked":["Aggregate","Static Discharge"],"picked":"StuffTheSpire:Plugnplay","floor":41},{"not_picked":["Go for the Eyes","Rip and Tear"],"picked":"aspiration:Polymerization+1","floor":45},{"not_picked":["Turbo+1","ReplayGash","Panic Button"],"picked":"SKIP","floor":47},{"not_picked":["StuffTheSpire:SnapShoot","Hologram"],"picked":"ReplayTheSpireMod:Calculation Training","floor":48},{"not_picked":["Mirror Shield","ReplayRNGCard"],"picked":"ReplayTheSpireMod:Fabricate Wheel","floor":50},{"not_picked":["StuffTheSpire:SnapShoot","Aggregate"],"picked":"Fusion","floor":52},{"not_picked":["ReplaySort","Streamline"],"picked":"Defragment","floor":53},{"not_picked":["Tempest","Lockon"],"picked":"StuffTheSpire:LoadUp","floor":53},{"not_picked":["Scrape","Turbo","Steam"],"picked":"SKIP","floor":61},{"not_picked":["Stack","Compile Driver","Leap"],"picked":"SKIP","floor":61},{"not_picked":["Rebound","Skim"],"picked":"ReplaySolidLightProjector","floor":64},{"not_picked":["Redo","Reprogram"],"picked":"Stack","floor":64},{"not_picked":["Thunder Strike","Meteor Strike"],"picked":"Electrodynamics","floor":67},{"not_picked":["Bash","hexamod:Sear"],"picked":"Neutralize","floor":68},{"not_picked":["hubris:DoWhile","StuffTheSpire:EventHorizon"],"picked":"Seek","floor":68},{"not_picked":["Flash of Steel","Survey Options"],"picked":"expansioncontent:PrepareCrush","floor":68},{"not_picked":["infinitespire:Menacing","ReplayTheSpireMod:??????????????????????"],"picked":"infinitespire:FutureSight","floor":68},{"not_picked":["infinitespire:TheBestDefense","infinitespire:Gouge"],"picked":"infinitespire:UltimateForm","floor":68},{"not_picked":["Auto Shields","Stack"],"picked":"Cold Snap","floor":69},{"not_picked":["Panic Button","Rebound","ReplayTheSpireMod:GoodbyeWorld"],"picked":"SKIP","floor":69},{"not_picked":["Redo","Darkness"],"picked":"Loop","floor":71},{"not_picked":["RefreshScreen+1","aspiration:Polymerization+1"],"picked":"Doom and Gloom","floor":71},{"not_picked":["Melter","ReplayTheSpireMod:Reroute Power","Coolheaded"],"picked":"SKIP","floor":74},{"not_picked":["Panic Button","Hologram+1"],"picked":"Chill+1","floor":76},{"not_picked":["Rebound","Beam Cell","Reinforced Body+1"],"picked":"SKIP","floor":76},{"not_picked":["ReplayTheSpireMod:GoodbyeWorld","Sweeping Beam+1"],"picked":"Core Surge","floor":82},{"not_picked":["Creative AI","hubris:Prefetch"],"picked":"StuffTheSpire:ForEach","floor":84},{"not_picked":["Hologram","Gash+1"],"picked":"BootSequence+1","floor":86},{"not_picked":["Gash","Beam Cell","StuffTheSpire:ShieldGenerator"],"picked":"SKIP","floor":86},{"not_picked":["Barrage","Cold Snap"],"picked":"Amplify","floor":87},{"not_picked":["BootSequence+1","Melter"],"picked":"Doom and Gloom","floor":87},{"not_picked":["Gash+1","Crystallizer+1"],"picked":"StuffTheSpire:LoadUp+1","floor":88},{"not_picked":["Gash","Steam"],"picked":"aspiration:Polymerization+1","floor":90},{"not_picked":["Recycle+1","Leap"],"picked":"Stack+1","floor":90},{"not_picked":["Rip and Tear","Redo+1","Panic Button+1"],"picked":"SKIP","floor":92},{"not_picked":["Stack","Steam+1"],"picked":"StuffTheSpire:Rend+1","floor":96},{"not_picked":["infinitespire:Gouge","infinitespire:SealOfDarkness+"],"picked":"infinitespire:Collect","floor":97},{"not_picked":["Compile Driver","ReplayTheSpireMod:Calculation Training"],"picked":"Crystallizer","floor":97},{"not_picked":["Thunder Strike","Compile Driver"],"picked":"Ball Lightning+1","floor":98},{"not_picked":["Compile Driver+1","Skim"],"picked":"Darkness","floor":99},{"not_picked":["Streamline+1","Redo+1","Rebound+1"],"picked":"SKIP","floor":99},{"not_picked":["hubris:Prefetch","Thunder Strike"],"picked":"Electrodynamics","floor":101}],"player_experience":402940,"relics_obtained":[{"floor":3,"key":"hubris:SlimyHat"},{"floor":7,"key":"Replay:Kaleidoscope"},{"floor":9,"key":"Pen Nib"},{"floor":10,"key":"StuffTheSpire:RubySignet"},{"floor":26,"key":"hubris:SoftwareUpdate"},{"floor":28,"key":"Orichalcum"},{"floor":30,"key":"ReplayTheSpireMod:TigerMarble"},{"floor":43,"key":"Replay:Antivirus Software"},{"floor":45,"key":"StuffTheSpire:Rhapsscallions"},{"floor":60,"key":"StuffTheSpire:Mouthbags"},{"floor":73,"key":"BrokenLever"},{"floor":74,"key":"CCEMRelics:Pendulum"},{"floor":77,"key":"StuffTheSpire:GrapeVine"},{"floor":82,"key":"War Paint"},{"floor":88,"key":"Dead Branch"},{"floor":92,"key":"halation:IllGainedPizza"},{"floor":94,"key":"trackpad:FieryHotPepper"},{"floor":96,"key":"Boot"},{"floor":97,"key":"hubris:Teleporter"},{"floor":98,"key":"hubris:MedicalManual"}],"event_choices":[{"damage_healed":14,"gold_gain":0,"player_choice":"Full Heal","damage_taken":0,"max_hp_gain":0,"max_hp_loss":0,"event_name":"Wheel of Change","floor":8,"gold_loss":0},{"damage_healed":0,"gold_gain":0,"player_choice":"Trade","damage_taken":0,"relics_obtained":["GremlinMask"],"max_hp_gain":0,"max_hp_loss":0,"event_name":"FaceTrader","floor":56,"gold_loss":0},{"damage_healed":0,"gold_gain":0,"player_choice":"Grow","damage_taken":0,"max_hp_gain":0,"max_hp_loss":0,"event_name":"Living Wall","floor":62,"gold_loss":0,"cards_upgraded":["StuffTheSpire:Plugnplay"]},{"damage_healed":0,"gold_gain":0,"player_choice":"Cursed","damage_taken":0,"max_hp_gain":0,"max_hp_loss":0,"event_name":"Wheel of Change","floor":63,"gold_loss":0,"cards_obtained":["Decay"]},{"damage_healed":0,"gold_gain":0,"player_choice":"Leave","damage_taken":0,"max_hp_gain":0,"max_hp_loss":0,"event_name":"conspire:Investor","floor":81,"gold_loss":0},{"damage_healed":0,"gold_gain":0,"player_choice":"Fight","damage_taken":0,"max_hp_gain":0,"max_hp_loss":0,"event_name":"Mysterious Sphere","floor":88,"gold_loss":0}],"is_beta":true,"boss_relics":[{"not_picked":["StuffTheSpire:RunicHypercube","CCEMRelics:GreenEgg"],"picked":"conspire:RunicOctahedron"},{"not_picked":["halation:Risk","Runic Dome"],"picked":"Replay:Bronze Core"},{"not_picked":["aspiration:RitualDagger","hubris:CrackedHourglass","Pandora\u0027s Box"]},{"not_picked":["StuffTheSpire:ModemDavis","halation:CatFaceCupcake"],"picked":"ReplayTheSpireMod:SealedPack"},{"not_picked":["Honey Jar","Runic Dome"],"picked":"vexMod:RockOfEvil"},{"not_picked":["Kintsugi","hubris:CrackedHourglass","hubris:VirtuousBlindfold"]}],"items_purged_floors":[31,36],"is_endless":true,"potions_floor_spawned":[1,4,11,13,16,18,24,28,29,37,45,48,53,64,67,74,82,87,90,92,97],"ascension_level":0}}