{"host":"ovxa65d68iy9l57e","time":1609005666,"event":{"mods":["AchievementEnabler","BaseMod","Better Vampires","Colored Map","Curses Come First","Minty Spire (QoL Compilation)","Relic Stats","StSLib","The Alterego"],"gold_per_floor":[112,123,137,148,73,73,104,104,130,157,171,202,216,247,247,345,345,360,371,388,36,51,51,51],"floor_reached":23,"playtime":3060,"items_purged":["Strike_G","Strike_G"],"score":275,"play_id":"e3ccde94-b892-4ac9-aae2-1033b350cc6d","local_time":"20201226190106","is_ascension_mode":true,"campfire_choices":[{"data":"Footwork","floor":6,"key":"SMITH"},{"data":"Tools of the Trade","floor":15,"key":"SMITH"}],"circlet_count":0,"master_deck":["Strike_G","Strike_G+1","Strike_G","Defend_G","Defend_G","Defend_G","Defend_G","Defend_G","Survivor","Neutralize","PiercingWail","Footwork+1","Quick Slash+1","Escape Plan","Tactician","Bouncing Flask","Tools of the Trade+1","Terror","Storm of Steel","Reflex","Skewer+1","Distraction+1","Dagger Spray","Prepared","Infinite Blades"],"relics":["Ring of the Snake","Bronze Scales","Whetstone","Juzu Bracelet","Torii","Question Card","Sozu","Boot"],"acts_visited":["Exordium","TheCity"],"potions_floor_usage":[7,10,12,13,18],"damage_taken":[{"damage":2,"enemies":"Cultist","floor":1,"turns":4},{"damage":5,"enemies":"2 Louse","floor":2,"turns":4},{"damage":1,"enemies":"Small Slimes","floor":3,"turns":4},{"damage":9,"enemies":"Exordium Wildlife","floor":4,"turns":4},{"damage":4,"enemies":"3 Sentries","floor":7,"turns":11},{"damage":0,"enemies":"Lagavulin","floor":10,"turns":8},{"damage":3,"enemies":"Blue Slaver","floor":11,"turns":4},{"damage":11,"enemies":"3 Sentries","floor":12,"turns":11},{"damage":0,"enemies":"Lots of Slimes","floor":13,"turns":3},{"damage":11,"enemies":"Lagavulin","floor":14,"turns":5},{"damage":7,"enemies":"Hexaghost","floor":16,"turns":9},{"damage":1,"enemies":"3 Byrds","floor":18,"turns":4},{"damage":11,"enemies":"Spheric Guardian","floor":19,"turns":5},{"damage":11,"enemies":"Snecko","floor":20,"turns":6},{"damage":28,"enemies":"3 Cultists","floor":22,"turns":5},{"damage":33,"enemies":"Gremlin Leader","floor":23,"turns":3}],"seed_played":"5981042881560491451","potions_obtained":[{"floor":3,"key":"Explosive Potion"},{"floor":4,"key":"Fire Potion"},{"floor":11,"key":"SkillPotion"},{"floor":12,"key":"ColorlessPotion"},{"floor":13,"key":"CunningPotion"}],"is_trial":false,"path_per_floor":["M","M","M","M","$","R","E","?","T","E","M","E","M","E","R","B",null,"M","M","M","$","M","E"],"character_chosen":"THE_SILENT","items_purchased":["Boot","Dagger Spray","Prepared"],"campfire_rested":0,"item_purchase_floors":[21,21,21],"current_hp_per_floor":[75,70,69,60,60,60,56,61,61,61,58,47,47,36,36,29,82,81,70,59,59,31,0,0],"gold":51,"neow_bonus":"TEN_PERCENT_HP_BONUS","is_daily":false,"chose_seed":false,"campfire_upgraded":2,"win_rate":0.0,"timestamp":1609005666,"path_taken":["M","M","M","?","$","R","E","?","T","E","M","E","M","E","R","BOSS","M","M","M","$","M","E"],"items_purchased_type":["Relic","Card","Card"],"build_version":"2020-12-22","purchased_purges":2,"victory":false,"max_hp_per_floor":[77,77,77,77,77,77,77,82,82,82,82,82,82,82,82,82,82,82,82,82,82,82,82,82],"relic_stats":{"Sozu":2,"Torii":26,"counters":[16,90],"Bronze Scales":[192],"Juzu Bracelet":0,"Whetstone":["Quick Slash","Strike_G"],"Question Card":5,"Boot":[12],"obtain_stats":[{"Sozu":17,"Torii":12,"Bronze Scales":7,"Juzu Bracelet":10,"Whetstone":9,"Question Card":14,"Boot":21,"Ring of the Snake":0},{"Sozu":11,"Torii":8,"Bronze Scales":5,"Juzu Bracelet":6,"Whetstone":5,"Question Card":10,"Boot":14,"Ring of the Snake":0},{"Sozu":67,"Torii":50,"Bronze Scales":27,"Juzu Bracelet":35,"Whetstone":27,"Question Card":58,"Boot":82,"Ring of the Snake":0}],"Ring of the Snake":[32]},"card_choices":[{"not_picked":["Cloak And Dagger","Blade Dance"],"picked":"PiercingWail","floor":1},{"not_picked":["Bouncing Flask","Dodge and Roll"],"picked":"Footwork","floor":2},{"not_picked":["Flying Knee","Calculated Gamble"],"picked":"Quick Slash","floor":3},{"not_picked":["Endless Agony","Poisoned Stab"],"picked":"Escape Plan","floor":4},{"not_picked":["PiercingWail","Deadly Poison"],"picked":"Tactician","floor":7},{"not_picked":["Heel Hook","Escape Plan"],"picked":"Bouncing Flask","floor":10},{"not_picked":["Quick Slash","Eviscerate","Footwork"],"picked":"SKIP","floor":11},{"not_picked":["Footwork","Riddle With Holes"],"picked":"Tools of the Trade","floor":12},{"not_picked":["Deflect","Slice"],"picked":"Terror","floor":13},{"not_picked":["Flying Knee","Dodge and Roll","Accuracy"],"picked":"SKIP","floor":14},{"not_picked":["Doppelganger","Tools of the Trade","Corpse Explosion"],"picked":"Storm of Steel","floor":16},{"not_picked":["Tactician","PiercingWail+1","Flying Knee"],"picked":"Reflex","floor":18},{"not_picked":["Deadly Poison","PiercingWail","Crippling Poison"],"picked":"Skewer+1","floor":19},{"not_picked":["Burst","Eviscerate","Backflip"],"picked":"Distraction+1","floor":20},{"not_picked":["Dagger Spray","Bane","PiercingWail"],"picked":"Infinite Blades","floor":22}],"player_experience":225122,"relics_obtained":[{"floor":7,"key":"Bronze Scales"},{"floor":9,"key":"Whetstone"},{"floor":10,"key":"Juzu Bracelet"},{"floor":12,"key":"Torii"},{"floor":14,"key":"Question Card"}],"event_choices":[{"damage_healed":0,"gold_gain":0,"player_choice":"Donut","damage_taken":0,"max_hp_gain":5,"max_hp_loss":0,"event_name":"Big Fish","floor":8,"gold_loss":0}],"is_beta":false,"boss_relics":[{"not_picked":["Ectoplasm","SlaversCollar"],"picked":"Sozu"}],"items_purged_floors":[5,21],"is_endless":false,"potions_floor_spawned":[3,4,11,12,13,18,20],"killed_by":"Gremlin Leader","ascension_level":2}}