{"host":"nh8rc3jipwgi5qu3","time":1609021774,"event":{"mods":["Act Like it!","Aspiration","BaseMod","Better Third Choice","Colored Map","Colored Powertips","DeckTracker","Elementarium","Energized Spire","GifTheSpireLib","GungeonMod","Hubris","Humility","Infinite Spire","Ironclad Rager","Lobotomy","Marked Mod","Mimic Mod","Minty Spire (QoL Compilation)","Relic Stats","Replay The Spire","Reworked Bosses","Spikes Relics","StSLib","Stuff the Spire"],"gold_per_floor":[116,153,78,78,96,96,125,125,161,186,198,236,248,274,286,430,442,442],"floor_reached":17,"playtime":4837,"items_purged":["StuffTheSpire:Recharge"],"score":171,"play_id":"40e74812-a330-450a-b4e4-2e06fca27689","local_time":"20201226232934","daily_mods":["Allstar","Colorless Cards","Heirloom","DeadlyEvents","Elite Swarm"],"is_ascension_mode":true,"campfire_choices":[{"data":"hubris:EnhanceAbility","floor":6,"key":"SMITH"},{"data":"Envenom","floor":8,"key":"SMITH"},{"data":"Flash of Steel","floor":11,"key":"SMITH"},{"floor":15,"key":"REST"}],"circlet_count":0,"master_deck":["Strike_G","Strike_G","Strike_G","Strike_G","Strike_G","Defend_G","Defend_G","Defend_G","Defend_G","Defend_G","Survivor","Neutralize","Survey Options","hubris:EnhanceAbility+1","Panache","Feint","Escape Plan","Deflect","Envenom+1","Hidden Blade","Flash of Steel+1","Acrobatics","Chrysalis","Cloak And Dagger","Prepared","Secret Technique"],"relics":["Ring of the Snake","TungstenRod","hubris:Towel","Prayer Wheel","StuffTheSpire:GrapeVine","MawBank","Molten Egg 2"],"acts_visited":["Exordium","TheCity"],"potions_floor_usage":[12,14],"damage_taken":[{"damage":0,"enemies":"Cultist","floor":1,"turns":4},{"damage":4,"enemies":"2 Louse","floor":2,"turns":23},{"damage":0,"enemies":"2 Louse","floor":5,"turns":4},{"damage":13,"enemies":"3 Sentries","floor":7,"turns":14},{"damage":0,"enemies":"Small Slimes","floor":9,"turns":8},{"damage":0,"enemies":"Small Slimes","floor":10,"turns":4},{"damage":47,"enemies":"Gremlin Nob","floor":12,"turns":5},{"damage":0,"enemies":"Blue Slaver","floor":14,"turns":4},{"damage":14,"enemies":"Slime Boss","floor":16,"turns":13}],"seed_played":"-3863235455473578998","potions_obtained":[{"floor":10,"key":"LiquidMemories"},{"floor":12,"key":"LifebloodPotion"},{"floor":16,"key":"AttackPotion"}],"is_trial":true,"path_per_floor":["M","MIM","$","?","M","R","E","R","MIM","M","R","E","$","M","R","B",null],"character_chosen":"THE_SILENT","items_purchased":[],"campfire_rested":1,"item_purchase_floors":[],"current_hp_per_floor":[70,66,66,66,66,66,53,53,53,53,53,6,6,6,27,13,70,70],"gold":442,"neow_bonus":"","is_daily":false,"chose_seed":false,"campfire_upgraded":3,"win_rate":0.0,"timestamp":1609021774,"path_taken":["M","?","$","?","M","R","E","R","MIM","?","R","E","$","M","R","BOSS"],"items_purchased_type":[],"build_version":"2020-12-22","purchased_purges":1,"victory":false,"max_hp_per_floor":[70,70,70,70,70,70,70,70,70,70,70,70,70,70,70,70,70,70],"relic_stats":{"counters":[9,78],"Prayer Wheel":4,"MawBank":96,"obtain_stats":[{"Prayer Wheel":7,"Molten Egg 2":12,"DemoMod:GlassGuonStoneRelic":5,"StuffTheSpire:GrapeVine":9,"hubris:Towel":4,"MawBank":9,"TungstenRod":0,"Ring of the Snake":0},{"Prayer Wheel":4,"Molten Egg 2":7,"DemoMod:GlassGuonStoneRelic":3,"StuffTheSpire:GrapeVine":5,"hubris:Towel":2,"MawBank":5,"TungstenRod":0,"Ring of the Snake":0},{"Prayer Wheel":45,"Molten Egg 2":61,"DemoMod:GlassGuonStoneRelic":31,"StuffTheSpire:GrapeVine":53,"hubris:Towel":27,"MawBank":53,"TungstenRod":0,"Ring of the Snake":0}],"TungstenRod":15,"Ring of the Snake":[18]},"card_choices":[{"not_picked":["Bane","Enlightenment"],"picked":"Escape Plan","floor":1},{"not_picked":["StuffTheSpire:Injection","Blind"],"picked":"Deflect","floor":5},{"not_picked":["ReplayTheSpireMod:Brewmster","Sadistic Nature"],"picked":"Envenom","floor":7},{"not_picked":["Deadly Poison","StuffTheSpire:BumpUp"],"picked":"Hidden Blade","floor":9},{"not_picked":["Riddle With Holes","Bane"],"picked":"Flash of Steel","floor":10},{"not_picked":["Grand Finale","Sucker Punch"],"picked":"Acrobatics","floor":10},{"not_picked":["StuffTheSpire:Recharge","Venomology"],"picked":"Chrysalis","floor":12},{"not_picked":["Flying Knee+1","Well Laid Plans"],"picked":"Cloak And Dagger","floor":14},{"not_picked":["Riddle With Holes+1","Quick Slash+1"],"picked":"Prepared","floor":14},{"not_picked":["Secret Weapon","Grand Finale+1"],"picked":"Secret Technique","floor":16}],"player_experience":215693,"relics_obtained":[{"floor":7,"key":"Prayer Wheel"},{"floor":9,"key":"StuffTheSpire:GrapeVine"},{"floor":9,"key":"MawBank"},{"floor":12,"key":"Molten Egg 2"}],"event_choices":[],"is_beta":false,"boss_relics":[{"not_picked":[]}],"items_purged_floors":[3],"is_endless":false,"potions_floor_spawned":[10,12,16],"ascension_level":1}}