{"host":"udyc8f81k2jocuhg","time":1609008398,"event":{"mods":["2.2 Compatiblity","BaseMod","Better Third Choice","Colored Powertips","Conspire","Custom Start","GifTheSpireLib","Hermit","Minty Spire (QoL Compilation)","Permanent Neow","Quick Restart","Relic Filter","Relic Stats","Replay The Spire","Shop Mod","Spikes Relics","StSLib","Stuff the Spire"],"gold_per_floor":[114,389,17,32,42,77,77,110,136,148,148,260,272,285,285,359,359,375,388,405,424,440,568,568,568,568,568,568,582,594,714,714,790,790,806,816,836,851,865,865,969,969,969],"floor_reached":42,"playtime":6865,"items_purged":["Regret"],"score":981,"play_id":"cbef0a12-197d-476f-b039-6fb0d4222226","local_time":"20201226194638","is_ascension_mode":true,"campfire_choices":[{"data":"Noxious Fumes","floor":7.0,"key":"SMITH"},{"data":"Neutralize","floor":11.0,"key":"SMITH"},{"data":"StuffTheSpire:Sprint","floor":15.0,"key":"SMITH"},{"floor":24.0,"key":"REST"},{"floor":27.0,"key":"REST"},{"floor":32.0,"key":"REST"},{"floor":40,"key":"REST"}],"circlet_count":0,"master_deck":["AscendersBane","Strike_G","Strike_G","Strike_G","Strike_G","Defend_G","Defend_G+1","Defend_G","Defend_G+1","Defend_G","Survivor","Neutralize+1","Escape Plan","Noxious Fumes+1","Bandage Up","Dodge and Roll+1","Deflect","Bane","Escape Plan+1","StuffTheSpire:Sprint+1","Replay:Bag of Tricks","Decay","Voices","Injury","Deflect","Deadly Poison+1","Dodge and Roll+1","StuffTheSpire:CelestialWarden","Calculated Gamble","Well Laid Plans","Leg Sweep+1"],"relics":["Ring of the Snake","RollingBoulder","StuffTheSpire:OldFever","PreservedInsect","StuffTheSpire:TintedRock","War Paint","conspire:Boomerang","Replay:Ancient Bell","SnailShell","conspire:DecoderRing","Thread and Needle","Gremlin Food","conspire:Dentures","Sozu","CherryCoatedStake"],"acts_visited":["Exordium","TheCity","TheBeyond"],"potions_floor_usage":[],"damage_taken":[{"damage":0.0,"enemies":"Jaw Worm","floor":1.0,"turns":6.0},{"damage":0.0,"enemies":"Cultist","floor":4.0,"turns":4.0},{"damage":0.0,"enemies":"Small Slimes","floor":5.0,"turns":4.0},{"damage":6.0,"enemies":"3 Sentries","floor":6.0,"turns":12.0},{"damage":8.0,"enemies":"Lagavulin","floor":8.0,"turns":8.0},{"damage":2.0,"enemies":"Red Slaver","floor":10.0,"turns":5.0},{"damage":0.0,"enemies":"3 Sentries","floor":12.0,"turns":6.0},{"damage":4.0,"enemies":"Exordium Thugs","floor":13.0,"turns":3.0},{"damage":0.0,"enemies":"Large Slime","floor":14.0,"turns":5.0},{"damage":34.0,"enemies":"Hexaghost","floor":16.0,"turns":12.0},{"damage":2.0,"enemies":"conspire:FuzzyDice","floor":18.0,"turns":9.0},{"damage":4.0,"enemies":"Spheric Guardian","floor":19.0,"turns":7.0},{"damage":34.0,"enemies":"3 Cultists","floor":20.0,"turns":6.0},{"damage":13.0,"enemies":"Shelled Parasite and Fungi","floor":21.0,"turns":6.0},{"damage":2.0,"enemies":"Snake Plant","floor":22.0,"turns":7.0},{"damage":12.0,"enemies":"Gremlin Leader","floor":23.0,"turns":7.0},{"damage":0.0,"enemies":"Centurion and Healer","floor":29.0,"turns":7.0},{"damage":0.0,"enemies":"Snecko","floor":30.0,"turns":5.0},{"damage":0.0,"enemies":"Book of Stabbing","floor":31.0,"turns":5.0},{"damage":45.0,"enemies":"Champ","floor":33.0,"turns":16.0},{"damage":34.0,"enemies":"3 Darklings","floor":35.0,"turns":9.0},{"damage":0.0,"enemies":"3 Shapes","floor":36.0,"turns":7.0},{"damage":8.0,"enemies":"Spire Growth","floor":37.0,"turns":8.0},{"damage":0.0,"enemies":"Jaw Worm Horde","floor":38.0,"turns":4.0},{"damage":17,"enemies":"Transient","floor":39,"turns":5},{"damage":37,"enemies":"Giant Head","floor":41,"turns":14},{"damage":8,"enemies":"Maw","floor":42,"turns":11}],"seed_played":"3960217037512401871","potions_obtained":[{"floor":4.0,"key":"Explosive Potion"},{"floor":6.0,"key":"LifebloodPotion"},{"floor":16.0,"key":"DuplicationPotion"},{"floor":23.0,"key":"Dexterity Potion"}],"is_trial":false,"path_per_floor":["M","?","$","M","M","E","R","E","T","M","R","E","M","M","R","B",null,"M","M","M","M","M","E","R","?","T","R","?","M","M","E","R","B",null,"M","M","M","M","M","R","E","M"],"character_chosen":"THE_SILENT","items_purchased":["Noxious Fumes","StuffTheSpire:OldFever","Bandage Up"],"campfire_rested":4,"item_purchase_floors":[3,3,3],"current_hp_per_floor":[59,59,59,63,66,60,60,56,56,58,58,62,62,66,66,32,58,60,60,30,21,23,15,34,19,19,38,38,42,42,46,65,21,55,25,29,25,29,16,35,2,0,0],"gold":969,"neow_bonus":"RANDOM_COMMON_RELIC","is_daily":false,"chose_seed":false,"campfire_upgraded":3,"win_rate":0.0,"timestamp":1609008398,"path_taken":["M","?","$","M","M","E","R","E","T","M","R","E","M","?","R","BOSS","M","M","M","M","M","E","R","?","T","R","?","M","?","E","R","BOSS","M","M","M","M","M","R","E","M"],"items_purchased_type":["Card","Relic","Card"],"build_version":"2020-12-22","purchased_purges":1,"victory":false,"max_hp_per_floor":[66,66,66,66,66,66,66,66,66,66,66,66,66,66,66,66,66,66,66,66,66,66,66,66,66,66,66,66,66,66,66,66,66,66,66,66,66,66,66,66,66,66,66],"relic_stats":{"Sozu":1,"counters":[27,198],"PreservedInsect":285,"War Paint":["Defend_G","Defend_G"],"obtain_stats":[{"StuffTheSpire:TintedRock":8,"Gremlin Food":23,"conspire:Dentures":31,"SnailShell":17,"CherryCoatedStake":41,"Thread and Needle":17,"PreservedInsect":6,"conspire:Boomerang":12,"Replay:Ancient Bell":17,"War Paint":9,"Sozu":34,"conspire:DecoderRing":17,"RollingBoulder":0,"StuffTheSpire:OldFever":3,"Ring of the Snake":0},{"StuffTheSpire:TintedRock":5,"Gremlin Food":16,"conspire:Dentures":19,"SnailShell":10,"CherryCoatedStake":26,"Thread and Needle":10,"PreservedInsect":4,"conspire:Boomerang":7,"Replay:Ancient Bell":10,"War Paint":5,"Sozu":20,"conspire:DecoderRing":10,"RollingBoulder":0,"StuffTheSpire:OldFever":1,"Ring of the Snake":0},{"StuffTheSpire:TintedRock":34,"Gremlin Food":107,"conspire:Dentures":124,"SnailShell":65,"CherryCoatedStake":187,"Thread and Needle":65,"PreservedInsect":26,"conspire:Boomerang":45,"Replay:Ancient Bell":65,"War Paint":34,"Sozu":140,"conspire:DecoderRing":65,"RollingBoulder":0,"StuffTheSpire:OldFever":6,"Ring of the Snake":0}],"Ring of the Snake":[54]},"card_choices":[{"not_picked":["StuffTheSpire:BumpUp","Acrobatics"],"picked":"Escape Plan","floor":1.0},{"not_picked":["Sucker Punch","StuffTheSpire:Injection"],"picked":"Dodge and Roll","floor":4.0},{"not_picked":["StuffTheSpire:Injection","Outmaneuver","StuffTheSpire:Python"],"picked":"SKIP","floor":5.0},{"not_picked":["StuffTheSpire:ClusterCrunch","Prepared"],"picked":"Deflect","floor":6.0},{"not_picked":["StuffTheSpire:Fury","Outmaneuver","Backflip"],"picked":"SKIP","floor":8.0},{"not_picked":["Finisher","Quick Slash","Sneak Up"],"picked":"SKIP","floor":10.0},{"not_picked":["StuffTheSpire:BumpUp","Endless Agony"],"picked":"Bane","floor":12.0},{"not_picked":["Acrobatics","ReplayTheSpireMod:Tripwire"],"picked":"Escape Plan","floor":13.0},{"not_picked":["conspire:DoublingDagger","Sucker Punch"],"picked":"StuffTheSpire:Sprint","floor":14.0},{"not_picked":["Poison Darts","ReplayTheSpireMod:Necrosis"],"picked":"Replay:Bag of Tricks","floor":16.0},{"not_picked":["Voices","Normality"],"picked":"Decay","floor":17.0},{"not_picked":["conspire:Blindness","Writhe"],"picked":"Voices","floor":17.0},{"not_picked":["CloudedMind","Hatred"],"picked":"Injury","floor":17.0},{"not_picked":["Burst","Dash","Outmaneuver"],"picked":"SKIP","floor":18.0},{"not_picked":["Bane","Accuracy"],"picked":"Deflect","floor":19.0},{"not_picked":["ReplayTheSpireMod:Tripwire","Concentrate","StuffTheSpire:Python"],"picked":"SKIP","floor":20.0},{"not_picked":["StuffTheSpire:BumpUp","Backflip","Poisoned Stab"],"picked":"SKIP","floor":21.0},{"not_picked":["Backstab","Poisoned Stab+1"],"picked":"Deadly Poison+1","floor":22.0},{"not_picked":["Blade Dance","Acrobatics"],"picked":"Dodge and Roll","floor":23.0},{"not_picked":["StuffTheSpire:Python+1","Expertise","Slice"],"picked":"SKIP","floor":29.0},{"not_picked":["Flying Knee+1","Blade Dance","Backstab"],"picked":"SKIP","floor":30.0},{"not_picked":["conspire:PoisonWeapons","StuffTheSpire:Fury"],"picked":"Well Laid Plans","floor":31.0},{"not_picked":["Cloak And Dagger","Replay:Poison Smokescreen","Dagger Throw"],"picked":"SKIP","floor":35.0},{"not_picked":["Deadly Poison","StuffTheSpire:Incursion","InfectiousVector"],"picked":"SKIP","floor":36.0},{"not_picked":["Dagger Throw","Calculated Gamble"],"picked":"Leg Sweep","floor":37.0},{"not_picked":["Underhanded Strike","Blade Dance+1","Deadly Poison"],"picked":"SKIP","floor":38.0},{"not_picked":["Outmaneuver","Dagger Spray","Wraith Form v2"],"picked":"SKIP","floor":39},{"not_picked":["Bane","Blade Dance+1","Cloak And Dagger"],"picked":"SKIP","floor":41}],"player_experience":1923048,"relics_obtained":[{"floor":6.0,"key":"PreservedInsect"},{"floor":8.0,"key":"StuffTheSpire:TintedRock"},{"floor":9.0,"key":"War Paint"},{"floor":12.0,"key":"conspire:Boomerang"},{"floor":23.0,"key":"Gremlin Food"},{"floor":31.0,"key":"conspire:Dentures"},{"floor":41,"key":"CherryCoatedStake"}],"event_choices":[{"damage_healed":0.0,"max_hp_gain":0.0,"max_hp_loss":0.0,"gold_gain":275.0,"event_name":"Golden Shrine","player_choice":"Desecrate","floor":2.0,"gold_loss":0.0,"damage_taken":0.0,"cards_obtained":["Regret"]},{"damage_healed":0.0,"max_hp_gain":0.0,"max_hp_loss":0.0,"gold_gain":0.0,"cards_transformed":["Strike_G"],"event_name":"Transmorgrifier","player_choice":"Transformed","floor":28.0,"gold_loss":0.0,"damage_taken":0.0,"cards_obtained":["Calculated Gamble"]}],"is_beta":false,"boss_relics":[{"not_picked":["conspire:SeveredTorchhead","SacredBark"],"picked":"Replay:Ancient Bell"},{"not_picked":["Replay:Baseball","Blue Doll"],"picked":"SnailShell"},{"not_picked":["StuffTheSpire:Tea","Sundial"],"picked":"conspire:DecoderRing"},{"not_picked":["CaptainsWheel","Vampiric Spirits"],"picked":"Thread and Needle"},{"not_picked":["conspire:RoyalGoblet","WristBlade"],"picked":"Sozu"}],"items_purged_floors":[3],"is_endless":false,"potions_floor_spawned":[4,6,12,16,21,23,29,30,33,35,36,39],"killed_by":"Maw","ascension_level":15}}