{"host":"j5gdvqtwmxqn6tw6","time":1609000392,"event":{"mods":["BaseMod","Colored Map","Colored Powertips","Downfall","Hermit","Marisa????????","Minty Spire (QoL Compilation)","Replay The Spire","StSLib","SuperFastMode","The Servant 0.9.4"],"gold_per_floor":[112,112,136,136,154,154,197,221,221,252,252,267,303,318,318,318,318],"floor_reached":16,"playtime":400,"items_purged":[],"score":147,"play_id":"95cf772c-557b-4c33-9c14-a6208a639661","local_time":"20201226173312","is_ascension_mode":false,"campfire_choices":[{"data":"MasterSpark","floor":6,"key":"SMITH"},{"data":"EarthLightRay","floor":11,"key":"SMITH"},{"data":"SprinkleStarSeal","floor":15,"key":"SMITH"}],"circlet_count":0,"master_deck":["Strike_MRS","Strike_MRS","Strike_MRS","Strike_MRS","Defend_MRS","Defend_MRS","Defend_MRS","Defend_MRS","MasterSpark+1","UpSweep","6A","UnstableBomb","FairyDestructionRay","EarthLightRay+1","SprinkleStarSeal+1"],"relics":["MiniHakkero","NeowsBlessing","Golden Idol","White Beast Statue","Mango","Replay:Kaleidoscope","Pear"],"acts_visited":["Exordium"],"potions_floor_usage":[10,13,13],"damage_taken":[{"damage":0,"enemies":"Cultist","floor":1,"turns":1},{"damage":0,"enemies":"2 Louse","floor":3,"turns":1},{"damage":0,"enemies":"Small Slimes","floor":5,"turns":1},{"damage":34,"enemies":"3 Sentries","floor":7,"turns":9},{"damage":4,"enemies":"Exordium Thugs","floor":8,"turns":3},{"damage":22,"enemies":"Lagavulin","floor":10,"turns":8},{"damage":2,"enemies":"3 Louse","floor":12,"turns":2},{"damage":22,"enemies":"3 Sentries","floor":13,"turns":6},{"damage":8,"enemies":"Gremlin Gang","floor":14,"turns":2},{"damage":10,"enemies":"The Guardian","floor":16,"turns":3}],"seed_played":"3497720013068264749","potions_obtained":[{"floor":5,"key":"Weak Potion"},{"floor":8,"key":"EssenceOfSteel"},{"floor":10,"key":"SteroidPotion"},{"floor":12,"key":"Venom Potion"},{"floor":13,"key":"SpeedPotion"},{"floor":14,"key":"Adrenaline Potion"}],"is_trial":false,"path_per_floor":["M","?","M","?","M","R","E","M","T","E","R","M","E","M","R","B"],"character_chosen":"MARISA","items_purchased":[],"campfire_rested":0,"item_purchase_floors":[],"current_hp_per_floor":[75,57,57,57,57,57,23,19,33,15,15,19,13,11,11,7,7],"gold":318,"neow_bonus":"THREE_ENEMY_KILL","is_daily":false,"chose_seed":false,"campfire_upgraded":3,"win_rate":0.0,"timestamp":1609000392,"path_taken":["M","?","M","?","M","R","E","M","T","E","R","M","E","M","R","BOSS"],"items_purchased_type":[],"build_version":"2020-12-22","purchased_purges":0,"victory":false,"max_hp_per_floor":[75,75,75,75,75,75,75,75,89,89,89,89,99,99,99,99,99],"card_choices":[{"not_picked":["Acceleration","PropBag","GravityBeat"],"picked":"SKIP","floor":1},{"not_picked":["SprinkleStarSeal","PowerUp"],"picked":"6A","floor":3},{"not_picked":["MysteriousBeam","GravityBeat"],"picked":"UnstableBomb","floor":5},{"not_picked":["GalacticHalo","StarlightTyphoon"],"picked":"FairyDestructionRay","floor":7},{"not_picked":["ShootingEcho","LuminesStrike"],"picked":"EarthLightRay","floor":8},{"not_picked":["LuminesStrike","PropBag"],"picked":"SprinkleStarSeal","floor":10},{"not_picked":["MysteriousBeam","MilkyWay","GalacticHalo"],"picked":"SKIP","floor":12},{"not_picked":["DC","MysteriousBeam","MeteoricShower"],"picked":"SKIP","floor":13},{"not_picked":["MagicChant","WitchOfGreed","GalacticHalo"],"picked":"SKIP","floor":14}],"player_experience":80341,"relics_obtained":[{"floor":7,"key":"White Beast Statue"},{"floor":9,"key":"Mango"},{"floor":10,"key":"Replay:Kaleidoscope"},{"floor":13,"key":"Pear"}],"event_choices":[{"damage_healed":0,"gold_gain":0,"player_choice":"Take Damage","damage_taken":18,"relics_obtained":["Golden Idol"],"max_hp_gain":0,"max_hp_loss":0,"event_name":"Golden Idol","floor":2,"gold_loss":0},{"damage_healed":0,"gold_gain":0,"player_choice":"Bought 0 Potions","damage_taken":0,"max_hp_gain":0,"max_hp_loss":0,"event_name":"The Woman in Blue","floor":4,"gold_loss":0}],"is_beta":false,"boss_relics":[],"items_purged_floors":[],"is_endless":false,"potions_floor_spawned":[5,8,10,12,13,14],"killed_by":"The Guardian","ascension_level":0}}