{"host":"vc42n08di9czm3e7","time":1609014348,"event":{"mods":["AchievementEnabler","Act Like it!","BaseMod","Colored Powertips","Downfall","Friendly Minions","GifTheSpireLib","Minty Spire (QoL Compilation)","Rare Cards Sparkle","StSLib"],"gold_per_floor":[210,288,55,5,22,50,63,86,86,114,114,2,2,21,21,116,116,128,139,139,151,14,42,42,68,92,92,92,92],"floor_reached":28,"playtime":1131,"items_purged":["Strike_B","Strike_B+1"],"score":264,"play_id":"63f72a1c-26eb-4fc9-aa38-eeaac1dcc710","local_time":"20201226152548","is_ascension_mode":false,"campfire_choices":[{"floor":11,"key":"REST"},{"floor":15,"key":"REST"},{"floor":24,"key":"REST"}],"circlet_count":0,"master_deck":["Strike_B+1","Defend_B","Defend_B","Defend_B","Defend_B","Zap","Dualcast","Streamline","Defragment","Melter","Glacier","Melter","Tempest","Self Repair","Core Surge","Rebound+1","Cold Snap","Defragment","Compile Driver","Echo Form"],"relics":["Cracked Core","Whetstone","Torii","Odd Mushroom","Cables","Lantern","Inserter","Ice Cream","Oddly Smooth Stone"],"acts_visited":["Exordium","TheCity"],"potions_floor_usage":[25,25,25],"damage_taken":[{"damage":7,"enemies":"2 Louse","floor":1,"turns":3},{"damage":0,"enemies":"Small Slimes","floor":5,"turns":3},{"damage":21,"enemies":"Lagavulin","floor":6,"turns":6},{"damage":0,"enemies":"Cultist","floor":7,"turns":2},{"damage":13,"enemies":"The Mushroom Lair","floor":8,"turns":5},{"damage":19,"enemies":"3 Sentries","floor":10,"turns":6},{"damage":8,"enemies":"Exordium Wildlife","floor":14,"turns":4},{"damage":13,"enemies":"Hexaghost","floor":16,"turns":8},{"damage":2,"enemies":"Chosen","floor":18,"turns":4},{"damage":0,"enemies":"Spheric Guardian","floor":19,"turns":1},{"damage":16,"enemies":"Snake Plant","floor":21,"turns":5},{"damage":45,"enemies":"Book of Stabbing","floor":23,"turns":6},{"damage":34,"enemies":"Slavers","floor":25,"turns":5},{"damage":27,"enemies":"Gremlin Leader","floor":28,"turns":3}],"seed_played":"592865245723740601","potions_obtained":[{"floor":5,"key":"GamblersBrew"},{"floor":7,"key":"Energy Potion"},{"floor":21,"key":"PowerPotion"}],"is_trial":false,"path_per_floor":["M","?","$","?","M","E","M","?","T","E","R","$","?","M","R","B",null,"M","M","?","M","$","E","R","E","T","?","E"],"character_chosen":"DEFECT","items_purchased":["Defragment","Whetstone","Self Repair","Defragment"],"campfire_rested":3,"item_purchase_floors":[3,3,12,22],"current_hp_per_floor":[68,68,68,68,68,47,47,34,34,15,37,37,37,36,58,52,75,75,75,75,66,66,28,50,23,23,23,0,0],"gold":92,"neow_bonus":"HUNDRED_GOLD","is_daily":false,"chose_seed":false,"campfire_upgraded":0,"win_rate":0.0,"timestamp":1609014348,"path_taken":["M","?","$","?","M","E","M","?","T","E","R","?","?","M","R","BOSS","M","M","?","M","$","E","R","E","T","?","E"],"items_purchased_type":["Card","Relic","Card","Card"],"build_version":"2020-12-22","purchased_purges":2,"victory":false,"max_hp_per_floor":[75,75,75,75,75,75,75,75,75,75,75,75,75,75,75,75,75,75,75,75,75,75,75,75,75,75,75,75,75],"card_choices":[{"not_picked":["Barrage","Gash"],"picked":"Streamline","floor":1},{"not_picked":["Streamline","Go for the Eyes"],"picked":"Melter","floor":5},{"not_picked":["Hologram","Heatsinks"],"picked":"Glacier","floor":6},{"not_picked":["Gash","Barrage","Go for the Eyes"],"picked":"SKIP","floor":7},{"not_picked":["Rebound","Chill"],"picked":"Melter","floor":8},{"not_picked":["Sunder","Static Discharge"],"picked":"Tempest","floor":10},{"not_picked":["Gash","Barrage","Steam Power"],"picked":"SKIP","floor":14},{"not_picked":["Meteor Strike","Amplify"],"picked":"Core Surge","floor":16},{"not_picked":["Recycle","Gash+1"],"picked":"Rebound+1","floor":18},{"not_picked":["Go for the Eyes","Conserve Battery"],"picked":"Cold Snap","floor":19},{"not_picked":["Rip and Tear+1","Redo","Gash+1"],"picked":"SKIP","floor":21},{"not_picked":["Core Surge","Stack+1"],"picked":"Compile Driver","floor":23},{"not_picked":["Hologram","Streamline"],"picked":"Echo Form","floor":25}],"player_experience":251836,"relics_obtained":[{"floor":6,"key":"Torii"},{"floor":8,"key":"Odd Mushroom"},{"floor":9,"key":"Cables"},{"floor":10,"key":"Lantern"},{"floor":23,"key":"Ice Cream"},{"floor":25,"key":"Oddly Smooth Stone"}],"event_choices":[{"damage_healed":0,"gold_gain":78,"player_choice":"Gained Gold","damage_taken":0,"max_hp_gain":0,"max_hp_loss":0,"event_name":"Golden Wing","floor":2,"gold_loss":0},{"cards_removed":["Strike_B"],"damage_healed":0,"gold_gain":0,"player_choice":"Card Removal","damage_taken":0,"max_hp_gain":0,"max_hp_loss":0,"event_name":"The Cleric","floor":4,"gold_loss":50},{"damage_healed":0,"gold_gain":0,"player_choice":"Fought Mushrooms","damage_taken":0,"max_hp_gain":0,"max_hp_loss":0,"event_name":"Mushrooms","floor":8,"gold_loss":0},{"damage_healed":0,"gold_gain":0,"player_choice":"Ignored","damage_taken":0,"max_hp_gain":0,"max_hp_loss":0,"event_name":"NoteForYourself","floor":13,"gold_loss":0},{"damage_healed":0,"gold_gain":0,"player_choice":"Ignored","damage_taken":0,"max_hp_gain":0,"max_hp_loss":0,"event_name":"Cursed Tome","floor":20,"gold_loss":0},{"damage_healed":0,"gold_gain":0,"player_choice":"Ignored","damage_taken":0,"max_hp_gain":0,"max_hp_loss":0,"event_name":"Vampires","floor":27,"gold_loss":0}],"is_beta":false,"boss_relics":[{"not_picked":["Ectoplasm","Tiny House"],"picked":"Inserter"}],"items_purged_floors":[12,22],"is_endless":false,"potions_floor_spawned":[5,7,21,23],"killed_by":"Gremlin Leader","ascension_level":0}}