{"host":"BK","time":1609017997,"event":{"mods":["BaseMod","Highlight Path","Minty Spire (QoL Compilation)","StSLib"],"gold_per_floor":[114,125,40,40,56,56,66,66,90,90,103,130,130,130,130,207,207,217,234,234,74,74,74,108,133,133,133,161,181,181,207,207,281,281,300,300,320,245,245,245,257,257,257],"floor_reached":42,"playtime":1825,"items_purged":["Strike_P"],"score":1094,"play_id":"b6d55560-b071-45a5-b2f5-f00ba21c849b","local_time":"20201226142637","is_ascension_mode":true,"campfire_choices":[{"data":"EmptyFist","floor":6,"key":"SMITH"},{"data":"Wallop","floor":8,"key":"SMITH"},{"data":"ClearTheMind","floor":10,"key":"SMITH"},{"floor":15,"key":"REST"},{"data":"Scrawl","floor":23,"key":"SMITH"},{"data":"Eruption","floor":27,"key":"SMITH"},{"floor":30,"key":"REST"},{"floor":32,"key":"REST"},{"data":"WheelKick","floor":40,"key":"SMITH"}],"circlet_count":0,"master_deck":["AscendersBane","Strike_P","Strike_P+1","Defend_P","Defend_P","Defend_P","Defend_P","Eruption+1","Vigilance+1","EmptyFist+1","Consecrate","Conclude+1","ClearTheMind+1","Wallop+1","BowlingBash","Scrawl+1","CurseOfTheBell","LikeWater","Halt+1","Scrawl+1","WheelKick+1","ReachHeaven","Vault"],"relics":["SacredBark","Bag of Preparation","Calling Bell","Nunchaku","HornCleat","CloakClasp","White Beast Statue","Orrery","WingedGreaves","Du-Vu Doll","Vajra","MealTicket","Busted Crown"],"acts_visited":["Exordium","TheCity","TheBeyond"],"potions_floor_usage":[7,24,25,28,31,33,33,41,42],"damage_taken":[{"damage":3,"enemies":"2 Louse","floor":1,"turns":4},{"damage":1,"enemies":"Cultist","floor":2,"turns":3},{"damage":4,"enemies":"Small Slimes","floor":5,"turns":3},{"damage":10,"enemies":"Exordium Thugs","floor":7,"turns":4},{"damage":0,"enemies":"Exordium Wildlife","floor":11,"turns":2},{"damage":15,"enemies":"3 Sentries","floor":12,"turns":3},{"damage":15,"enemies":"Slime Boss","floor":16,"turns":6},{"damage":8,"enemies":"Shell Parasite","floor":18,"turns":5},{"damage":6,"enemies":"2 Thieves","floor":19,"turns":2},{"damage":0,"enemies":"Gremlin Leader","floor":24,"turns":3},{"damage":0,"enemies":"Slavers","floor":25,"turns":3},{"damage":4,"enemies":"Book of Stabbing","floor":28,"turns":4},{"damage":19,"enemies":"Snecko","floor":29,"turns":9},{"damage":0,"enemies":"Gremlin Leader","floor":31,"turns":3},{"damage":35,"enemies":"Automaton","floor":33,"turns":8},{"damage":0,"enemies":"3 Shapes","floor":35,"turns":3},{"damage":0,"enemies":"Orb Walker","floor":37,"turns":4},{"damage":0,"enemies":"3 Darklings","floor":41,"turns":1},{"damage":67,"enemies":"Reptomancer","floor":42,"turns":5}],"seed_played":"240144016468248688","potions_obtained":[{"floor":1,"key":"Ambrosia"},{"floor":2,"key":"DistilledChaos"},{"floor":11,"key":"LiquidBronze"},{"floor":24,"key":"LiquidMemories"},{"floor":25,"key":"PowerPotion"},{"floor":28,"key":"SkillPotion"},{"floor":31,"key":"BottledMiracle"},{"floor":33,"key":"Energy Potion"},{"floor":35,"key":"DuplicationPotion"},{"floor":41,"key":"AttackPotion"}],"is_trial":false,"path_per_floor":["M","M","$","?","M","R","M","R","T","R","M","E","?","?","R","B",null,"M","M","T","$","?","R","E","E","T","R","E","M","R","E","R","B",null,"M","?","M","$","?","R","M","E"],"character_chosen":"WATCHER","items_purchased":["Conclude","Orrery"],"campfire_rested":3,"item_purchase_floors":[3,21],"current_hp_per_floor":[58,57,57,57,53,53,43,43,43,43,43,28,8,8,28,13,54,46,40,40,40,40,40,40,40,40,40,36,17,37,37,57,22,57,57,57,57,65,65,65,65,0,0],"gold":257,"neow_bonus":"BOSS_RELIC","is_daily":false,"chose_seed":false,"campfire_upgraded":6,"win_rate":0.0,"timestamp":1609017997,"path_taken":["M","M","$","?","M","R","M","R","T","R","?","E","?","?","R","BOSS","M","?","?","$","?","R","E","E","T","R","E","M","R","E","R","BOSS","M","?","M","$","?","R","M","E"],"items_purchased_type":["Card","Relic"],"build_version":"2020-12-18","purchased_purges":1,"victory":false,"max_hp_per_floor":[68,68,68,68,68,68,68,68,68,68,68,68,68,68,68,68,68,68,68,68,68,68,68,68,68,68,68,68,68,68,68,68,68,68,68,65,65,65,65,65,65,65,65],"card_choices":[{"not_picked":["Pray","Fasting2"],"picked":"EmptyFist","floor":1},{"not_picked":["Meditate","FlurryOfBlows"],"picked":"Consecrate","floor":2},{"not_picked":["Weave","Evaluate"],"picked":"ClearTheMind","floor":5},{"not_picked":["FlyingSleeves","CutThroughFate"],"picked":"Wallop","floor":7},{"not_picked":["Sanctity","InnerPeace"],"picked":"BowlingBash","floor":11},{"not_picked":["JustLucky","Alpha","FollowUp"],"picked":"SKIP","floor":12},{"not_picked":["SpiritShield","DevaForm"],"picked":"Scrawl","floor":16},{"not_picked":["FlurryOfBlows","Prostrate"],"picked":"LikeWater","floor":18},{"not_picked":["Indignation","JustLucky+1","Conclude"],"picked":"SKIP","floor":19},{"not_picked":["EmptyFist","DevaForm"],"picked":"Halt+1","floor":21},{"not_picked":["EmptyFist","Consecrate+1"],"picked":"Scrawl","floor":21},{"not_picked":["Consecrate","FlyingSleeves"],"picked":"WheelKick","floor":21},{"not_picked":["Pray+1","WheelKick","Study"],"picked":"SKIP","floor":24},{"not_picked":["CutThroughFate","WheelKick","MasterReality"],"picked":"SKIP","floor":25},{"not_picked":["Protect","EmptyFist","CrushJoints"],"picked":"SKIP","floor":28},{"not_picked":["Weave+1","CutThroughFate","Evaluate"],"picked":"SKIP","floor":29},{"not_picked":["Evaluate","CrushJoints"],"picked":"ReachHeaven","floor":31},{"not_picked":["Devotion","MasterReality"],"picked":"Vault","floor":33},{"not_picked":["CutThroughFate"],"picked":"SKIP","floor":35},{"not_picked":["Vengeance"],"picked":"SKIP","floor":37},{"not_picked":["JustLucky"],"picked":"SKIP","floor":41}],"player_experience":2438860,"relics_obtained":[{"floor":12,"key":"Bag of Preparation"},{"floor":17,"key":"Nunchaku"},{"floor":17,"key":"HornCleat"},{"floor":17,"key":"CloakClasp"},{"floor":20,"key":"White Beast Statue"},{"floor":24,"key":"WingedGreaves"},{"floor":25,"key":"Du-Vu Doll"},{"floor":28,"key":"Vajra"},{"floor":31,"key":"MealTicket"}],"event_choices":[{"damage_healed":0,"gold_gain":0,"player_choice":"Forge","damage_taken":0,"max_hp_gain":0,"max_hp_loss":0,"event_name":"Accursed Blacksmith","floor":4,"gold_loss":0,"cards_upgraded":["Conclude"]},{"damage_healed":0,"gold_gain":0,"player_choice":"Entered Light","damage_taken":20,"max_hp_gain":0,"max_hp_loss":0,"event_name":"Shining Light","floor":13,"gold_loss":0,"cards_upgraded":["Strike_P","Vigilance"]},{"cards_removed":["Strike_P"],"damage_healed":0,"gold_gain":0,"player_choice":"Purged","damage_taken":0,"max_hp_gain":0,"max_hp_loss":0,"event_name":"Purifier","floor":14,"gold_loss":0},{"damage_healed":0,"gold_gain":0,"player_choice":"Upgraded","damage_taken":0,"max_hp_gain":0,"max_hp_loss":0,"event_name":"Upgrade Shrine","floor":22,"gold_loss":0,"cards_upgraded":["Scrawl"]},{"damage_healed":0,"gold_gain":0,"player_choice":"Max HP","damage_taken":0,"max_hp_gain":0,"max_hp_loss":3,"event_name":"Winding Halls","floor":36,"gold_loss":0},{"damage_healed":0,"gold_gain":0,"player_choice":"Ignored","damage_taken":0,"max_hp_gain":0,"max_hp_loss":0,"event_name":"Tomb of Lord Red Mask","floor":39,"gold_loss":0}],"is_beta":true,"boss_relics":[{"not_picked":["SlaversCollar","Runic Pyramid"],"picked":"Calling Bell"},{"not_picked":["Pandora\u0027s Box","Tiny House"],"picked":"Busted Crown"}],"items_purged_floors":[38],"is_endless":false,"potions_floor_spawned":[1,2,11,19,24,25,28,29,31,33,35,37,41],"killed_by":"Reptomancer","ascension_level":20}}