{"host":"z4j51vjvl4ssilsu","time":1609019655,"event":{"mods":["AchievementEnabler","Act Like it!","Aspiration","BaseMod","Better Altar","Better Match","Better Note","Better Sensory Stone","Better Silent Start","Better Skull","Better Synergies","Better Third Choice","Better Vampires","Better-Laid Plans","BetterRewards","Block Reminder","CapriCore","Colored Powertips","Conspire","DeckTracker","Disable Question Mark Monsters","Elementarium","Emptier Cage","Energized Spire","Gensokyo","GifTheSpireLib","Gold Saver","Halation","Hallownest","Hubris","Infinite Spire","Ironclad Rager","Marisa????????","Minty Spire (QoL Compilation)","MostiFishMod","Permanent Neow","Quick Restart","RRrroohrrRGHHhhh!!","Replay The Spire","SCP261 Mod","SacredBarkPlus","Spicy Shops","StSLib","Stuff the Spire","The Servant 0.9.4","Transform Curses","Unceasing Turn Reminder"],"gold_per_floor":[113,41,55,55,55,55,55,55],"floor_reached":7,"playtime":357,"items_purged":[],"score":45,"play_id":"1750f787-33f8-40c6-a5aa-a163052fc3c0","local_time":"20201226185415","is_ascension_mode":true,"campfire_choices":[{"data":"Cloak And Dagger","floor":6,"key":"SMITH"}],"circlet_count":0,"master_deck":["Strike_G","Strike_G","Defend_G","Defend_G","Defend_G","Defend_G","Survivor","Neutralize","Cloak And Dagger+1","Finisher","Blade Dance","Hallucinations"],"relics":["Ring of the Snake","DaveBox","SynthV:TestCard","ReplayTheSpireMod:Ring of Collecting","hubris:Icosahedron"],"acts_visited":["Gensokyo:Gensokyo"],"potions_floor_usage":[],"damage_taken":[{"damage":4,"enemies":"Gensokyo:3_Fairies","floor":1,"turns":6},{"damage":0,"enemies":"Gensokyo:Python","floor":3,"turns":3},{"damage":47,"enemies":"Gensokyo:Cirno","floor":7,"turns":7}],"seed_played":"3644276274922221127","potions_obtained":[{"floor":1,"key":"SCP261:ThunderBarPotion"}],"is_trial":false,"path_per_floor":["M","$","M","?","?","R","E"],"character_chosen":"THE_SILENT","items_purchased":["Finisher"],"campfire_rested":0,"item_purchase_floors":[2],"current_hp_per_floor":[45,45,45,45,45,45,0,0],"gold":55,"neow_bonus":"REMOVE_TWO","is_daily":false,"chose_seed":false,"campfire_upgraded":1,"win_rate":0.0,"timestamp":1609019655,"path_taken":["M","$","M","?","?","R","E"],"items_purchased_type":["Card"],"build_version":"2020-12-22","purchased_purges":0,"victory":false,"max_hp_per_floor":[70,70,70,70,70,70,70,70],"card_choices":[{"not_picked":["Leg Sweep","hubris:SlightOfHand"],"picked":"Cloak And Dagger","floor":1},{"not_picked":["Outmaneuver","rorgmod:Slice","Deadly Poison","rorgmod:Prepared"],"picked":"Blade Dance","floor":3}],"player_experience":262256,"relics_obtained":[{"floor":1,"key":"SynthV:TestCard"},{"floor":4,"key":"ReplayTheSpireMod:Ring of Collecting"}],"event_choices":[],"is_beta":false,"boss_relics":[],"items_purged_floors":[],"is_endless":false,"potions_floor_spawned":[1],"killed_by":"Gensokyo:Cirno","ascension_level":3}}