{"host":"q9718omregw4er46","time":1609012804,"event":{"mods":["BaseMod","Colored Powertips","Minty Spire (QoL Compilation)","Quick Restart","Relic Stats"],"gold_per_floor":[110,130,9,9,26,26,52,327,327,327,178,198,198,230,230,230,230],"floor_reached":16,"playtime":538,"items_purged":["Regret"],"score":216,"play_id":"dbdf0b67-7580-49c1-809c-6ddc93a9c82c","local_time":"20201227010004","is_ascension_mode":true,"campfire_choices":[{"data":"Sunder","floor":6.0,"key":"SMITH"},{"data":"Lockon","floor":10.0,"key":"SMITH"},{"data":"Ball Lightning","floor":13.0,"key":"SMITH"},{"data":"Glacier","floor":15.0,"key":"SMITH"}],"circlet_count":0,"master_deck":["AscendersBane","Strike_B","Strike_B","Strike_B","Defend_B","Defend_B","Defend_B","Defend_B","Zap","Dualcast","Ball Lightning+1","Glacier+1","Lockon+1","Sunder+1","Core Surge","White Noise","White Noise"],"relics":["Cracked Core","Singing Bowl","StrikeDummy","Letter Opener"],"acts_visited":["Exordium"],"potions_floor_usage":[16],"damage_taken":[{"damage":2.0,"enemies":"2 Louse","floor":1.0,"turns":2.0},{"damage":15.0,"enemies":"Small Slimes","floor":2.0,"turns":3.0},{"damage":0.0,"enemies":"Cultist","floor":5.0,"turns":4.0},{"damage":8.0,"enemies":"Lagavulin","floor":7.0,"turns":6.0},{"damage":0.0,"enemies":"Large Slime","floor":12.0,"turns":4.0},{"damage":5.0,"enemies":"3 Sentries","floor":14.0,"turns":5.0},{"damage":37,"enemies":"Hexaghost","floor":16,"turns":9}],"seed_played":"-7900681302471705037","potions_obtained":[{"floor":2.0,"key":"Block Potion"},{"floor":5.0,"key":"Weak Potion"},{"floor":12.0,"key":"Block Potion"}],"is_trial":false,"path_per_floor":["M","M","$","?","M","R","E","?","T","R","$","M","R","E","R","B"],"character_chosen":"DEFECT","items_purchased":["Glacier","Lockon","White Noise"],"campfire_rested":0,"item_purchase_floors":[3,3,11],"current_hp_per_floor":[69,54,54,47,47,47,39,39,39,39,39,41,41,36,36,0,0],"gold":230,"neow_bonus":"TEN_PERCENT_HP_BONUS","is_daily":false,"chose_seed":false,"campfire_upgraded":4,"win_rate":0.0,"timestamp":1609012804,"path_taken":["M","M","$","?","M","R","E","?","T","R","$","M","R","E","R","BOSS"],"items_purchased_type":["Card","Card","Card"],"build_version":"2020-12-22","purchased_purges":1,"victory":false,"max_hp_per_floor":[78,78,78,78,78,78,78,78,78,78,78,80,80,80,80,80,80],"relic_stats":{"Singing Bowl":2,"counters":[7,33],"Letter Opener":[10],"obtain_stats":[{"Singing Bowl":7,"Letter Opener":14,"Cracked Core":0,"StrikeDummy":9},{"Singing Bowl":4,"Letter Opener":6,"Cracked Core":0,"StrikeDummy":4},{"Singing Bowl":15,"Letter Opener":24,"Cracked Core":0,"StrikeDummy":15}]},"card_choices":[{"not_picked":["Loop","Sweeping Beam"],"picked":"Ball Lightning","floor":1.0},{"not_picked":["Turbo","Leap","Reinforced Body"],"picked":"SKIP","floor":2.0},{"not_picked":["Gash","Chill"],"picked":"Sunder","floor":5.0},{"not_picked":["Static Discharge","Beam Cell"],"picked":"Core Surge","floor":7.0},{"not_picked":["Gash","Sweeping Beam","Recycle"],"picked":"Singing Bowl","floor":12.0},{"not_picked":["Static Discharge","Stack"],"picked":"White Noise","floor":14.0}],"player_experience":1123204,"relics_obtained":[{"floor":7.0,"key":"Singing Bowl"},{"floor":9.0,"key":"StrikeDummy"},{"floor":14.0,"key":"Letter Opener"}],"event_choices":[{"cards_removed":["Strike_B"],"damage_healed":0.0,"max_hp_gain":0.0,"max_hp_loss":0.0,"gold_gain":0.0,"event_name":"Golden Wing","player_choice":"Card Removal","floor":4.0,"gold_loss":0.0,"damage_taken":7.0},{"damage_healed":0.0,"max_hp_gain":0.0,"max_hp_loss":0.0,"gold_gain":275.0,"event_name":"Golden Shrine","player_choice":"Desecrate","floor":8.0,"gold_loss":0.0,"damage_taken":0.0,"cards_obtained":["Regret"]}],"is_beta":false,"boss_relics":[],"items_purged_floors":[11],"is_endless":false,"potions_floor_spawned":[2,5,12],"killed_by":"Hexaghost","ascension_level":20}}