{"host":"2nw7vjz0sy04etg3","time":1609001574,"event":{"mods":["BaseMod","DeckTracker","Minty Spire (QoL Compilation)","Quick Restart"],"gold_per_floor":[110,35,35,35,35,69,69,112,164,179,254,254,277,308,308,308,308],"floor_reached":16,"playtime":316,"items_purged":["Strike_B"],"score":315,"play_id":"d035ffc0-fbd4-4a06-8fa2-4548f4e3e54b","local_time":"20201227015254","is_ascension_mode":true,"campfire_choices":[{"data":"Dualcast","floor":7,"key":"SMITH"},{"floor":12,"key":"REST"},{"data":"Go for the Eyes","floor":15,"key":"SMITH"}],"circlet_count":0,"master_deck":["AscendersBane","Strike_B","Strike_B","Strike_B","Defend_B","Defend_B+1","Defend_B","Defend_B","Zap+1","Dualcast+1","Go for the Eyes+1","Sweeping Beam","Genetic Algorithm","Glacier"],"relics":["Cracked Core","NeowsBlessing","Golden Idol","Letter Opener","Blood Vial","Oddly Smooth Stone","Mango"],"acts_visited":["Exordium"],"potions_floor_usage":[14,16],"damage_taken":[{"damage":0,"enemies":"Small Slimes","floor":1,"turns":1},{"damage":0,"enemies":"Gremlin Nob","floor":6,"turns":1},{"damage":0,"enemies":"3 Sentries","floor":8,"turns":1},{"damage":9,"enemies":"2 Louse","floor":10,"turns":3},{"damage":5,"enemies":"Jaw Worm","floor":13,"turns":3},{"damage":9,"enemies":"Lagavulin","floor":14,"turns":5},{"damage":35,"enemies":"Slime Boss","floor":16,"turns":11}],"seed_played":"-6267908343391408671","potions_obtained":[{"floor":6,"key":"PowerPotion"},{"floor":8,"key":"SpeedPotion"}],"is_trial":false,"path_per_floor":["M","$","?","?","?","E","R","E","T","M","?","R","M","E","R","B"],"character_chosen":"DEFECT","items_purchased":[],"campfire_rested":1,"item_purchase_floors":[],"current_hp_per_floor":[64,64,64,64,45,45,45,45,45,38,27,46,43,50,50,17,17],"gold":308,"neow_bonus":"THREE_ENEMY_KILL","is_daily":false,"chose_seed":false,"campfire_upgraded":2,"win_rate":0.0,"timestamp":1609001574,"path_taken":["M","$","?","?","?","E","R","E","T","?","?","R","M","E","R","BOSS"],"items_purchased_type":[],"build_version":"2020-12-22","purchased_purges":1,"victory":false,"max_hp_per_floor":[71,71,64,64,64,64,64,64,64,64,64,64,64,78,78,78,78],"card_choices":[{"not_picked":["Blizzard","Steam Power"],"picked":"Go for the Eyes","floor":1},{"not_picked":["Steam","Go for the Eyes","Reinforced Body"],"picked":"SKIP","floor":6},{"not_picked":["Consume","Steam Power"],"picked":"Sweeping Beam","floor":8},{"not_picked":["Compile Driver","Scrape"],"picked":"Genetic Algorithm","floor":10},{"not_picked":["Redo","Go for the Eyes","Scrape"],"picked":"SKIP","floor":13},{"not_picked":["Capacitor","Turbo"],"picked":"Glacier","floor":14}],"player_experience":238465,"relics_obtained":[{"floor":6,"key":"Letter Opener"},{"floor":8,"key":"Blood Vial"},{"floor":9,"key":"Oddly Smooth Stone"},{"floor":14,"key":"Mango"}],"event_choices":[{"damage_healed":0,"gold_gain":0,"player_choice":"Lose Max HP","damage_taken":0,"relics_obtained":["Golden Idol"],"max_hp_gain":0,"max_hp_loss":7,"event_name":"Golden Idol","floor":3,"gold_loss":0},{"damage_healed":0,"gold_gain":0,"player_choice":"Leave","damage_taken":0,"max_hp_gain":0,"max_hp_loss":0,"event_name":"The Cleric","floor":4,"gold_loss":0},{"damage_healed":0,"gold_gain":0,"player_choice":"Entered Light","damage_taken":19,"max_hp_gain":0,"max_hp_loss":0,"event_name":"Shining Light","floor":5,"gold_loss":0,"cards_upgraded":["Zap","Defend_B"]},{"damage_healed":0,"gold_gain":75,"player_choice":"Gather Gold","damage_taken":11,"max_hp_gain":0,"max_hp_loss":0,"event_name":"World of Goop","floor":11,"gold_loss":0}],"is_beta":false,"boss_relics":[],"items_purged_floors":[2],"is_endless":false,"potions_floor_spawned":[6,8,10,13],"killed_by":"Slime Boss","ascension_level":18}}