{"host":"7elm0r5975gb9iir","time":1609021698,"event":{"mods":["AchievementEnabler","BaseMod","Colored Map","DeckTracker","Keyboard Shortcuts","Minty Spire (QoL Compilation)","Permanent Neow","Random Character Button","SuperFastMode"],"gold_per_floor":[113,188,202,202,212,244,254,254,254,274,274,287,14,14,14,109,109,120,134,154,166,91,91,122,134,134,59,59,59,88,105,105,203,203,215,230,49,65,120,151,151,180,180,180,192,202,202,227,227,227,227],"floor_reached":50,"playtime":3977,"items_purged":["Chaos","Cold Snap"],"score":624,"play_id":"40b458d5-a12b-4b8a-b80e-e950ae53692f","local_time":"20201227072818","is_ascension_mode":false,"campfire_choices":[{"floor":8,"key":"REST"},{"floor":11,"key":"REST"},{"data":"Rainbow","floor":15,"key":"SMITH"},{"floor":23,"key":"REST"},{"data":"Reboot","floor":28,"key":"SMITH"},{"floor":32,"key":"REST"},{"floor":41,"key":"REST"},{"data":"Streamline","floor":47,"key":"PURGE"},{"floor":49,"key":"REST"}],"circlet_count":0,"master_deck":["Defragment","Defragment","Gash","Rainbow+1","Reboot+1","Coolheaded","FTL","All For One","Beam Cell","Melter+1","Rebound+1","Lockon+1","Beam Cell+1","Seek","Hologram+1","Ball Lightning+1","FTL+1","Skim","Gash+1","Rebound+1","Steam","Streamline+1","Rebound+1","Buffer","Streamline+1","Gash+1","Steam Power+1","Redo+1","Redo+1","Buffer","BootSequence+1","Scrape+1","All For One+1"],"relics":["Pandora\u0027s Box","Mummified Hand","Molten Egg 2","Orichalcum","Black Star","Peace Pipe","Bag of Marbles","Letter Opener","Mango","Toxic Egg 2","Runic Pyramid","Calipers","Toy Ornithopter","Bottled Tornado","Pantograph","White Beast Statue","Ice Cream","Mercury Hourglass","Kunai"],"acts_visited":["Exordium","TheCity","TheBeyond"],"potions_floor_usage":[24,24,30,33,40,50,50,50],"damage_taken":[{"damage":11,"enemies":"Jaw Worm","floor":1,"turns":2},{"damage":4,"enemies":"Small Slimes","floor":3,"turns":4},{"damage":1,"enemies":"Cultist","floor":5,"turns":3},{"damage":0,"enemies":"Lagavulin","floor":6,"turns":8},{"damage":13,"enemies":"Exordium Thugs","floor":7,"turns":4},{"damage":15,"enemies":"Lots of Slimes","floor":10,"turns":4},{"damage":2,"enemies":"Large Slime","floor":12,"turns":4},{"damage":47,"enemies":"The Guardian","floor":16,"turns":5},{"damage":16,"enemies":"2 Thieves","floor":18,"turns":3},{"damage":0,"enemies":"Chosen","floor":19,"turns":3},{"damage":15,"enemies":"Centurion and Healer","floor":20,"turns":4},{"damage":5,"enemies":"Snecko","floor":21,"turns":3},{"damage":4,"enemies":"Book of Stabbing","floor":24,"turns":2},{"damage":19,"enemies":"3 Cultists","floor":25,"turns":4},{"damage":21,"enemies":"Gremlin Leader","floor":30,"turns":5},{"damage":12,"enemies":"Shelled Parasite and Fungi","floor":31,"turns":2},{"damage":65,"enemies":"Champ","floor":33,"turns":8},{"damage":14,"enemies":"3 Shapes","floor":35,"turns":2},{"damage":4,"enemies":"Orb Walker","floor":36,"turns":2},{"damage":0,"enemies":"Jaw Worm Horde","floor":38,"turns":3},{"damage":32,"enemies":"2 Orb Walkers","floor":39,"turns":4},{"damage":39,"enemies":"Nemesis","floor":40,"turns":5},{"damage":13,"enemies":"Reptomancer","floor":42,"turns":4},{"damage":0,"enemies":"Transient","floor":45,"turns":5},{"damage":10,"enemies":"Maw","floor":46,"turns":6},{"damage":30,"enemies":"Giant Head","floor":48,"turns":7},{"damage":123,"enemies":"Time Eater","floor":50,"turns":8}],"seed_played":"2152606219284584565","potions_obtained":[{"floor":1,"key":"SteroidPotion"},{"floor":3,"key":"LiquidMemories"},{"floor":16,"key":"CultistPotion"},{"floor":18,"key":"SteroidPotion"},{"floor":21,"key":"Regen Potion"},{"floor":24,"key":"Ancient Potion"},{"floor":25,"key":"Fruit Juice"},{"floor":33,"key":"Dexterity Potion"},{"floor":40,"key":"Weak Potion"},{"floor":45,"key":"Ancient Potion"}],"is_trial":false,"path_per_floor":["M","?","M","?","M","E","M","R","T","M","R","M","$","?","R","B",null,"M","M","M","M","?","R","E","M","T","$","R","?","E","M","R","B",null,"M","M","$","M","?","E","R","E","T","?","M","M","R","E","R","B"],"character_chosen":"DEFECT","items_purchased":["Lockon+1","Orichalcum","Beam Cell+1","Steam Power+1"],"campfire_rested":6,"item_purchase_floors":[13,13,13,37],"current_hp_per_floor":[64,53,49,49,48,48,35,57,57,42,64,62,62,85,85,38,85,69,69,54,49,49,74,75,56,56,56,56,56,54,42,73,8,104,90,86,86,86,54,15,46,33,33,104,104,94,94,64,95,0,0],"gold":227,"neow_bonus":"BOSS_RELIC","is_daily":false,"chose_seed":false,"campfire_upgraded":2,"win_rate":0.0,"timestamp":1609021698,"path_taken":["M","?","M","?","M","E","M","R","T","M","R","?","$","?","R","BOSS","M","?","M","M","?","R","E","M","T","$","R","?","E","M","R","BOSS","M","?","$","M","?","E","R","E","T","?","M","?","R","E","R","BOSS"],"items_purchased_type":["Card","Relic","Card","Card"],"build_version":"2020-12-22","purchased_purges":2,"victory":false,"max_hp_per_floor":[75,75,75,75,75,75,75,75,75,75,75,75,75,85,85,85,85,85,85,85,85,85,85,85,85,85,85,85,85,104,104,104,104,104,104,104,104,104,104,104,104,104,104,104,104,104,104,104,104,104,104],"card_choices":[{"not_picked":["Darkness","Storm"],"picked":"Coolheaded","floor":1},{"not_picked":["Sweeping Beam","Rebound"],"picked":"Streamline","floor":3},{"not_picked":["Consume","Stack"],"picked":"Cold Snap","floor":5},{"not_picked":["Rip and Tear","Capacitor"],"picked":"All For One","floor":6},{"not_picked":["Stack","Hologram"],"picked":"Beam Cell","floor":7},{"not_picked":["Reprogram","Steam Power"],"picked":"Melter+1","floor":10},{"not_picked":["White Noise","Reprogram"],"picked":"Rebound+1","floor":12},{"not_picked":["Multi-Cast","Thunder Strike+1"],"picked":"Seek","floor":16},{"not_picked":["Coolheaded","Heatsinks+1"],"picked":"Hologram+1","floor":18},{"not_picked":["Skim","Barrage+1"],"picked":"Ball Lightning+1","floor":19},{"not_picked":["Scrape+1","Rip and Tear+1"],"picked":"FTL+1","floor":20},{"not_picked":["Double Energy","Reprogram"],"picked":"Skim","floor":21},{"not_picked":["Sweeping Beam+1","Consume+1"],"picked":"Gash+1","floor":24},{"not_picked":["Cold Snap+1","Ball Lightning+1"],"picked":"Rebound+1","floor":25},{"not_picked":["Coolheaded+1","Lockon+1"],"picked":"Streamline+1","floor":30},{"not_picked":["Capacitor","Creative AI"],"picked":"Rebound+1","floor":31},{"not_picked":["Amplify+1","Creative AI"],"picked":"Buffer","floor":33},{"not_picked":["Blizzard+1","Hologram+1"],"picked":"Streamline+1","floor":35},{"not_picked":["Hologram+1","Ball Lightning+1"],"picked":"Gash+1","floor":36},{"not_picked":["Lockon+1","Coolheaded+1"],"picked":"Redo+1","floor":38},{"not_picked":["Blizzard+1","Beam Cell+1"],"picked":"Redo+1","floor":39},{"not_picked":["Compile Driver+1","Melter+1"],"picked":"Buffer","floor":40},{"not_picked":["Ball Lightning+1","Compile Driver+1"],"picked":"BootSequence+1","floor":42},{"not_picked":["Self Repair+1","Steam+1"],"picked":"Scrape+1","floor":45},{"not_picked":["Hologram+1","Darkness+1","Compile Driver+1"],"picked":"SKIP","floor":46},{"not_picked":["Lockon+1","Stack+1"],"picked":"All For One+1","floor":48}],"player_experience":61413,"relics_obtained":[{"floor":6,"key":"Mummified Hand"},{"floor":9,"key":"Molten Egg 2"},{"floor":24,"key":"Peace Pipe"},{"floor":24,"key":"Bag of Marbles"},{"floor":26,"key":"Letter Opener"},{"floor":30,"key":"Mango"},{"floor":30,"key":"Toxic Egg 2"},{"floor":39,"key":"Calipers"},{"floor":40,"key":"Toy Ornithopter"},{"floor":40,"key":"Bottled Tornado"},{"floor":42,"key":"Pantograph"},{"floor":42,"key":"White Beast Statue"},{"floor":43,"key":"Ice Cream"},{"floor":48,"key":"Mercury Hourglass"},{"floor":48,"key":"Kunai"}],"event_choices":[{"damage_healed":0,"gold_gain":75,"player_choice":"Gather Gold","damage_taken":11,"max_hp_gain":0,"max_hp_loss":0,"event_name":"World of Goop","floor":2,"gold_loss":0},{"damage_healed":0,"gold_gain":0,"cards_transformed":["Zap"],"player_choice":"Transformed","damage_taken":0,"max_hp_gain":0,"max_hp_loss":0,"event_name":"Transmorgrifier","floor":4,"gold_loss":0,"cards_obtained":["FTL"]},{"cards_removed":["Thunder Strike"],"damage_healed":13,"gold_gain":0,"player_choice":"Offered Rare","damage_taken":0,"max_hp_gain":10,"max_hp_loss":0,"event_name":"Bonfire Elementals","floor":14,"gold_loss":0},{"cards_removed":["Chaos"],"damage_healed":0,"gold_gain":0,"player_choice":"Gave Gold","damage_taken":0,"max_hp_gain":0,"max_hp_loss":0,"event_name":"Beggar","floor":22,"gold_loss":75},{"damage_healed":0,"gold_gain":0,"cards_transformed":["Dualcast"],"player_choice":"Transformed","damage_taken":0,"max_hp_gain":0,"max_hp_loss":0,"event_name":"Transmorgrifier","floor":29,"gold_loss":0,"cards_obtained":["Steam"]},{"damage_healed":0,"gold_gain":0,"player_choice":"Fight","damage_taken":0,"max_hp_gain":0,"max_hp_loss":0,"event_name":"Mysterious Sphere","floor":39,"gold_loss":0},{"damage_healed":71,"gold_gain":0,"player_choice":"Full Heal","damage_taken":0,"max_hp_gain":0,"max_hp_loss":0,"event_name":"Wheel of Change","floor":44,"gold_loss":0}],"is_beta":false,"boss_relics":[{"not_picked":["Cursed Key","Inserter"],"picked":"Black Star"},{"not_picked":["Velvet Choker","Philosopher\u0027s Stone"],"picked":"Runic Pyramid"}],"items_purged_floors":[27,37],"is_endless":false,"potions_floor_spawned":[1,3,16,18,21,24,25,33,40,45,46,48],"killed_by":"Time Eater","ascension_level":0}}