{"host":"6d7y2d7a0xmat6il","time":1609016061,"event":{"mods":["AchievementEnabler","Aspiration","BaseMod","Better Note","Colored Map","Colored Powertips","Conspire","Highlight Path","Hubris","Infinite Spire","Marisa????????","Minty Spire (QoL Compilation)","Permanent Neow","Replay The Spire","Shop Mod","StSLib","The Wild Card","vexMod"],"gold_per_floor":[117,130,130,145,52,86,86,36,36,102,121,121,136,148,148,253,253,264,40,315,315,325,352,352,363,363,363,363,228,245,258,258,375,375,360,360,300,332,382,436,436,238,238,238,263,263,263],"floor_reached":46,"playtime":2623,"items_purged":["Regret","Defend_P"],"score":523,"play_id":"3e1b2d39-5e03-497f-b4db-10da19632b8d","local_time":"20201226125421","is_ascension_mode":false,"campfire_choices":[{"data":"Evaluate","floor":7,"key":"SMITH"},{"data":"Eruption","floor":15,"key":"SMITH"},{"data":"ForeignInfluence","floor":27,"key":"SMITH"},{"data":"DevaForm","floor":41,"key":"SMITH"}],"circlet_count":0,"master_deck":["Defend_P","Defend_P+1","Eruption+1","Vigilance","Judgement","FlurryOfBlows+1","Evaluate+1","BattleHymn+1","CutThroughFate","LessonLearned","Halt","Prostrate+1","ForeignInfluence+1","Steam","EmptyFist","BowlingBash","Brilliance","Replay:Hum","SashWhip+1","ReplayUltimateDefense","Adaptation+1","FollowUp+1","FearNoEvil","Devotion","DevaForm+1","Nirvana+1","Replay:Cycle","EmptyMind","LikeWater+1","ConjureBlade","Replay:ManipulateFuture+1","Good Instincts","Finesse","conspire:Banana","Dark Shackles","Tantrum+1"],"relics":["PureWater","Replay:Mystery Machine","conspire:DeflatedDodgeball","vexMod:MemoryStick","hubris:Icosahedron","HornCleat","Garlic","MerchantsRug","infinitespire:EvilPickle","SlaversCollar","hubris:Towel","TungstenRod","infinitespire:FocusingShard","Replay:WaspNest"],"acts_visited":["Exordium","TheCity","TheBeyond"],"potions_floor_usage":[6,11,16,16,33,33,33,40,40,45,46],"damage_taken":[{"damage":0,"enemies":"Jaw Worm","floor":1,"turns":2},{"damage":0,"enemies":"conspire:RoseBush","floor":2,"turns":1},{"damage":0,"enemies":"Cultist","floor":4,"turns":2},{"damage":10,"enemies":"Lagavulin","floor":6,"turns":4},{"damage":13,"enemies":"Red Slaver","floor":11,"turns":5},{"damage":0,"enemies":"Looter","floor":13,"turns":2},{"damage":0,"enemies":"3 Louse","floor":14,"turns":3},{"damage":31,"enemies":"The Guardian","floor":16,"turns":11},{"damage":5,"enemies":"Chosen","floor":18,"turns":6},{"damage":0,"enemies":"Spheric Guardian","floor":22,"turns":1},{"damage":4,"enemies":"Cultist and Chosen","floor":25,"turns":5},{"damage":0,"enemies":"Snecko","floor":30,"turns":5},{"damage":0,"enemies":"Centurion and Healer","floor":31,"turns":3},{"damage":14,"enemies":"Pondfish","floor":33,"turns":6},{"damage":15,"enemies":"3 Darklings","floor":35,"turns":4},{"damage":0,"enemies":"3 Shapes","floor":38,"turns":6},{"damage":0,"enemies":"Mind Bloom Boss Battle","floor":39,"turns":6},{"damage":22,"enemies":"Nemesis","floor":40,"turns":7},{"damage":0,"enemies":"Maw","floor":45,"turns":8},{"damage":58,"enemies":"Reptomancer","floor":46,"turns":2}],"seed_played":"-5842215916280605579","potions_obtained":[{"floor":1,"key":"SteroidPotion"},{"floor":4,"key":"LiquidBronze"},{"floor":10,"key":"Regen Potion"},{"floor":13,"key":"BlessingOfTheForge"},{"floor":16,"key":"Swift Potion"},{"floor":30,"key":"EssenceOfSteel"},{"floor":31,"key":"PowerPotion"},{"floor":35,"key":"LifebloodPotion"},{"floor":38,"key":"Explosive Potion"},{"floor":39,"key":"GamblersBrew"},{"floor":45,"key":"Explosive Potion"}],"is_trial":false,"path_per_floor":["M","M","?","M","$","E","R","?","T","?","M","?","M","M","R","B",null,"M","$","?","?","M","T","?","M","T","R","T","$","M","M","R_BF","B",null,"M","?","?","M","?","E","R","$","T","?","M","E"],"character_chosen":"WATCHER","items_purchased":["BattleHymn","CutThroughFate","SashWhip+1","ReplayUltimateDefense","MerchantsRug","FearNoEvil","Good Instincts"],"campfire_rested":0,"item_purchase_floors":[5,5,19,19,29,29,42],"current_hp_per_floor":[72,72,72,72,72,62,62,62,62,34,35,35,35,35,35,4,72,67,67,67,67,67,67,67,63,63,63,63,63,63,63,72,58,72,57,57,57,72,72,50,50,50,50,41,42,0,0],"gold":263,"neow_bonus":"ONE_RANDOM_RARE_CARD","is_daily":false,"chose_seed":false,"campfire_upgraded":4,"win_rate":0.0,"timestamp":1609016061,"path_taken":["M","M","?","?","?","E","R","?","T","?","M","?","M","M","R","BOSS","M","$","?","?","M","?","?","M","T","R","?","?","M","M","R_BF","BOSS","M","?","?","?","?","E","R","$","T","?","M","E"],"items_purchased_type":["Card","Card","Card","Card","Relic","Card","Card"],"build_version":"2020-12-22","purchased_purges":2,"victory":false,"max_hp_per_floor":[72,72,72,72,72,72,72,72,72,72,72,72,72,72,72,72,72,72,72,72,72,72,72,72,72,72,72,72,72,72,72,72,72,72,72,72,72,72,72,72,72,72,72,72,73,73,73],"card_choices":[{"not_picked":["Replay:BluntJabs","EmptyFist"],"picked":"FlurryOfBlows","floor":1},{"not_picked":["Replay:BluntJabs","ClearTheMind"],"picked":"InnerPeace","floor":2},{"not_picked":["PathToVictory","EmptyFist"],"picked":"Evaluate","floor":4},{"not_picked":["ReachHeaven","Replay:BluntJabs"],"picked":"LessonLearned","floor":6},{"not_picked":["Crescendo","Replay:AtTheReady"],"picked":"Halt","floor":10},{"not_picked":["Indignation","EmptyMind"],"picked":"Prostrate","floor":11},{"not_picked":["Replay:BluntJabs","Replay:AtTheReady"],"picked":"EmptyFist","floor":13},{"not_picked":["Replay:BluntJabs","SignatureMove"],"picked":"BowlingBash","floor":14},{"not_picked":["ConjureBlade","LessonLearned"],"picked":"Brilliance","floor":16},{"not_picked":["JustLucky","FlurryOfBlows"],"picked":"Replay:Hum","floor":18},{"not_picked":["PathToVictory","Consecrate"],"picked":"Adaptation+1","floor":22},{"not_picked":["Consecrate","EmptyFist"],"picked":"FollowUp+1","floor":25},{"not_picked":["Halt","CutThroughFate","Evaluate"],"picked":"SKIP","floor":30},{"not_picked":["WheelKick","Swivel+1"],"picked":"Devotion","floor":31},{"not_picked":["Vault","Omniscience"],"picked":"DevaForm","floor":33},{"not_picked":["EmptyFist","Evaluate+1"],"picked":"Nirvana+1","floor":35},{"not_picked":["SashWhip+1","ClearTheMind"],"picked":"LikeWater+1","floor":38},{"not_picked":["WheelKick","EmptyFist"],"picked":"ConjureBlade","floor":39},{"not_picked":["LikeWater+1","Halt"],"picked":"Replay:ManipulateFuture+1","floor":40},{"not_picked":["Replay:Bootleg Shield Generator","Replay:Sssssssssstrike"],"picked":"Finesse","floor":44},{"not_picked":["Sadistic Nature","Specialist"],"picked":"conspire:Banana","floor":44},{"not_picked":["Mind Blast","Midas Touch"],"picked":"Dark Shackles","floor":44},{"not_picked":["BowlingBash","FollowUp"],"picked":"Tantrum+1","floor":45}],"player_experience":150983,"relics_obtained":[{"floor":6,"key":"Replay:Mystery Machine"},{"floor":9,"key":"aspiration:TomeofQuesting"},{"floor":10,"key":"conspire:DeflatedDodgeball"},{"floor":23,"key":"vexMod:MemoryStick"},{"floor":26,"key":"HornCleat"},{"floor":28,"key":"Garlic"},{"floor":39,"key":"TungstenRod"},{"floor":40,"key":"infinitespire:FocusingShard"},{"floor":43,"key":"Replay:WaspNest"}],"event_choices":[{"cards_removed":["InnerPeace"],"damage_healed":0,"gold_gain":0,"player_choice":"Offered Uncommon","damage_taken":0,"max_hp_gain":0,"max_hp_loss":0,"event_name":"Bonfire Elementals","floor":3,"gold_loss":0},{"cards_removed":["Strike_P"],"damage_healed":0,"gold_gain":0,"player_choice":"Card Removal","damage_taken":0,"max_hp_gain":0,"max_hp_loss":0,"event_name":"The Cleric","floor":8,"gold_loss":50},{"damage_healed":0,"gold_gain":275,"player_choice":"Desecrate","damage_taken":0,"max_hp_gain":0,"max_hp_loss":0,"event_name":"Golden Shrine","floor":20,"gold_loss":0,"cards_obtained":["Regret"]},{"damage_healed":0,"gold_gain":0,"player_choice":"Ignored","damage_taken":0,"max_hp_gain":0,"max_hp_loss":0,"event_name":"betterNote:BetterNote","floor":21,"gold_loss":0,"cards_obtained":["Ghostly"]},{"damage_healed":0,"gold_gain":0,"cards_transformed":["Strike_P","Strike_P"],"player_choice":"Transformed Cards","damage_taken":0,"max_hp_gain":0,"max_hp_loss":0,"event_name":"Designer","floor":37,"gold_loss":60,"cards_obtained":["Replay:Cycle","EmptyMind"]},{"damage_healed":0,"gold_gain":0,"player_choice":"Fight","damage_taken":0,"max_hp_gain":0,"max_hp_loss":0,"event_name":"MindBloom","floor":39,"gold_loss":0},{"damage_healed":0,"gold_gain":0,"player_choice":"Memory 3","damage_taken":10,"max_hp_gain":0,"max_hp_loss":0,"event_name":"SensoryStone","floor":44,"gold_loss":0}],"is_beta":false,"boss_relics":[{"not_picked":["SacredBark","aspiration:RitualDagger"],"picked":"aspiration:RunicSpoon"},{"not_picked":["Honey Jar","aspiration:SecretTechniqueScroll"],"picked":"SlaversCollar"}],"items_purged_floors":[29,42],"is_endless":false,"potions_floor_spawned":[1,4,13,16,30,31,35,38,39,45],"killed_by":"Reptomancer","ascension_level":0}}