{"host":"w5ovz9boloi14a0g","time":1609017433,"event":{"mods":["BaseMod","Googly Eyes","Minty Spire (QoL Compilation)","Replay The Spire","StSLib","SuperFastMode"],"gold_per_floor":[113,67,87,100,137,171,171,182,182,210,229,229,240,265,265,362,362,379,379,379,396,596,596,624,641,667,679,679],"floor_reached":27,"playtime":723,"items_purged":[],"score":378,"play_id":"0b448e5e-a4b0-4e11-b4a7-5dd1f1820b6d","local_time":"20201226151713","is_ascension_mode":false,"campfire_choices":[{"floor":7,"key":"REST"},{"floor":12,"key":"REST"},{"floor":15,"key":"REST"},{"floor":23,"key":"REST"}],"circlet_count":0,"master_deck":["Strike_B","Strike_B","Strike_B","Strike_B","Defend_B","Defend_B","Defend_B","Defend_B","Zap","Dualcast","Decay","White Noise","Leap","ReplayTheSpireMod:Calculation Training","BasicCrystalCard","Reboot","Doom and Gloom","Conserve Battery","Panic Button","Electrodynamics","Ball Lightning","Sweeping Beam+1","BasicCrystalCard+1"],"relics":["Cracked Core","Unceasing Top","WingedGreaves","MealTicket","Letter Opener","Peace Pipe","Prayer Wheel","Strawberry","Ring of Chaos","Divine Protection","Question Card","MawBank"],"acts_visited":["Exordium","TheCity"],"potions_floor_usage":[10,25],"damage_taken":[{"damage":1,"enemies":"Jaw Worm","floor":1,"turns":3},{"damage":10,"enemies":"Small Slimes","floor":3,"turns":2},{"damage":9,"enemies":"Cultist","floor":4,"turns":5},{"damage":15,"enemies":"Replay:BlueRogue","floor":6,"turns":5},{"damage":0,"enemies":"Large Slime","floor":8,"turns":5},{"damage":46,"enemies":"Gremlin Nob","floor":10,"turns":4},{"damage":0,"enemies":"Exordium Wildlife","floor":11,"turns":3},{"damage":2,"enemies":"3 Louse","floor":13,"turns":2},{"damage":6,"enemies":"Lagavulin","floor":14,"turns":7},{"damage":57,"enemies":"Fading Forest","floor":16,"turns":11},{"damage":13,"enemies":"3 Byrds","floor":18,"turns":4},{"damage":24,"enemies":"2 Thieves","floor":21,"turns":3},{"damage":18,"enemies":"Replay:Snechameleon","floor":24,"turns":5},{"damage":24,"enemies":"3 Cultists","floor":25,"turns":5},{"damage":21,"enemies":"Snake Plant","floor":27,"turns":3}],"seed_played":"-957794388849599330","potions_obtained":[{"floor":4,"key":"Swift Potion"},{"floor":8,"key":"FocusPotion"},{"floor":10,"key":"PotionOfCapacity"},{"floor":13,"key":"Weak Potion"},{"floor":25,"key":"Fruit Juice"}],"is_trial":false,"path_per_floor":["M","$","M","M","?","E","R","M","T","E","M","R","M","E","R","B",null,"M","?","T","M","?","R","E","M","T","M"],"character_chosen":"DEFECT","items_purchased":["Leap"],"campfire_rested":4,"item_purchase_floors":[2],"current_hp_per_floor":[74,74,64,55,55,40,62,62,62,16,16,38,36,37,61,22,82,69,53,53,29,29,55,37,18,18,0,0],"gold":679,"neow_bonus":"ONE_RARE_RELIC","is_daily":false,"chose_seed":false,"campfire_upgraded":0,"win_rate":0.0,"timestamp":1609017433,"path_taken":["M","$","M","M","?","E","R","M","T","E","?","R","M","E","R","BOSS","M","?","?","M","?","R","E","M","T","?"],"items_purchased_type":["Card"],"build_version":"2020-12-22","purchased_purges":0,"victory":false,"max_hp_per_floor":[75,75,75,75,75,75,75,75,75,75,75,75,75,82,82,82,82,82,87,87,87,87,87,87,92,92,92,92],"card_choices":[{"not_picked":["Sweeping Beam","Stack"],"picked":"White Noise","floor":1},{"not_picked":["Streamline","Rebound"],"picked":"ReplayTheSpireMod:Calculation Training","floor":3},{"not_picked":["Beam Cell","Leap"],"picked":"BasicCrystalCard","floor":4},{"not_picked":["Steam","Skim"],"picked":"Reboot","floor":5},{"not_picked":["ReplaySolidLightProjector","Redo","Rebound"],"picked":"SKIP","floor":6},{"not_picked":["ReplayTheSpireMod:System Scan","BasicCrystalCard"],"picked":"Doom and Gloom","floor":8},{"not_picked":["Steam","Coolheaded","Rebound"],"picked":"SKIP","floor":10},{"not_picked":["Gash","Beam Cell"],"picked":"ReplayTheSpireMod:Fabricate Wheel","floor":11},{"not_picked":["Heatsinks","Go for the Eyes"],"picked":"Conserve Battery","floor":13},{"not_picked":["Steam Power","Time Bomb"],"picked":"Panic Button","floor":14},{"not_picked":["Seek","Amplify"],"picked":"Electrodynamics","floor":16},{"not_picked":["Turbo+1","ReplayTheSpireMod:Calculation Training"],"picked":"Ball Lightning","floor":18},{"not_picked":["Steam","White Noise"],"picked":"Sweeping Beam+1","floor":18},{"not_picked":["Lockon","Turbo+1"],"picked":"BasicCrystalCard+1","floor":21},{"not_picked":["Rip and Tear","Steam+1","Barrage+1"],"picked":"SKIP","floor":21},{"not_picked":["Undo","Go for the Eyes","Stack"],"picked":"SKIP","floor":24},{"not_picked":["Leap","Barrage+1","Stack","Blizzard"],"picked":"SKIP","floor":25},{"not_picked":["Storm+1","Rainbow","Leap","Stack"],"picked":"SKIP","floor":25}],"player_experience":24859,"relics_obtained":[{"floor":5,"key":"WingedGreaves"},{"floor":6,"key":"MealTicket"},{"floor":9,"key":"Letter Opener"},{"floor":10,"key":"Peace Pipe"},{"floor":14,"key":"Strawberry"},{"floor":20,"key":"Divine Protection"},{"floor":24,"key":"Question Card"},{"floor":26,"key":"MawBank"}],"event_choices":[{"damage_healed":0,"gold_gain":0,"player_choice":"Shed Blood","damage_taken":21,"max_hp_gain":5,"max_hp_loss":0,"event_name":"Forgotten Altar","floor":19,"gold_loss":0},{"damage_healed":0,"gold_gain":250,"player_choice":"Bet on Owner","damage_taken":0,"max_hp_gain":0,"max_hp_loss":0,"event_name":"The Joust","floor":22,"gold_loss":50}],"is_beta":false,"boss_relics":[{"not_picked":["Velvet Choker","Honey Jar"],"picked":"Ring of Chaos"}],"items_purged_floors":[],"is_endless":false,"potions_floor_spawned":[4,8,10,13,16,25],"killed_by":"Snake Plant","ascension_level":0}}