{"host":"1zjc08c6hob33401","time":1609014233,"event":{"mods":["AchievementEnabler","Act Like it!","Aspiration","BaseMod","Downfall","Energized Spire","GifTheSpireLib","Hubris","Infinite Spire","Jedi Mod","Jorbs\u0027s Wanderer Trilogy","Marisa????????","Minty Spire (QoL Compilation)","Pale of the Ancients","Quick Restart","Replay The Spire","Retaliation","Shop Mod","StSLib","Stuff the Spire","Swap Starting Deck Mod","The Blue Laboratory","Wandering Minibosses","vexMod"],"gold_per_floor":[110,110,35,51,68,68,93,93,116,16,16,16,27,37,37,37,37],"floor_reached":16,"playtime":2209,"items_purged":["Defend_G","Defend_G"],"score":135,"play_id":"35d2202f-0522-4fd8-89e8-18e7cf846a8d","local_time":"20201226222353","is_ascension_mode":true,"campfire_choices":[{"data":"StuffTheSpire:BumpUp","floor":6.0,"key":"SMITH"},{"data":"infinitespire:Neurotoxin","floor":8.0,"key":"SMITH"},{"data":"Neutralize","floor":11.0,"key":"SMITH"}],"circlet_count":0,"master_deck":["Strike_G","Strike_G","Strike_G","Strike_G","Defend_G","Defend_G","Survivor","Neutralize+1","StuffTheSpire:MirrorStance","Calculated Gamble","StuffTheSpire:Incantation","StuffTheSpire:BumpUp+1","infinitespire:Neurotoxin+1","Dash","jedi:pocketpoison+1"],"relics":["Ring of the Snake","hubris:AncientText","Replay:Rubber Ducky"],"acts_visited":["Exordium"],"potions_floor_usage":[],"damage_taken":[{"damage":0.0,"enemies":"2 Louse","floor":1.0,"turns":2.0},{"damage":0.0,"enemies":"Cultist","floor":4.0,"turns":4.0},{"damage":3.0,"enemies":"Jaw Worm","floor":5.0,"turns":4.0},{"damage":38.0,"enemies":"Lagavulin","floor":7.0,"turns":8.0},{"damage":0.0,"enemies":"Gremlin Gang","floor":13.0,"turns":1.0},{"damage":14,"enemies":"Lots of Slimes","floor":14,"turns":6},{"damage":44,"enemies":"Slime Boss","floor":16,"turns":8}],"seed_played":"1954808833285051704","potions_obtained":[{"floor":1.0,"key":"PowerPotion"},{"floor":4.0,"key":"blueLaboratory:Virophage"},{"floor":7.0,"key":"Fire Potion"}],"is_trial":false,"path_per_floor":["M","?","$","M","M","R","E","R","T","$","R","?","M","M","R","B"],"character_chosen":"THE_SILENT","items_purchased":[],"campfire_rested":0,"item_purchase_floors":[],"current_hp_per_floor":[70,70,70,70,67,67,29,29,29,29,29,29,29,15,38,0,0],"gold":37,"neow_bonus":"TEN_PERCENT_HP_BONUS","is_daily":false,"chose_seed":false,"campfire_upgraded":3,"win_rate":0.0,"timestamp":1609014233,"path_taken":["M","?","$","?","M","R","E","R","T","$","R","?","M","M","R","BOSS"],"items_purchased_type":[],"build_version":"2020-12-22","purchased_purges":2,"victory":false,"max_hp_per_floor":[77,77,77,77,77,77,77,77,77,77,77,77,77,77,77,77,77],"card_choices":[{"not_picked":["hubris:SlightOfHand","Dagger Throw"],"picked":"StuffTheSpire:MirrorStance","floor":1.0},{"not_picked":["Cloak And Dagger","Replay:Poison Smokescreen"],"picked":"StuffTheSpire:Incantation","floor":4.0},{"not_picked":["Dagger Spray","Masterful Stab"],"picked":"StuffTheSpire:BumpUp","floor":5.0},{"not_picked":["Sucker Punch","Escape Plan"],"picked":"infinitespire:Neurotoxin","floor":7.0},{"not_picked":["jedi:pocketpoison","StuffTheSpire:Sprint"],"picked":"Dash","floor":13.0},{"not_picked":["Bouncing Flask","Cloak And Dagger"],"picked":"jedi:pocketpoison","floor":14}],"player_experience":399458,"relics_obtained":[{"floor":7.0,"key":"hubris:AncientText"},{"floor":9.0,"key":"Replay:Rubber Ducky"}],"event_choices":[{"damage_healed":0.0,"max_hp_gain":0.0,"max_hp_loss":0.0,"gold_gain":0.0,"cards_transformed":["Defend_G"],"event_name":"Transmorgrifier","player_choice":"Transformed","floor":2.0,"gold_loss":0.0,"damage_taken":0.0,"cards_obtained":["Calculated Gamble"]},{"cards_removed":["Strike_G"],"damage_healed":0.0,"max_hp_gain":0.0,"max_hp_loss":0.0,"gold_gain":0.0,"event_name":"Wheel of Change","player_choice":"Card Removal","floor":12.0,"gold_loss":0.0,"damage_taken":0.0}],"is_beta":false,"boss_relics":[],"items_purged_floors":[3,10],"is_endless":false,"potions_floor_spawned":[1,4,7],"killed_by":"Slime Boss","ascension_level":7}}