{"host":"yp1g9m52e36ib02h","time":1609012966,"event":{"mods":["2.2 Compatiblity","Aspiration","BaseMod","BetterRewards","Colored Map","Conspire","Downfall","Energized Spire","GifTheSpireLib","Halation","Hermit","Hubris","Infinite Spire","Minty Spire (QoL Compilation)","Quick Restart","Replay The Spire","Shop Mod","StSLib","Stuff the Spire","thorton","vexMod"],"gold_per_floor":[110,125,145,145,145,170,170,170,218,234,234,252,252,270,270,270,270],"floor_reached":16,"playtime":813,"items_purged":[],"score":213,"play_id":"a77728be-dcc9-4959-9964-435c91ccc6ea","local_time":"20201226200246","is_ascension_mode":true,"campfire_choices":[{"data":"expansioncontent:Flail","floor":11,"key":"SMITH"},{"floor":15,"key":"REST"}],"circlet_count":0,"master_deck":["Strike_R","Strike_R","Strike_R","Strike_R","Strike_R","Defend_R","Defend_R","Defend_R","Defend_R","Bash","expansioncontent:Flail+1","Sword Boomerang","Armaments","Cleave","Flex","StuffTheSpire:Incineration","Feed+1"],"relics":["Burning Blood","vexMod:Spyglass","hubris:Potato","vexMod:FocusSash","StuffTheSpire:Barrel","Golden Egg"],"acts_visited":["Exordium"],"potions_floor_usage":[16],"damage_taken":[{"damage":2,"enemies":"2 Louse","floor":1,"turns":2},{"damage":0,"enemies":"conspire:RoseBush","floor":2,"turns":2},{"damage":1,"enemies":"Cultist","floor":3,"turns":3},{"damage":36,"enemies":"Replay:BlueRogue","floor":6,"turns":7},{"damage":17,"enemies":"Large Slime","floor":10,"turns":5},{"damage":2,"enemies":"conspire:2 RoseBushes","floor":12,"turns":4},{"damage":16,"enemies":"Exordium Thugs","floor":14,"turns":4},{"damage":57,"enemies":"Fading Forest","floor":16,"turns":7}],"seed_played":"2526100666999999007","potions_obtained":[{"floor":6,"key":"Energy Potion"},{"floor":10,"key":"SpeedPotion"}],"is_trial":false,"path_per_floor":["M","M","M","$","$","E","$","$","T","M","R","M","T","M","R","B"],"character_chosen":"IRONCLAD","items_purchased":["vexMod:Spyglass","expansioncontent:Flail"],"campfire_rested":1,"item_purchase_floors":[0,0],"current_hp_per_floor":[56,62,67,67,67,37,37,37,37,26,26,30,30,20,44,0,0],"gold":270,"neow_bonus":"","is_daily":false,"chose_seed":false,"campfire_upgraded":1,"win_rate":0.0,"timestamp":1609012966,"path_taken":["M","?","M","$","?","E","?","?","T","M","R","M","?","M","R","BOSS"],"items_purchased_type":["Relic","Card"],"build_version":"2020-12-22","purchased_purges":0,"victory":false,"max_hp_per_floor":[80,80,80,80,80,80,80,80,80,80,80,80,80,80,80,80,80],"card_choices":[{"not_picked":["Anger","Rupture"],"picked":"Sword Boomerang","floor":1},{"not_picked":["Headbutt","True Grit"],"picked":"Armaments","floor":2},{"not_picked":["Sword Boomerang","Armaments"],"picked":"Cleave","floor":3},{"not_picked":["Thunderclap","Body Slam"],"picked":"Flex","floor":6},{"not_picked":["hubris:ReadiedAction","Perfected Strike"],"picked":"StuffTheSpire:Incineration","floor":10},{"not_picked":["Reckless Charge","Perfected Strike","StuffTheSpire:Slingshot"],"picked":"SKIP","floor":12},{"not_picked":["Shockwave","hubris:ReadiedAction"],"picked":"Feed","floor":14}],"player_experience":403230,"relics_obtained":[{"floor":6,"key":"vexMod:FocusSash"},{"floor":9,"key":"StuffTheSpire:Barrel"},{"floor":13,"key":"Golden Egg"}],"event_choices":[],"is_beta":false,"boss_relics":[],"items_purged_floors":[],"is_endless":false,"potions_floor_spawned":[6,10],"killed_by":"Fading Forest","ascension_level":8}}