{"host":"ye7mfqqt9ljtnqit","time":1609007277,"event":{"mods":["BaseMod","Colored Map","Downfall","Marisa£®ÏF”Í°°ƒß¿Ì…≥£©","Minty Spire (QoL Compilation)","StSLib","SuperFastMode","The Servant 0.9.4"],"gold_per_floor":[111,75,86,98,118,152,167,178,178,206,206,244,10,44,44,160,160,187,17,17,37,57,97,97,97,124,45,45,77,77,77,77,196,196,213,230,246,279,295,295,327,109,109,109,125,158,175,193,193,193,193,193,37,87,87,87],"floor_reached":55,"playtime":5441,"items_purged":["Strike_MRS","Strike_MRS"],"score":752,"play_id":"1f9aa498-f81e-4bec-a309-6c9cc39d0fb5","local_time":"20201227022757","is_ascension_mode":false,"campfire_choices":[{"data":"EnergyFlow","floor":11.0,"key":"SMITH"},{"floor":15.0,"key":"REST"},{"data":"StarDustReverie","floor":24.0,"key":"SMITH"},{"data":"PulseMagic","floor":28.0,"key":"SMITH"},{"floor":30.0,"key":"REST"},{"data":"PulseMagic","floor":32.0,"key":"SMITH"},{"data":"OortCloud","floor":40.0,"key":"SMITH"},{"data":"OortCloud","floor":44.0,"key":"SMITH"},{"floor":49.0,"key":"RECALL"},{"data":"Guardian:Harden","floor":52.0,"key":"SMITH"}],"circlet_count":0,"master_deck":["Strike_MRS","Strike_MRS","Defend_MRS+1","Defend_MRS+1","Defend_MRS","MasterSpark","UpSweep","PulseMagic+1","EnergyFlow+1","NonDirectionalLaser","MagicAbsorber","DragonMeteor","SatelliteIllusion","RefractionSpark","WitchOfGreed","Occultation","Parasite","Parasite","Acceleration","IllusionStar","MilkyWay","FairyDestructionRay","GrandCross","UltimateShortwave","MysteriousBeam","EarthLightRay","OortCloud+1","PulseMagic+1","StarDustReverie+1","OortCloud+1","PowerUp","SuperNova","ShootingEcho+1","IllusionStar+1","Parasite","PropBag+1","MagicAbsorber+1","MysteriousBeam","EnergyFlow","hexamod:Again","Parasite","EnergyFlow+1","Misdirection+1","Guardian:Harden+1","Orbital+1"],"relics":["BewitchedHakkero","NeowsBlessing","HornCleat","Vajra","ShroomBag","ExperimentalFamiliar","War Paint","Bronze Scales","PrismaticShard","Meat on the Bone","Orichalcum","Sundial","Mercury Hourglass"],"acts_visited":["Exordium","TheCity","TheBeyond","TheEnding"],"potions_floor_usage":[],"damage_taken":[{"damage":0.0,"enemies":"Cultist","floor":1.0,"turns":1.0},{"damage":0.0,"enemies":"Jaw Worm","floor":3.0,"turns":1.0},{"damage":0.0,"enemies":"Small Slimes","floor":4.0,"turns":1.0},{"damage":15.0,"enemies":"Gremlin Gang","floor":5.0,"turns":4.0},{"damage":44.0,"enemies":"3 Sentries","floor":6.0,"turns":9.0},{"damage":5.0,"enemies":"Looter","floor":7.0,"turns":3.0},{"damage":5.0,"enemies":"3 Louse","floor":8.0,"turns":3.0},{"damage":7.0,"enemies":"Blue Slaver","floor":10.0,"turns":4.0},{"damage":4.0,"enemies":"The Mushroom Lair","floor":12.0,"turns":4.0},{"damage":3.0,"enemies":"Exordium Thugs","floor":14.0,"turns":5.0},{"damage":27.0,"enemies":"Hexaghost","floor":16.0,"turns":10.0},{"damage":5.0,"enemies":"3 Byrds","floor":18.0,"turns":5.0},{"damage":0.0,"enemies":"Shell Parasite","floor":21.0,"turns":1.0},{"damage":18.0,"enemies":"3 Cultists","floor":22.0,"turns":4.0},{"damage":28.0,"enemies":"Book of Stabbing","floor":23.0,"turns":5.0},{"damage":26.0,"enemies":"Cultist and Chosen","floor":29.0,"turns":8.0},{"damage":11.0,"enemies":"Champ","floor":33.0,"turns":9.0},{"damage":0.0,"enemies":"3 Shapes","floor":35.0,"turns":3.0},{"damage":10.0,"enemies":"Orb Walker","floor":36.0,"turns":3.0},{"damage":25.0,"enemies":"Writhing Mass","floor":37.0,"turns":6.0},{"damage":19.0,"enemies":"4 Shapes","floor":38.0,"turns":3.0},{"damage":16.0,"enemies":"Transient","floor":39.0,"turns":5.0},{"damage":18.0,"enemies":"Giant Head","floor":41.0,"turns":9.0},{"damage":9.0,"enemies":"Spire Growth","floor":45.0,"turns":4.0},{"damage":26.0,"enemies":"Writhing Mass","floor":46.0,"turns":5.0},{"damage":1.0,"enemies":"3 Darklings","floor":47.0,"turns":5.0},{"damage":3.0,"enemies":"Transient","floor":48.0,"turns":5.0},{"damage":85.0,"enemies":"Time Eater","floor":50.0,"turns":9.0},{"damage":44,"enemies":"Shield and Spear","floor":54,"turns":9},{"damage":71,"enemies":"The Heart","floor":55,"turns":3}],"seed_played":"5211968458838511004","potions_obtained":[{"floor":5.0,"key":"Regen Potion"},{"floor":7.0,"key":"Strength Potion"},{"floor":8.0,"key":"Regen Potion"},{"floor":10.0,"key":"Fire Potion"},{"floor":12.0,"key":"AttackPotion"},{"floor":14.0,"key":"FairyPotion"},{"floor":18.0,"key":"Strength Potion"},{"floor":18.0,"key":"PowerPotion"},{"floor":46.0,"key":"SkillPotion"},{"floor":47.0,"key":"Regen Potion"}],"is_trial":false,"path_per_floor":["M","$","M","M","M","E","M","M","T","M","R","?","$","M","R","B",null,"M","$","?","M","M","E","R","?","T","$","R","M","R","?","R","B",null,"M","M","M","M","M","R","E","$","T","R","M","M","M","M","R","B",null,"R","$","E","B"],"character_chosen":"MARISA","items_purchased":["EnergyFlow","IllusionStar","MilkyWay","FairyDestructionRay","EarthLightRay","OortCloud","EnergyFlow","PrismaticShard","Orichalcum"],"campfire_rested":2,"item_purchase_floors":[2,13,13,13,19,27,42,42,53],"current_hp_per_floor":[75,75,75,75,60,16,20,15,15,20,20,16,16,17,39,16,75,74,74,74,74,57,37,37,37,37,37,37,19,41,41,41,38,75,75,67,50,39,33,33,21,21,21,21,26,20,43,50,50,21,75,75,75,39,0,0],"gold":87,"neow_bonus":"THREE_ENEMY_KILL","is_daily":false,"chose_seed":false,"campfire_upgraded":7,"win_rate":0.0,"timestamp":1609007277,"path_taken":["M","$","M","M","?","E","M","M","T","M","R","?","?","M","R","BOSS","M","$","?","M","M","E","R","?","T","?","R","M","R","?","R","BOSS","M","M","M","M","M","R","E","$","T","R","M","M","M","M","R","BOSS","R","$","E","BOSS"],"items_purchased_type":["Card","Card","Card","Card","Card","Card","Card","Relic","Relic"],"build_version":"2020-12-22","purchased_purges":2,"victory":false,"max_hp_per_floor":[75,75,75,75,75,75,75,75,75,75,75,75,75,75,75,75,75,75,75,75,75,75,75,75,75,75,75,75,75,75,75,75,75,75,75,75,75,75,75,75,75,75,75,75,75,75,75,75,75,75,75,75,75,75,75,75],"card_choices":[{"not_picked":["PowerUp","DarkMatter"],"picked":"PulseMagic","floor":1.0},{"not_picked":["DragonMeteor","ShootingEcho"],"picked":"NonDirectionalLaser","floor":3.0},{"not_picked":["UnstableBomb","SuperPerseids"],"picked":"MagicAbsorber","floor":4.0},{"not_picked":["DC","WitchLeyline"],"picked":"DragonMeteor","floor":5.0},{"not_picked":["AlicesGift","ManaConvection"],"picked":"SatelliteIllusion","floor":6.0},{"not_picked":["DarkSpark","MagicAbsorber"],"picked":"RefractionSpark","floor":7.0},{"not_picked":["UnstableBomb","ChargeUpSpray"],"picked":"WitchOfGreed","floor":8.0},{"not_picked":["GalacticHalo","6A"],"picked":"Occultation","floor":10.0},{"not_picked":["LuminesStrike","BlazeAway"],"picked":"Acceleration","floor":12.0},{"not_picked":["PowerUp","FairyDestructionRay"],"picked":"GrandCross","floor":14.0},{"not_picked":["CasketOfStar","BinaryStars"],"picked":"UltimateShortwave","floor":16.0},{"not_picked":["UnstableBomb","NonDirectionalLaser"],"picked":"MysteriousBeam","floor":18.0},{"not_picked":["NonDirectionalLaser","GravityBeat+1"],"picked":"OortCloud","floor":21.0},{"not_picked":["ShootingEcho","SprinkleStarSeal"],"picked":"PulseMagic","floor":22.0},{"not_picked":["MagicAbsorber","GravityBeat+1"],"picked":"StarDustReverie","floor":23.0},{"not_picked":["UnstableBomb","GasGiant"],"picked":"PowerUp","floor":29.0},{"not_picked":["BlazingStar","CasketOfStar"],"picked":"SuperNova","floor":33.0},{"not_picked":["GalacticHalo+1","UnstableBomb+1"],"picked":"ShootingEcho+1","floor":35.0},{"not_picked":["OneTimeOff+1","NonDirectionalLaser"],"picked":"IllusionStar+1","floor":36.0},{"not_picked":["GalacticHalo+1","LuminesStrike","WitchOfGreed+1"],"picked":"SKIP","floor":37.0},{"not_picked":["RefractionSpark","Acceleration"],"picked":"PropBag+1","floor":38.0},{"not_picked":["UnstableBomb","AsteroidBelt"],"picked":"MagicAbsorber+1","floor":39.0},{"not_picked":["GalacticHalo+1","6A"],"picked":"MysteriousBeam","floor":41.0},{"not_picked":["Slimebound:SpikyOuterGoop+1","GalacticHalo+1"],"picked":"hexamod:Again","floor":45.0},{"not_picked":["Darkness+1","ShiftingGears"],"picked":"EnergyFlow+1","floor":46.0},{"not_picked":["Shrug It Off+1","Outmaneuver"],"picked":"Misdirection+1","floor":47.0},{"not_picked":["Slimebound:Prepare","champ:CalledShot+1"],"picked":"Guardian:Harden","floor":48.0},{"not_picked":["Judgement","Guardian:Gem_Fragmented"],"picked":"Orbital+1","floor":54}],"player_experience":38319,"relics_obtained":[{"floor":6.0,"key":"HornCleat"},{"floor":9.0,"key":"Vajra"},{"floor":12.0,"key":"ShroomBag"},{"floor":23.0,"key":"War Paint"},{"floor":41.0,"key":"Bronze Scales"},{"floor":43.0,"key":"Meat on the Bone"},{"floor":54,"key":"Sundial"}],"event_choices":[{"damage_healed":0.0,"max_hp_gain":0.0,"max_hp_loss":0.0,"gold_gain":0.0,"event_name":"Mushrooms_MRS","player_choice":"Fought Mushrooms","floor":12.0,"gold_loss":0.0,"damage_taken":0.0},{"damage_healed":0.0,"max_hp_gain":0.0,"max_hp_loss":0.0,"gold_gain":0.0,"event_name":"Ghosts","player_choice":"Ignored","floor":20.0,"gold_loss":0.0,"damage_taken":0.0},{"damage_healed":0.0,"max_hp_gain":0.0,"max_hp_loss":0.0,"gold_gain":0.0,"event_name":"Beggar","player_choice":"Ignored","floor":25.0,"gold_loss":0.0,"damage_taken":0.0},{"cards_removed":["Defend_MRS"],"damage_healed":0.0,"max_hp_gain":0.0,"max_hp_loss":0.0,"gold_gain":0.0,"event_name":"Bonfire Elementals","player_choice":"Offered Basic","floor":31.0,"gold_loss":0.0,"damage_taken":0.0}],"is_beta":false,"boss_relics":[{"not_picked":["SlaversCollar","Runic Pyramid"],"picked":"ExperimentalFamiliar"},{"not_picked":["Busted Crown","Runic Dome"],"picked":"BewitchedHakkero"}],"items_purged_floors":[13,19],"is_endless":false,"potions_floor_spawned":[5,7,8,14,18,29,38,39,46,47,48],"killed_by":"The Heart","ascension_level":0}}