{"host":"j45ucdvl5ntpx4kf","time":1609004831,"event":{"mods":["AchievementEnabler","BaseMod","Colored Map","Colored Powertips","Minty Spire (QoL Compilation)","StSLib"],"gold_per_floor":[114,114,125,3,3,38,38,73,100,114,114,79,79,92,92,193,193,213,230,130,141,16,41,41,67,91,91,107,0,32,48,48,48,48],"floor_reached":33,"playtime":1422,"items_purged":["Strike_B","Zap","Strike_B"],"score":372,"play_id":"340af5a4-382c-4b20-b6b5-9d4803189ee1","local_time":"20201226124711","is_ascension_mode":true,"campfire_choices":[{"data":"Chill","floor":7,"key":"SMITH"},{"floor":11,"key":"REST"},{"data":"Scrape","floor":15,"key":"SMITH"},{"floor":32,"key":"REST"}],"circlet_count":0,"master_deck":["Strike_B","Strike_B","Defend_B","Defend_B","Defend_B","Defend_B+1","Dualcast+1","Gash","Chill+1","Gash","Reboot","Scrape+1","Go for the Eyes","White Noise+1"],"relics":["SlaversCollar","PreservedInsect","Shuriken","Nunchaku","Black Star","HornCleat","Smiling Mask","MutagenicStrength","Girya","War Paint","Vajra","Singing Bowl","TungstenRod"],"acts_visited":["Exordium","TheCity"],"potions_floor_usage":[23,23,25,25],"damage_taken":[{"damage":1,"enemies":"Cultist","floor":1,"turns":4},{"damage":3,"enemies":"2 Louse","floor":3,"turns":3},{"damage":17,"enemies":"Lagavulin","floor":6,"turns":8},{"damage":30,"enemies":"Gremlin Nob","floor":8,"turns":4},{"damage":5,"enemies":"Small Slimes","floor":10,"turns":3},{"damage":6,"enemies":"2 Fungi Beasts","floor":14,"turns":3},{"damage":26,"enemies":"Hexaghost","floor":16,"turns":8},{"damage":7,"enemies":"Shell Parasite","floor":18,"turns":4},{"damage":18,"enemies":"Spheric Guardian","floor":19,"turns":4},{"damage":34,"enemies":"Snake Plant","floor":21,"turns":6},{"damage":0,"enemies":"Slavers","floor":23,"turns":4},{"damage":18,"enemies":"Gremlin Leader","floor":25,"turns":6},{"damage":11,"enemies":"Centurion and Healer","floor":28,"turns":4},{"damage":8,"enemies":"Book of Stabbing","floor":30,"turns":5},{"damage":0,"enemies":"Sentry and Sphere","floor":31,"turns":3},{"damage":43,"enemies":"Collector","floor":33,"turns":5}],"seed_played":"-4609381740992059379","potions_obtained":[{"floor":6,"key":"SneckoOil"},{"floor":13,"key":"EssenceOfSteel"},{"floor":13,"key":"SpeedPotion"},{"floor":13,"key":"EssenceOfSteel"},{"floor":18,"key":"FocusPotion"},{"floor":23,"key":"FocusPotion"},{"floor":30,"key":"Fire Potion"}],"is_trial":false,"path_per_floor":["M","?","M","$","?","E","R","E","T","M","R","?","?","M","R","B",null,"M","M","$","M","$","E","?","E","T","?","M","?","E","M","R","B"],"character_chosen":"DEFECT","items_purchased":["Gash"],"campfire_rested":2,"item_purchase_floors":[4],"current_hp_per_floor":[74,74,71,71,76,59,59,29,29,24,48,68,68,62,62,36,80,73,55,55,21,21,21,21,3,3,29,18,18,12,14,39,0,0],"gold":48,"neow_bonus":"BOSS_RELIC","is_daily":false,"chose_seed":false,"campfire_upgraded":2,"win_rate":0.0,"timestamp":1609004831,"path_taken":["M","?","?","$","?","E","R","E","T","M","R","?","?","M","R","BOSS","M","M","$","?","$","E","?","E","T","?","M","?","E","M","R","BOSS"],"items_purchased_type":["Card"],"build_version":"2020-12-22","purchased_purges":3,"victory":false,"max_hp_per_floor":[75,75,75,75,80,80,80,80,80,80,80,80,80,80,80,80,80,80,80,80,80,80,80,80,80,80,80,80,80,82,84,84,84,84],"card_choices":[{"not_picked":["Skim","Sunder"],"picked":"Gash","floor":1},{"not_picked":["Steam","Sweeping Beam","Tempest"],"picked":"SKIP","floor":3},{"not_picked":["Reboot","Amplify","Hologram"],"picked":"SKIP","floor":6},{"not_picked":["Amplify","Hologram"],"picked":"Reboot","floor":6},{"not_picked":["Ball Lightning","Doom and Gloom","Rebound"],"picked":"SKIP","floor":8},{"not_picked":["Rebound","Chaos","Compile Driver"],"picked":"SKIP","floor":10},{"not_picked":["Scrape","Stack","Glacier"],"picked":"SKIP","floor":14},{"not_picked":["Stack","Glacier"],"picked":"Scrape","floor":14},{"not_picked":["Storm","Rebound+1","Barrage+1"],"picked":"SKIP","floor":18},{"not_picked":["Leap+1","Reprogram+1"],"picked":"Go for the Eyes","floor":19},{"not_picked":["Static Discharge","Undo","Coolheaded"],"picked":"SKIP","floor":21},{"not_picked":["Redo","Hologram"],"picked":"White Noise+1","floor":23},{"not_picked":["Multi-Cast","Fusion","Biased Cognition"],"picked":"SKIP","floor":25},{"not_picked":["Barrage","Coolheaded+1","Glacier"],"picked":"SKIP","floor":28},{"not_picked":["Steam","Machine Learning","Rebound"],"picked":"Singing Bowl","floor":30},{"not_picked":["Conserve Battery+1","Leap","Sweeping Beam"],"picked":"Singing Bowl","floor":31}],"player_experience":101471,"relics_obtained":[{"floor":6,"key":"PreservedInsect"},{"floor":8,"key":"Shuriken"},{"floor":9,"key":"Nunchaku"},{"floor":23,"key":"HornCleat"},{"floor":23,"key":"Smiling Mask"},{"floor":25,"key":"Girya"},{"floor":25,"key":"War Paint"},{"floor":26,"key":"Vajra"},{"floor":30,"key":"Singing Bowl"},{"floor":30,"key":"TungstenRod"}],"event_choices":[{"damage_healed":0,"gold_gain":0,"player_choice":"1 cards matched","damage_taken":0,"max_hp_gain":0,"max_hp_loss":0,"event_name":"Match and Keep!","floor":2,"gold_loss":0,"cards_obtained":["Chill"]},{"damage_healed":0,"gold_gain":0,"player_choice":"Donut","damage_taken":0,"max_hp_gain":5,"max_hp_loss":0,"event_name":"Big Fish","floor":5,"gold_loss":0},{"damage_healed":20,"gold_gain":0,"player_choice":"Healed","damage_taken":0,"max_hp_gain":0,"max_hp_loss":0,"event_name":"The Cleric","floor":12,"gold_loss":35},{"damage_healed":0,"gold_gain":0,"player_choice":"Got Potions","damage_taken":0,"max_hp_gain":0,"max_hp_loss":0,"event_name":"Lab","floor":13,"gold_loss":0},{"damage_healed":0,"gold_gain":0,"player_choice":"Inject Mutagens","damage_taken":0,"relics_obtained":["MutagenicStrength"],"max_hp_gain":0,"max_hp_loss":0,"event_name":"Drug Dealer","floor":24,"gold_loss":0},{"damage_healed":26,"gold_gain":0,"player_choice":"Heal","damage_taken":0,"max_hp_gain":0,"max_hp_loss":0,"event_name":"The Library","floor":27,"gold_loss":0},{"damage_healed":0,"gold_gain":0,"player_choice":"Paid Fearfully","damage_taken":0,"max_hp_gain":0,"max_hp_loss":0,"event_name":"Masked Bandits","floor":29,"gold_loss":107}],"is_beta":false,"boss_relics":[{"not_picked":["Philosopher\u0027s Stone","Ectoplasm"],"picked":"Black Star"}],"items_purged_floors":[4,20,22],"is_endless":false,"potions_floor_spawned":[6,16,18,23,30],"killed_by":"Collector","ascension_level":2}}