{"host":"7elm0r5975gb9iir","time":1609014241,"event":{"mods":["AchievementEnabler","BaseMod","Colored Map","DeckTracker","Keyboard Shortcuts","Minty Spire (QoL Compilation)","Permanent Neow","Random Character Button","SuperFastMode"],"gold_per_floor":[111,111,91,101,115,141,141,170,170,180,241,258,272,2,2,106,106,124,124,34,44,57,57,86,86,86,121,121,156,156,174,174,270,270,282,299,319,331,342,342,359,390,413,425,460,74,104,153,153,153],"floor_reached":51,"playtime":4489,"items_purged":["Strike_G"],"score":992,"play_id":"256d4fb0-f761-4c36-aa6e-9298b038722a","local_time":"20201227052401","is_ascension_mode":true,"campfire_choices":[{"floor":7,"key":"REST"},{"floor":15,"key":"REST"},{"floor":23,"key":"REST"},{"floor":25,"key":"REST"},{"floor":28,"key":"REST"},{"floor":32,"key":"REST"},{"data":"Calculated Gamble","floor":40,"key":"SMITH"},{"floor":49,"key":"REST"}],"circlet_count":0,"master_deck":["Strike_G","Strike_G","Defend_G","Defend_G+1","Defend_G","Defend_G","Defend_G","Survivor","Neutralize","Acrobatics","Quick Slash","Acrobatics","All Out Attack","Backstab","Sucker Punch","Predator","Prepared","Backflip+1","Backflip","Adrenaline+1","Terror+1","Blade Dance","Deflect+1","Calculated Gamble+1","Eviscerate+1","PiercingWail+1","Outmaneuver","Reflex","After Image","Expertise+1","Terror","Slice+1","Slice","Backflip+1","Flechettes","Calculated Gamble+1","Sucker Punch+1","Slice","Master of Strategy","Storm of Steel","Tactician","Slice+1"],"relics":["Ring of the Snake","Potion Belt","Ancient Tea Set","Shuriken","Centennial Puzzle","Pear","Question Card","Pantograph","HoveringKite","Mummified Hand","Meat on the Bone","Paper Crane","War Paint","WristBlade","Lantern","Blood Vial","Smiling Mask","Sundial","Unceasing Top"],"acts_visited":["Exordium","TheCity","TheBeyond"],"potions_floor_usage":[6,11,11,11,16,24,24,24,48],"damage_taken":[{"damage":0,"enemies":"Small Slimes","floor":1,"turns":3},{"damage":4,"enemies":"Jaw Worm","floor":4,"turns":5},{"damage":1,"enemies":"Cultist","floor":5,"turns":3},{"damage":38,"enemies":"3 Sentries","floor":6,"turns":9},{"damage":28,"enemies":"Gremlin Nob","floor":8,"turns":5},{"damage":0,"enemies":"3 Louse","floor":10,"turns":2},{"damage":0,"enemies":"3 Sentries","floor":11,"turns":2},{"damage":6,"enemies":"Looter","floor":12,"turns":2},{"damage":2,"enemies":"2 Fungi Beasts","floor":13,"turns":2},{"damage":58,"enemies":"The Guardian","floor":16,"turns":12},{"damage":22,"enemies":"Chosen","floor":18,"turns":6},{"damage":6,"enemies":"Spheric Guardian","floor":21,"turns":3},{"damage":36,"enemies":"Cultist and Chosen","floor":22,"turns":7},{"damage":18,"enemies":"Gremlin Leader","floor":24,"turns":4},{"damage":3,"enemies":"Slavers","floor":27,"turns":5},{"damage":3,"enemies":"Gremlin Leader","floor":29,"turns":5},{"damage":10,"enemies":"Snecko","floor":31,"turns":4},{"damage":31,"enemies":"Champ","floor":33,"turns":8},{"damage":0,"enemies":"Orb Walker","floor":35,"turns":2},{"damage":2,"enemies":"3 Shapes","floor":36,"turns":2},{"damage":2,"enemies":"Spire Growth","floor":37,"turns":4},{"damage":0,"enemies":"Transient","floor":38,"turns":5},{"damage":7,"enemies":"3 Darklings","floor":39,"turns":4},{"damage":14,"enemies":"Spire Growth","floor":41,"turns":4},{"damage":0,"enemies":"Giant Head","floor":42,"turns":5},{"damage":8,"enemies":"Sphere and 2 Shapes","floor":44,"turns":3},{"damage":2,"enemies":"Nemesis","floor":45,"turns":3},{"damage":0,"enemies":"Reptomancer","floor":47,"turns":4},{"damage":7,"enemies":"2 Orb Walkers","floor":48,"turns":4},{"damage":2,"enemies":"Donu and Deca","floor":50,"turns":4}],"seed_played":"913011807005709724","potions_obtained":[{"floor":3,"key":"GamblersBrew"},{"floor":5,"key":"Strength Potion"},{"floor":8,"key":"DistilledChaos"},{"floor":10,"key":"DuplicationPotion"},{"floor":13,"key":"Swift Potion"},{"floor":16,"key":"Swift Potion"},{"floor":18,"key":"AttackPotion"},{"floor":22,"key":"Weak Potion"},{"floor":29,"key":"Explosive Potion"},{"floor":31,"key":"SneckoOil"},{"floor":36,"key":"Explosive Potion"},{"floor":39,"key":"LiquidMemories"},{"floor":41,"key":"DuplicationPotion"},{"floor":44,"key":"CunningPotion"},{"floor":48,"key":"SkillPotion"}],"is_trial":false,"path_per_floor":["M","?","?","M","M","E","R","E","T","M","?","M","M","$","R","B",null,"M","?","?","M","M","R","E","R","T","E","R","E","?","M","R","B",null,"M","M","M","M","M","R","M","E","T","M","E","$","E","?","R","B",null],"character_chosen":"THE_SILENT","items_purchased":["Backflip","Pantograph","Master of Strategy","Storm of Steel"],"campfire_rested":7,"item_purchase_floors":[14,14,46,46],"current_hp_per_floor":[70,63,63,59,58,20,41,13,23,23,23,17,15,15,39,6,80,58,43,43,37,1,26,8,33,33,42,67,64,64,54,79,54,85,85,83,81,81,74,74,60,60,60,54,54,54,56,51,76,83],"gold":153,"neow_bonus":"RANDOM_COMMON_RELIC","is_daily":false,"chose_seed":false,"campfire_upgraded":1,"win_rate":0.0,"timestamp":1609014241,"path_taken":["M","?","?","M","?","E","R","E","T","M","?","M","M","$","R","BOSS","M","?","?","M","?","R","E","R","T","E","R","E","?","?","R","BOSS","M","M","M","M","M","R","M","E","T","M","E","$","E","?","R","BOSS"],"items_purchased_type":["Card","Relic","Card","Card"],"build_version":"2020-12-22","purchased_purges":1,"victory":true,"max_hp_per_floor":[70,70,70,70,70,70,70,70,80,80,80,80,80,80,80,80,80,80,85,85,85,85,85,85,85,85,85,85,85,85,85,85,85,85,85,85,85,85,85,85,85,85,85,85,85,85,85,85,85,85],"card_choices":[{"not_picked":["Deadly Poison","Caltrops"],"picked":"Acrobatics","floor":1},{"not_picked":["Catalyst","Cloak And Dagger"],"picked":"Quick Slash","floor":4},{"not_picked":["Flying Knee","Bouncing Flask"],"picked":"Acrobatics","floor":5},{"not_picked":["Envenom","Glass Knife"],"picked":"All Out Attack","floor":6},{"not_picked":["Skewer","Dodge and Roll"],"picked":"Backstab","floor":8},{"not_picked":["Bane","Dodge and Roll"],"picked":"Sucker Punch","floor":10},{"not_picked":["Cloak And Dagger","Eviscerate"],"picked":"Predator","floor":11},{"not_picked":["Deflect","Bouncing Flask","Dagger Spray"],"picked":"Prepared","floor":12},{"not_picked":["All Out Attack","Flying Knee","Sucker Punch"],"picked":"Backflip","floor":13},{"not_picked":["Unload","Die Die Die","Wraith Form v2"],"picked":"Adrenaline","floor":16},{"not_picked":["Accuracy","Predator+1","Leg Sweep"],"picked":"Terror+1","floor":18},{"not_picked":["PiercingWail","Terror","Dagger Spray"],"picked":"Blade Dance","floor":21},{"not_picked":["Footwork","Deadly Poison","Crippling Poison"],"picked":"Deflect+1","floor":22},{"not_picked":["Deadly Poison+1","Dagger Spray","PiercingWail+1"],"picked":"Calculated Gamble","floor":24},{"not_picked":["Outmaneuver","Acrobatics","Masterful Stab+1"],"picked":"Eviscerate+1","floor":27},{"not_picked":["Deflect","Crippling Poison+1","Footwork+1"],"picked":"PiercingWail+1","floor":29},{"not_picked":["Leg Sweep","Prepared","Tactician"],"picked":"Reflex","floor":31},{"not_picked":["Phantasmal Killer","Venomology","Malaise"],"picked":"After Image","floor":33},{"not_picked":["Underhanded Strike","Distraction","Deflect+1"],"picked":"Expertise+1","floor":35},{"not_picked":["Underhanded Strike","Bouncing Flask+1","Expertise+1"],"picked":"Terror","floor":36},{"not_picked":["Deadly Poison+1","After Image","Noxious Fumes"],"picked":"Slice+1","floor":37},{"not_picked":["Outmaneuver","Underhanded Strike","Deflect"],"picked":"Slice","floor":38},{"not_picked":["Well Laid Plans","Poisoned Stab","Bane+1"],"picked":"Backflip+1","floor":39},{"not_picked":["Deadly Poison","Noxious Fumes+1","Flying Knee+1"],"picked":"Flechettes","floor":41},{"not_picked":["Outmaneuver+1","Footwork+1","PiercingWail+1"],"picked":"Calculated Gamble+1","floor":42},{"not_picked":["Outmaneuver","Eviscerate+1","Footwork"],"picked":"Sucker Punch+1","floor":44},{"not_picked":["Riddle With Holes+1","Tools of the Trade","Noxious Fumes"],"picked":"Slice","floor":45},{"not_picked":["Quick Slash+1","Bullet Time","Night Terror"],"picked":"Tactician","floor":47},{"not_picked":["All Out Attack","Bane","Escape Plan"],"picked":"Slice+1","floor":48}],"player_experience":56924,"relics_obtained":[{"floor":6,"key":"Shuriken"},{"floor":8,"key":"Centennial Puzzle"},{"floor":9,"key":"Pear"},{"floor":11,"key":"Question Card"},{"floor":24,"key":"Mummified Hand"},{"floor":26,"key":"Meat on the Bone"},{"floor":27,"key":"Paper Crane"},{"floor":29,"key":"War Paint"},{"floor":42,"key":"Lantern"},{"floor":43,"key":"Blood Vial"},{"floor":45,"key":"Smiling Mask"},{"floor":47,"key":"Sundial"},{"floor":48,"key":"Unceasing Top"}],"event_choices":[{"damage_healed":0,"gold_gain":0,"player_choice":"Success","damage_taken":7,"relics_obtained":["Ancient Tea Set"],"max_hp_gain":0,"max_hp_loss":0,"event_name":"Scrap Ooze","floor":2,"gold_loss":0},{"damage_healed":0,"gold_gain":0,"player_choice":"Bought 1 Potion","damage_taken":0,"max_hp_gain":0,"max_hp_loss":0,"event_name":"The Woman in Blue","floor":3,"gold_loss":0},{"damage_healed":0,"gold_gain":0,"player_choice":"Searched \u00272\u0027 times","damage_taken":0,"max_hp_gain":0,"max_hp_loss":0,"event_name":"Dead Adventurer","floor":11,"gold_loss":0},{"damage_healed":0,"gold_gain":0,"player_choice":"Shed Blood","damage_taken":20,"max_hp_gain":5,"max_hp_loss":0,"event_name":"Forgotten Altar","floor":19,"gold_loss":0},{"cards_removed":["Strike_G"],"damage_healed":0,"gold_gain":0,"player_choice":"Upgrade and Remove","damage_taken":0,"max_hp_gain":0,"max_hp_loss":0,"event_name":"Designer","floor":20,"gold_loss":90,"cards_upgraded":["Backflip"]},{"damage_healed":0,"gold_gain":0,"cards_transformed":["Strike_G"],"player_choice":"Transformed","damage_taken":0,"max_hp_gain":0,"max_hp_loss":0,"event_name":"Transmorgrifier","floor":30,"gold_loss":0,"cards_obtained":["Outmaneuver"]},{"damage_healed":0,"gold_gain":0,"player_choice":"Fight","damage_taken":0,"max_hp_gain":0,"max_hp_loss":0,"event_name":"Mysterious Sphere","floor":48,"gold_loss":0}],"is_beta":false,"boss_relics":[{"not_picked":["Black Star","Empty Cage"],"picked":"HoveringKite"},{"not_picked":["Runic Pyramid","Philosopher\u0027s Stone"],"picked":"WristBlade"}],"items_purged_floors":[46],"is_endless":false,"potions_floor_spawned":[5,8,10,13,16,18,22,29,31,36,39,41,44,48],"ascension_level":2}}