{"host":"206uhceyiubfocqu","time":1609001830,"event":{"mods":["Act Like it!","BaseMod","Gensokyo","Minty Spire (QoL Compilation)","StSLib","The Servant 0.9.4"],"gold_per_floor":[116,17,17,17,17,48,63,95,95,95,123,123,158,158,158,254,254,266,284,284,299,76,76,0,0,0,32,32,60,80,97,97,192,192,212,222,222,238,250,284,303,332,332,346,359,112,88,100,100,100],"floor_reached":51,"playtime":4404,"items_purged":["Strike_S","Strike_S"],"score":1043,"play_id":"8eaac710-0f1b-40f7-ade6-82190e091852","local_time":"20201226175710","is_ascension_mode":true,"campfire_choices":[{"data":"Potential","floor":10.0,"key":"SMITH"},{"data":"MoonPhase","floor":12.0,"key":"SMITH"},{"data":"KidneyShot","floor":15.0,"key":"SMITH"},{"floor":23.0,"key":"REST"},{"floor":32,"key":"REST"},{"floor":49,"key":"RECALL"}],"circlet_count":0,"master_deck":["Defend_S","Defend_S","Defend_S","KidneyShot+1","Exchange","Potential+1","TimeWarp","Manipulate+1","WasteNot","MoonPhase+1","TimeWarp","TrueSight","Spin+1","Sabotage","Hightail+1","Gouge","Solidify","Reinforced Body","Spin+1","Advance","LightFlow","Revamp+1","ShatteredReality+1","Gouge+1","DualDimension+1","StarChef","BottledTime","BottledTime","Replace","BottledTime"],"relics":["Uniform","NeowsBlessing","Blue Candle","Ornamental Fan","Bag of Marbles","Smiling Mask","Ancient Tea Set","Gensokyo:Justice","Fusion Hammer","Gensokyo:MosesMiracle","Chemical X","Shuriken","MealTicket","Broom","Thread and Needle","SlaversCollar","Omamori","Mercury Hourglass","Pantograph","Kunai","Lantern"],"acts_visited":["Gensokyo:Gensokyo","Gensokyo:Gensokyoer","Gensokyo:Gensokyoest"],"potions_floor_usage":[30,40,44,48,50,50],"damage_taken":[{"damage":0.0,"enemies":"Gensokyo:3_Fairies","floor":1.0,"turns":1.0},{"damage":0.0,"enemies":"Gensokyo:Cirno","floor":6.0,"turns":2.0},{"damage":0.0,"enemies":"Gensokyo:Python","floor":7.0,"turns":1.0},{"damage":0.0,"enemies":"Gensokyo:Mamizou","floor":8.0,"turns":11.0},{"damage":3.0,"enemies":"Gensokyo:Aya","floor":11.0,"turns":5.0},{"damage":0.0,"enemies":"Gensokyo:Mamizou","floor":13.0,"turns":7.0},{"damage":17.0,"enemies":"Gensokyo:Yukari","floor":16.0,"turns":7.0},{"damage":26.0,"enemies":"Gensokyo:3_Dogs","floor":18.0,"turns":5.0},{"damage":16.0,"enemies":"Gensokyo:CosmicMonolith","floor":19.0,"turns":4.0},{"damage":0.0,"enemies":"Gensokyo:3_Gloops","floor":21.0,"turns":3.0},{"damage":0.0,"enemies":"Gensokyo:Koishi","floor":27.0,"turns":5.0},{"damage":22,"enemies":"Gensokyo:Reisen","floor":29,"turns":6},{"damage":0,"enemies":"Gensokyo:Slime_Group","floor":30,"turns":2},{"damage":0,"enemies":"Gensokyo:Chomper_and_Gloop","floor":31,"turns":5},{"damage":0,"enemies":"Gensokyo:Eternal_Rivals","floor":33,"turns":8},{"damage":0,"enemies":"Gensokyo:3_Boulders","floor":35,"turns":2},{"damage":0,"enemies":"Gensokyo:3_Bats","floor":36,"turns":3},{"damage":0,"enemies":"Gensokyo:Dusk_and_Dawn","floor":38,"turns":3},{"damage":0,"enemies":"Gensokyo:Sharpion","floor":39,"turns":5},{"damage":23,"enemies":"Gensokyo:Marisa","floor":40,"turns":4},{"damage":0,"enemies":"Gensokyo:3_Boulders","floor":41,"turns":1},{"damage":1,"enemies":"Gensokyo:Doremy","floor":42,"turns":5},{"damage":0,"enemies":"Gensokyo:Rafflesia","floor":44,"turns":6},{"damage":1,"enemies":"Gensokyo:Dusk_and_Dawn","floor":45,"turns":3},{"damage":0,"enemies":"Gensokyo:Sharpion","floor":48,"turns":3},{"damage":0,"enemies":"Gensokyo:Yuyuko","floor":50,"turns":4}],"seed_played":"3932485317203716881","potions_obtained":[{"floor":6.0,"key":"Energy Potion"},{"floor":18.0,"key":"Swift Potion"},{"floor":19.0,"key":"Dexterity Potion"},{"floor":29,"key":"SkillPotion"},{"floor":31,"key":"Strength Potion"},{"floor":33,"key":"Block Potion"},{"floor":40,"key":"LiquidBronze"},{"floor":42,"key":"SkillPotion"},{"floor":45,"key":"Swift Potion"}],"is_trial":false,"path_per_floor":["M","$","?","?","?","E","M","E","T","R","E","R","E","?","R","B",null,"M","M","?","M","COS","R","?","?","T","E","?","E","M","M","R","B",null,"M","M","T","M","M","E","M","E","T","M","M","$","$","M","R","B",null],"character_chosen":"THE_SERVANT","items_purchased":["TimeWarp","BottledTime","Lantern","Replace"],"campfire_rested":2,"item_purchase_floors":[2,46,46,47],"current_hp_per_floor":[65,65,39,39,39,39,39,39,39,39,36,36,36,36,36,19,65,39,23,23,23,23,42,42,42,42,42,42,20,20,20,39,39,65,65,65,65,65,65,42,42,41,41,41,40,55,65,65,65,65],"gold":100,"neow_bonus":"THREE_ENEMY_KILL","is_daily":false,"chose_seed":false,"campfire_upgraded":3,"win_rate":0.0,"timestamp":1609001830,"path_taken":["M","$","?","?","?","E","?","E","T","R","E","R","E","?","R","BOSS","M","M","?","M","COS","R","?","?","T","E","?","E","M","M","R","BOSS","M","M","?","?","M","E","M","E","T","M","?","?","$","M","R","BOSS"],"items_purchased_type":["Card","Card","Relic","Card"],"build_version":"2020-12-22","purchased_purges":2,"victory":true,"max_hp_per_floor":[65,65,65,65,65,65,65,65,65,65,65,65,65,65,65,65,65,65,65,65,65,65,65,65,65,65,65,65,65,65,65,65,65,65,65,65,65,65,65,65,65,65,65,65,65,65,65,65,65,65],"card_choices":[{"not_picked":["SpecialFormula","Collapse"],"picked":"Potential","floor":1.0},{"not_picked":["Shuttle","Alleviate"],"picked":"Manipulate","floor":4.0},{"not_picked":["FastForward","Barrier"],"picked":"BottledTime","floor":4.0},{"not_picked":["DancingSilver","Ricochet"],"picked":"GearUp","floor":6.0},{"not_picked":["Reset","Collapse","FastForward"],"picked":"SKIP","floor":7.0},{"not_picked":["Alleviate","SurpressingFire"],"picked":"WasteNot","floor":8.0},{"not_picked":["Replace","Starlight"],"picked":"MoonPhase","floor":11.0},{"not_picked":["Starlight","FastForward"],"picked":"TimeWarp","floor":13.0},{"not_picked":["ForgedInTime","TheWorld"],"picked":"TrueSight","floor":16.0},{"not_picked":["Defy+1","DoubleEdge"],"picked":"Spin+1","floor":18.0},{"not_picked":["ReturningBlade","Rearm"],"picked":"Sabotage","floor":19.0},{"not_picked":["Revamp","Replace"],"picked":"Hightail+1","floor":21.0},{"not_picked":["Spin","Replace"],"picked":"Solidify","floor":27.0},{"not_picked":["DualDimension","Replace+1"],"picked":"Spin+1","floor":29},{"not_picked":["Replace","Unruled","Alleviate+1"],"picked":"SKIP","floor":30},{"not_picked":["Defy","Desolation"],"picked":"Advance","floor":31},{"not_picked":["Initiator","Solidify"],"picked":"LightFlow","floor":33},{"not_picked":["Rewind","DoubleEdge+1"],"picked":"Revamp+1","floor":35},{"not_picked":["Moondial","DancingSilver+1","FanOfKnives"],"picked":"SKIP","floor":36},{"not_picked":["Moonlight","ReturningBlade+1"],"picked":"ShatteredReality+1","floor":38},{"not_picked":["GearUp+1","Moondial"],"picked":"Gouge+1","floor":39},{"not_picked":["Read+1","FanOfKnives+1"],"picked":"DualDimension+1","floor":40},{"not_picked":["Revamp","Unruled+1"],"picked":"StarChef","floor":41},{"not_picked":["Rearm","SilverMatrix","ForgedInTime"],"picked":"SKIP","floor":42},{"not_picked":["FastForward+1","Ricochet","Revamp+1"],"picked":"SKIP","floor":44},{"not_picked":["TimeWarp+1","Starlight"],"picked":"BottledTime","floor":45},{"not_picked":["TimeWarp","DualDimension"],"picked":"BottledTime","floor":48}],"player_experience":742435,"relics_obtained":[{"floor":6.0,"key":"Blue Candle"},{"floor":8.0,"key":"Ornamental Fan"},{"floor":9.0,"key":"Bag of Marbles"},{"floor":11.0,"key":"Smiling Mask"},{"floor":13.0,"key":"Ancient Tea Set"},{"floor":26.0,"key":"Shuriken"},{"floor":27.0,"key":"MealTicket"},{"floor":29,"key":"Gensokyo:MosesMiracle"},{"floor":29,"key":"Broom"},{"floor":37,"key":"Omamori"},{"floor":40,"key":"Mercury Hourglass"},{"floor":42,"key":"Pantograph"},{"floor":43,"key":"Kunai"}],"event_choices":[],"is_beta":false,"boss_relics":[{"not_picked":["Busted Crown","Runic Dome"],"picked":"Fusion Hammer"},{"not_picked":["Runic Pyramid","Coffee Dripper"],"picked":"SlaversCollar"}],"items_purged_floors":[2,46],"is_endless":false,"potions_floor_spawned":[6,18,19,29,31,33,36,38,40,42,45],"ascension_level":3}}