{"host":"2m78pqva0leqn903","time":1609015870,"event":{"mods":["BaseMod","Minty Spire (QoL Compilation)","StSLib","TestMod"],"gold_per_floor":[115,115,40,40,60,91,91,123,123,149,164,197,197,97,97,171,171,151,168,186,260,279,279,309,309,355,389,17,48,66,93,93,172,172,182,182,62,77,96,126,126,152,177,177,203,203,254,114,114,114,114],"floor_reached":52,"playtime":2730,"items_purged":["Strike_G","Strike_G","Strike_G","Strike_G","Defend_G"],"score":2309,"play_id":"695dd9ae-ddd9-4be6-a9ca-3de1c693950b","local_time":"20201227045110","is_ascension_mode":true,"campfire_choices":[{"data":"Survivor","floor":7.0,"key":"SMITH"},{"data":"Deadly Poison","floor":15.0,"key":"SMITH"},{"data":"Backstab","floor":23.0,"key":"SMITH"},{"data":"Defend_G","floor":25.0,"key":"SMITH"},{"data":"Defend_G","floor":32.0,"key":"SMITH"},{"data":"Burst","floor":44,"key":"SMITH"},{"data":"Impatience","floor":49,"key":"SMITH"}],"circlet_count":0,"master_deck":["AscendersBane","Defend_G","Defend_G","Defend_G+1","Defend_G+1","Survivor+1","Neutralize+1","Backstab+1","Deadly Poison+1","Bouncing Flask+1","Burst+1","Impatience+1"],"relics":["Ring of the Snake","testmod-ChristmasGift","NeowsBlessing","testmod-BouquetWithThorns","Bag of Preparation","Pear","Juzu Bracelet","Omamori","Ancient Tea Set","testmod-Fanaticism","The Courier","Question Card","Blood Vial","testmod-Justice","Snake Skull","TheAbacus","testmod-CyclicPeriapt","Oddly Smooth Stone","Cursed Key","testmod-TestBox","Vajra","Mummified Hand","testmod-TurbochargingSystem","Anchor","Unceasing Top"],"acts_visited":["Exordium","TheCity","TheBeyond"],"potions_floor_usage":[40,40,42,42,45,45,45,47,50,50,50,50,50,50,50,50,50],"damage_taken":[{"damage":0.0,"enemies":"2 Louse","floor":1.0,"turns":1.0},{"damage":0.0,"enemies":"Jaw Worm","floor":5.0,"turns":1.0},{"damage":0.0,"enemies":"3 Sentries","floor":6.0,"turns":1.0},{"damage":6.0,"enemies":"Gremlin Nob","floor":8.0,"turns":3.0},{"damage":38.0,"enemies":"3 Sentries","floor":10.0,"turns":8.0},{"damage":3.0,"enemies":"Cultist","floor":11.0,"turns":3.0},{"damage":13.0,"enemies":"Lagavulin","floor":12.0,"turns":5.0},{"damage":22.0,"enemies":"The Guardian","floor":16.0,"turns":8.0},{"damage":28.0,"enemies":"2 Thieves","floor":18.0,"turns":4.0},{"damage":0.0,"enemies":"Chosen","floor":19.0,"turns":4.0},{"damage":67.0,"enemies":"Sentry and Sphere","floor":20.0,"turns":6.0},{"damage":21.0,"enemies":"Centurion and Healer","floor":22.0,"turns":5.0},{"damage":66.0,"enemies":"Slavers","floor":24.0,"turns":5.0},{"damage":42.0,"enemies":"Book of Stabbing","floor":27.0,"turns":4.0},{"damage":71.0,"enemies":"Slavers","floor":29.0,"turns":4.0},{"damage":39.0,"enemies":"Shelled Parasite and Fungi","floor":30.0,"turns":3.0},{"damage":0.0,"enemies":"Gremlin Leader","floor":31.0,"turns":3.0},{"damage":56.0,"enemies":"Champ","floor":33.0,"turns":7.0},{"damage":14.0,"enemies":"Orb Walker","floor":35.0,"turns":2.0},{"damage":0.0,"enemies":"3 Darklings","floor":38.0,"turns":4.0},{"damage":54.0,"enemies":"4 Shapes","floor":39.0,"turns":4.0},{"damage":124,"enemies":"Reptomancer","floor":40,"turns":6},{"damage":59,"enemies":"Nemesis","floor":42,"turns":6},{"damage":20,"enemies":"Giant Head","floor":45,"turns":5},{"damage":6,"enemies":"2 Orb Walkers","floor":47,"turns":3},{"damage":104,"enemies":"Time Eater","floor":50,"turns":6},{"damage":71,"enemies":"Donu and Deca","floor":51,"turns":8}],"seed_played":"-7803135092219069835","potions_obtained":[{"floor":1.0,"key":"ColorlessPotion"},{"floor":10.0,"key":"testmod-SpacePotion"},{"floor":11.0,"key":"Block Potion"},{"floor":16.0,"key":"Fire Potion"},{"floor":27.0,"key":"Explosive Potion"},{"floor":29.0,"key":"SteroidPotion"},{"floor":31.0,"key":"Poison Potion"},{"floor":38.0,"key":"testmod-TestPotion"},{"floor":47,"key":"SteroidPotion"}],"is_trial":false,"path_per_floor":["M","?","$","?","M","E","R","E","T","E","M","E","?","$","R","B",null,"M","M","M","T","M","R","E","R","T","E","$","E","M","E","R","B",null,"M","?","$","M","M","E","?","E","T","R","E","?","?","$","R","B","B",null],"character_chosen":"THE_SILENT","items_purchased":["Snake Skull","TheAbacus"],"campfire_rested":0,"item_purchase_floors":[28,28],"current_hp_per_floor":[60,60,60,60,60,61,61,59,69,52,52,43,43,43,43,27,64,75,76,30,30,29,29,76,76,76,53,53,75,76,76,76,67,74,75,75,75,76,76,76,76,76,76,76,76,76,76,76,76,76,76],"gold":114,"neow_bonus":"THREE_ENEMY_KILL","is_daily":false,"chose_seed":false,"campfire_upgraded":7,"win_rate":0.0,"timestamp":1609015870,"path_taken":["M","?","$","?","M","E","R","E","T","E","M","E","?","$","R","BOSS","M","M","M","?","M","R","E","R","T","E","$","E","M","E","R","BOSS","M","?","$","M","M","E","?","E","T","R","E","?","?","$","R","BOSS","BOSS"],"items_purchased_type":["Relic","Relic"],"build_version":"2020-12-22","purchased_purges":5,"victory":true,"max_hp_per_floor":[66,66,66,66,66,66,66,66,76,76,76,76,76,76,76,76,76,76,76,76,76,76,76,76,76,76,76,76,76,76,76,76,76,76,76,76,76,76,76,76,76,76,76,76,76,76,76,76,76,76,76],"card_choices":[{"not_picked":["Masterful Stab","Deflect"],"picked":"Backstab","floor":1.0},{"not_picked":["Concentrate","Quick Slash","Dagger Spray"],"picked":"SKIP","floor":5.0},{"not_picked":["Choke","Slice","Dodge and Roll"],"picked":"SKIP","floor":6.0},{"not_picked":["Quick Slash","Flechettes","Dagger Spray"],"picked":"SKIP","floor":8.0},{"not_picked":["Dash","Quick Slash","Unload"],"picked":"SKIP","floor":10.0},{"not_picked":["Flying Knee","Predator"],"picked":"Deadly Poison","floor":11.0},{"not_picked":["Bullet Time","Blade Dance","Cloak And Dagger"],"picked":"SKIP","floor":12.0},{"not_picked":["Quick Slash","Deflect","PiercingWail"],"picked":"SKIP","floor":18.0},{"not_picked":["Prepared+1","Deflect","Backflip"],"picked":"SKIP","floor":19.0},{"not_picked":["Choke","Concentrate+1","Masterful Stab"],"picked":"SKIP","floor":20.0},{"not_picked":["Riddle With Holes+1","Eviscerate","Deadly Poison"],"picked":"SKIP","floor":22.0},{"not_picked":["Escape Plan","Predator"],"picked":"Bouncing Flask+1","floor":24.0},{"not_picked":["Dagger Throw","Flying Knee","Quick Slash","Deflect"],"picked":"SKIP","floor":27.0},{"not_picked":["Dodge and Roll","PiercingWail+1","Dagger Spray","All Out Attack"],"picked":"SKIP","floor":29.0},{"not_picked":["Distraction","Corpse Explosion","Flying Knee","Well Laid Plans"],"picked":"SKIP","floor":30.0},{"not_picked":["Underhanded Strike","Sucker Punch","Dagger Throw","Concentrate"],"picked":"SKIP","floor":31.0},{"not_picked":["After Image","A Thousand Cuts","Grand Finale"],"picked":"Burst","floor":33.0},{"not_picked":["Dodge and Roll","Sucker Punch","Bane","Cloak And Dagger"],"picked":"SKIP","floor":35.0},{"not_picked":["Heel Hook+1","Dagger Throw+1","Quick Slash","Cloak And Dagger"],"picked":"SKIP","floor":38.0},{"not_picked":["Endless Agony","PiercingWail+1","Dodge and Roll","Backstab"],"picked":"SKIP","floor":39.0},{"not_picked":["Bane+1","Accuracy","Acrobatics","PiercingWail+1"],"picked":"SKIP","floor":40},{"not_picked":["Skewer","Distraction","Slice+1","Flechettes"],"picked":"SKIP","floor":42},{"not_picked":["Backstab+1","Leg Sweep","Deadly Poison+1","Flying Knee"],"picked":"SKIP","floor":45},{"not_picked":["Enlightenment","testmod-Bloodthirsty","Violence"],"picked":"Impatience","floor":46}],"player_experience":884258,"relics_obtained":[{"floor":6.0,"key":"testmod-BouquetWithThorns"},{"floor":8.0,"key":"Bag of Preparation"},{"floor":9.0,"key":"Pear"},{"floor":10.0,"key":"Juzu Bracelet"},{"floor":12.0,"key":"Omamori"},{"floor":21.0,"key":"The Courier"},{"floor":24.0,"key":"Question Card"},{"floor":26.0,"key":"Blood Vial"},{"floor":27.0,"key":"testmod-Justice"},{"floor":29.0,"key":"testmod-CyclicPeriapt"},{"floor":31.0,"key":"Oddly Smooth Stone"},{"floor":40,"key":"Vajra"},{"floor":42,"key":"Mummified Hand"},{"floor":43,"key":"testmod-TurbochargingSystem"},{"floor":45,"key":"Anchor"},{"floor":47,"key":"Unceasing Top"}],"event_choices":[{"damage_healed":0.0,"max_hp_gain":0.0,"max_hp_loss":0.0,"gold_gain":0.0,"event_name":"Living Wall","player_choice":"Grow","floor":2.0,"gold_loss":0.0,"damage_taken":0.0,"cards_upgraded":["Neutralize"]},{"damage_healed":0.0,"max_hp_gain":0.0,"max_hp_loss":0.0,"gold_gain":0.0,"event_name":"The Cleric","player_choice":"Leave","floor":4.0,"gold_loss":0.0,"damage_taken":0.0},{"damage_healed":0.0,"max_hp_gain":0.0,"max_hp_loss":0.0,"gold_gain":0.0,"event_name":"WeMeetAgain","player_choice":"Gave Potion","floor":13.0,"gold_loss":0.0,"damage_taken":0.0,"relics_obtained":["Ancient Tea Set"]},{"damage_healed":0.0,"max_hp_gain":0.0,"max_hp_loss":0.0,"gold_gain":0.0,"event_name":"给自己的盒子","player_choice":"Swap Relic","floor":36.0,"relics_lost":["testmod-TestBox"],"gold_loss":0.0,"damage_taken":0.0,"relics_obtained":["testmod-TestBox"]},{"cards_removed":["Strike_G"],"damage_healed":0,"gold_gain":0,"player_choice":"Removed Attack","damage_taken":0,"max_hp_gain":0,"max_hp_loss":0,"event_name":"Falling","floor":41,"gold_loss":0},{"damage_healed":0,"gold_gain":0,"player_choice":"Memory 1","damage_taken":0,"max_hp_gain":0,"max_hp_loss":0,"event_name":"SensoryStone","floor":46,"gold_loss":0},{"damage_healed":0,"gold_gain":0,"player_choice":"Fight","damage_taken":0,"max_hp_gain":0,"max_hp_loss":0,"event_name":"Mysterious Sphere","floor":47,"gold_loss":0}],"is_beta":false,"boss_relics":[{"not_picked":["Snecko Eye","Ring of the Serpent"],"picked":"testmod-Fanaticism"},{"not_picked":["HoveringKite","Sozu"],"picked":"Cursed Key"}],"items_purged_floors":[3,14,28,37,48],"is_endless":false,"potions_floor_spawned":[1,6,10,11,16,27,29,31,35,38,47],"ascension_level":20}}