{"host":"joxnbq9hujdt0xua","time":1609004160,"event":{"mods":["Act Like it!","BaseMod","Colored Powertips","Downfall","Hallownest","Hermit","Minty Spire (QoL Compilation)","Quick Restart","Relic Stats","Replay The Spire","StSLib"],"gold_per_floor":[118,133,133,133,148,148,177,197,270,293,293,25,25,45,45,143,143,154,170,186,202,6,6,26,26,53,53,65,65,65,75,75,172,172,182,202,115,115,131,150,150,150],"floor_reached":41,"playtime":1711,"items_purged":["Strike_G"],"score":397,"play_id":"dbace46a-1234-4fe5-87b1-55d6ca3f247b","local_time":"20201227013600","is_ascension_mode":false,"campfire_choices":[{"data":"Backflip","floor":6.0,"key":"SMITH"},{"data":"Finisher","floor":11.0,"key":"SMITH"},{"data":"Expertise","floor":15.0,"key":"SMITH"},{"data":"A Thousand Cuts","floor":25.0,"key":"SMITH"},{"data":"Night Terror","floor":27.0,"key":"SMITH"},{"floor":30.0,"key":"REST"},{"data":"Footwork","floor":32.0,"key":"SMITH"}],"circlet_count":0,"master_deck":["Strike_G","Strike_G","Strike_G","Strike_G","Defend_G","Defend_G","Defend_G","Defend_G","Defend_G","Survivor+1","Neutralize","Backstab","Backflip+1","Underhanded Strike","Backstab","Finisher+1","Expertise+1","Blade Dance+1","A Thousand Cuts+1","PiercingWail+1","Footwork+1","Night Terror","Night Terror+1","Necronomicurse","Footwork+1","Outmaneuver","Terror+1","Footwork+1","Reflex+1","Blade Dance+1"],"relics":["Ring of the Snake","Gambling Chip","Blood Vial","Replay:Bottled Flurry","Odd Mushroom","HandDrill","Painkiller Herb","Replay:Wax Seal","Necronomicon","Gremlin Food","Philosopher\u0027s Stone"],"acts_visited":["Exordium","TheCity","TheBeyond"],"potions_floor_usage":[],"damage_taken":[{"damage":0.0,"enemies":"2 Louse","floor":1.0,"turns":3.0},{"damage":0.0,"enemies":"Cultist","floor":2.0,"turns":3.0},{"damage":0.0,"enemies":"Jaw Worm","floor":5.0,"turns":6.0},{"damage":22.0,"enemies":"Lagavulin","floor":7.0,"turns":9.0},{"damage":6.0,"enemies":"Lots of Slimes","floor":8.0,"turns":5.0},{"damage":10.0,"enemies":"The Mushroom Lair","floor":10.0,"turns":4.0},{"damage":0.0,"enemies":"3 Louse","floor":14.0,"turns":1.0},{"damage":22.0,"enemies":"Hexaghost","floor":16.0,"turns":10.0},{"damage":2.0,"enemies":"Shell Parasite","floor":18.0,"turns":2.0},{"damage":12.0,"enemies":"3 Byrds","floor":19.0,"turns":4.0},{"damage":16.0,"enemies":"Snecko","floor":20.0,"turns":5.0},{"damage":6.0,"enemies":"Centurion and Healer","floor":21.0,"turns":5.0},{"damage":4.0,"enemies":"Snake Plant","floor":28.0,"turns":3.0},{"damage":17.0,"enemies":"Shelled Parasite and Fungi","floor":31.0,"turns":5.0},{"damage":22.0,"enemies":"Champ","floor":33.0,"turns":10.0},{"damage":0.0,"enemies":"Orb Walker","floor":35.0,"turns":3.0},{"damage":9.0,"enemies":"3 Shapes","floor":36.0,"turns":6.0},{"damage":33.0,"enemies":"Maw","floor":37.0,"turns":6.0},{"damage":16,"enemies":"Spire Growth","floor":39,"turns":5},{"damage":18,"enemies":"Writhing Mass","floor":40,"turns":4},{"damage":0,"enemies":"Nemesis","floor":41,"turns":1}],"seed_played":"-1945422141409281004","potions_obtained":[{"floor":2.0,"key":"FearPotion"},{"floor":5.0,"key":"EntropicBrew"},{"floor":8.0,"key":"Energy Potion"},{"floor":14.0,"key":"GhostInAJar"},{"floor":18.0,"key":"Strength Potion"},{"floor":20.0,"key":"SmokeBomb"}],"is_trial":false,"path_per_floor":["M","M","?","?","M","R","E","M","T","?","R","$","?","M","R","B",null,"?","?","?","?","T","?","T","T","T","T","?","T","T","?","T","B",null,"?","?","?","T","?","?","E"],"character_chosen":"THE_SILENT","items_purchased":["Blade Dance","HandDrill","Replay:Wax Seal","Night Terror","Footwork"],"campfire_rested":1,"item_purchase_floors":[12,12,22,22,24],"current_hp_per_floor":[77,77,70,70,70,70,48,44,44,36,36,36,36,38,38,18,77,75,65,51,47,47,31,31,31,31,31,29,29,52,37,37,17,77,77,68,37,37,23,7,9,9],"gold":150,"neow_bonus":"TEN_PERCENT_HP_BONUS","is_daily":false,"chose_seed":false,"campfire_upgraded":6,"win_rate":0.0,"timestamp":1609004160,"path_taken":["M","M","?","?","M","R","E","?","T","?","R","$","?","M","R","BOSS","?","?","?","?","?","?","T","T","T","T","?","?","T","?","T","BOSS","?","?","?","T","?","?","E"],"items_purchased_type":["Card","Relic","Relic","Card","Card"],"build_version":"2020-12-22","purchased_purges":1,"victory":false,"max_hp_per_floor":[77,77,77,77,77,77,77,77,77,77,77,77,77,77,77,77,77,77,77,77,77,77,77,77,77,77,77,77,77,77,77,77,77,77,77,77,77,77,77,77,77,77],"relic_stats":{"Blood Vial":28,"counters":[21,100],"Gambling Chip":[49],"HandDrill":[72],"Necronomicon":[7],"obtain_stats":[{"Blood Vial":7,"Gremlin Food":26,"Gambling Chip":3,"Painkiller Herb":17,"Philosopher\u0027s Stone":34,"Replay:Bottled Flurry":9,"HandDrill":12,"Necronomicon":23,"Odd Mushroom":10,"Replay:Wax Seal":22,"Ring of the Snake":0},{"Blood Vial":4,"Gremlin Food":12,"Gambling Chip":2,"Painkiller Herb":8,"Philosopher\u0027s Stone":15,"Replay:Bottled Flurry":5,"HandDrill":6,"Necronomicon":12,"Odd Mushroom":6,"Replay:Wax Seal":12,"Ring of the Snake":0},{"Blood Vial":21,"Gremlin Food":57,"Gambling Chip":6,"Painkiller Herb":41,"Philosopher\u0027s Stone":75,"Replay:Bottled Flurry":26,"HandDrill":30,"Necronomicon":57,"Odd Mushroom":30,"Replay:Wax Seal":57,"Ring of the Snake":0}],"Ring of the Snake":[42]},"card_choices":[{"not_picked":["Flying Knee","Infinite Blades"],"picked":"Backstab","floor":1.0},{"not_picked":["Cloak And Dagger","Heel Hook"],"picked":"Backflip","floor":2.0},{"not_picked":["Riddle With Holes","Replay:Poison Smokescreen"],"picked":"Underhanded Strike","floor":5.0},{"not_picked":["Choke","Catalyst"],"picked":"Backstab","floor":7.0},{"not_picked":["Dagger Throw","Caltrops"],"picked":"Finisher","floor":8.0},{"not_picked":["Sucker Punch","Hidden Blade"],"picked":"Expertise","floor":10.0},{"not_picked":["Sucker Punch","Dodge and Roll","Underhanded Strike"],"picked":"SKIP","floor":14.0},{"not_picked":["ReplayTheSpireMod:From All Sides","Night Terror"],"picked":"A Thousand Cuts","floor":16.0},{"not_picked":["ReplayTheSpireMod:Tripwire","Hidden Blade+1"],"picked":"PiercingWail+1","floor":18.0},{"not_picked":["Hidden Blade","Poisoned Stab","Deflect"],"picked":"SKIP","floor":19.0},{"not_picked":["Dagger Throw","Bane"],"picked":"Footwork+1","floor":20.0},{"not_picked":["Choke","Deadly Poison+1","Eviscerate"],"picked":"SKIP","floor":21.0},{"not_picked":["Slice+1","Bane","PiercingWail"],"picked":"SKIP","floor":28.0},{"not_picked":["Dodge and Roll","Dagger Throw+1"],"picked":"Outmaneuver","floor":31.0},{"not_picked":["Sneak Up+1","Slice+1"],"picked":"Terror+1","floor":35.0},{"not_picked":["Cloak And Dagger+1","Hidden Blade"],"picked":"Footwork+1","floor":36.0},{"not_picked":["Flying Knee+1","Backflip"],"picked":"Reflex+1","floor":37.0},{"not_picked":["Backflip+1","Bane+1"],"picked":"Blade Dance+1","floor":39},{"not_picked":["Blade Dance+1","Flechettes+1","ReplayTheSpireMod:Scrap Shanks"],"picked":"SKIP","floor":40}],"player_experience":76414,"relics_obtained":[{"floor":7.0,"key":"Blood Vial"},{"floor":9.0,"key":"Replay:Bottled Flurry"},{"floor":10.0,"key":"Odd Mushroom"},{"floor":23.0,"key":"Necronomicon"},{"floor":26.0,"key":"Gremlin Food"}],"event_choices":[{"damage_healed":0.0,"max_hp_gain":0.0,"max_hp_loss":0.0,"gold_gain":0.0,"event_name":"Scrap Ooze","player_choice":"Success","floor":3.0,"gold_loss":0.0,"damage_taken":7.0,"relics_obtained":["Gambling Chip"]},{"damage_healed":0.0,"max_hp_gain":0.0,"max_hp_loss":0.0,"gold_gain":0.0,"event_name":"The Woman in Blue","player_choice":"Bought 0 Potions","floor":4.0,"gold_loss":0.0,"damage_taken":0.0},{"damage_healed":0.0,"max_hp_gain":0.0,"max_hp_loss":0.0,"gold_gain":0.0,"event_name":"Mushrooms","player_choice":"Fought Mushrooms","floor":10.0,"gold_loss":0.0,"damage_taken":0.0},{"damage_healed":0.0,"max_hp_gain":0.0,"max_hp_loss":0.0,"gold_gain":0.0,"event_name":"Upgrade Shrine","player_choice":"Upgraded","floor":13.0,"gold_loss":0.0,"damage_taken":0.0,"cards_upgraded":["Blade Dance"]},{"damage_healed":0.0,"max_hp_gain":0.0,"max_hp_loss":0.0,"gold_gain":0.0,"event_name":"Cursed Tome","player_choice":"Obtained Book","floor":23.0,"gold_loss":0.0,"damage_taken":16.0}],"is_beta":false,"boss_relics":[{"not_picked":["Replay:Grab Bag","Cursed Key"],"picked":"Painkiller Herb"},{"not_picked":["Calling Bell","Honey Jar"],"picked":"Philosopher\u0027s Stone"}],"items_purged_floors":[12],"is_endless":false,"potions_floor_spawned":[2,5,8,14,18,20,33,37],"killed_by":"Nemesis","ascension_level":0}}