{"host":"v711dtdb46xe9u7l","time":1609008409,"event":{"mods":["BaseMod","Minty Spire (QoL Compilation)","Replay The Spire","StSLib"],"gold_per_floor":[111,124,124,299,68,98,115,115,115,146,165,181,243,263,263,263,263],"floor_reached":16,"playtime":663,"items_purged":["Doubt"],"score":144,"play_id":"d79e9e7b-9eac-4554-8e7c-a7c7c774b050","local_time":"20201226184649","is_ascension_mode":true,"campfire_choices":[{"data":"Defend_R","floor":8,"key":"SMITH"},{"data":"Run Through","floor":15,"key":"SMITH"}],"circlet_count":0,"master_deck":["Strike_R","Strike_R","Strike_R+1","Strike_R","Strike_R+1","Defend_R","Defend_R","Defend_R","Defend_R+1","Bash","Shrug It Off","Inflame","Twin Strike","Whirlwind","Perfected Strike","ReplayTheSpireMod:Corrosion Curse","Run Through+1"],"relics":["Burning Blood","NeowsBlessing","ClockworkSouvenir","Unceasing Top","Quantum Egg","Strawberry"],"acts_visited":["Exordium"],"potions_floor_usage":[12,13,16],"damage_taken":[{"damage":0,"enemies":"Cultist","floor":1,"turns":1},{"damage":0,"enemies":"Small Slimes","floor":2,"turns":1},{"damage":0,"enemies":"Lagavulin","floor":6,"turns":1},{"damage":1,"enemies":"Jaw Worm","floor":7,"turns":3},{"damage":10,"enemies":"Replay:BlueRogue","floor":10,"turns":7},{"damage":7,"enemies":"Looter","floor":11,"turns":3},{"damage":7,"enemies":"Lots of Slimes","floor":12,"turns":2},{"damage":40,"enemies":"Lagavulin Event","floor":13,"turns":6},{"damage":25,"enemies":"Gremlin Gang","floor":14,"turns":5},{"damage":8,"enemies":"Hexaghost","floor":16,"turns":9}],"seed_played":"8954539920615994159","potions_obtained":[{"floor":6,"key":"Regen Potion"},{"floor":10,"key":"SkillPotion"},{"floor":11,"key":"ElixirPotion"},{"floor":12,"key":"Elixir"},{"floor":14,"key":"PowerPotion"}],"is_trial":false,"path_per_floor":["M","M","?","?","$","E","M","R","T","E","M","M","?","M","R","B"],"character_chosen":"IRONCLAD","items_purchased":["ClockworkSouvenir"],"campfire_rested":0,"item_purchase_floors":[5],"current_hp_per_floor":[80,80,64,64,64,70,75,75,75,71,70,74,47,28,28,20,20],"gold":263,"neow_bonus":"THREE_ENEMY_KILL","is_daily":false,"chose_seed":false,"campfire_upgraded":2,"win_rate":0.0,"timestamp":1609008409,"path_taken":["M","M","?","?","$","E","M","R","T","E","M","M","?","M","R","BOSS"],"items_purchased_type":["Relic"],"build_version":"2020-12-22","purchased_purges":1,"victory":false,"max_hp_per_floor":[80,80,80,80,80,80,80,80,80,80,80,80,87,87,87,87,87],"card_choices":[{"not_picked":["Wild Strike","Dropkick"],"picked":"Shrug It Off","floor":1},{"not_picked":["Shrug It Off","Cleave"],"picked":"Inflame","floor":2},{"not_picked":["Iron Wave","Evolve","Seeing Red"],"picked":"SKIP","floor":6},{"not_picked":["Replay:Undeath\u0027s Touch","Iron Wave"],"picked":"Twin Strike","floor":7},{"not_picked":["ReplayTheSpireMod:LeadingStrike","Feel No Pain"],"picked":"Whirlwind","floor":10},{"not_picked":["Pommel Strike","True Grit"],"picked":"Perfected Strike","floor":11},{"not_picked":["Burning Pact","Bloodletting"],"picked":"ReplayTheSpireMod:Corrosion Curse","floor":12},{"not_picked":["Cleave","Rampage"],"picked":"Run Through","floor":14}],"player_experience":244328,"relics_obtained":[{"floor":6,"key":"Unceasing Top"},{"floor":10,"key":"Quantum Egg"},{"floor":13,"key":"Strawberry"}],"event_choices":[{"damage_healed":0,"gold_gain":0,"player_choice":"Entered Light","damage_taken":16,"max_hp_gain":0,"max_hp_loss":0,"event_name":"Shining Light","floor":3,"gold_loss":0,"cards_upgraded":["Strike_R","Strike_R"]},{"damage_healed":0,"gold_gain":175,"player_choice":"AGREE","damage_taken":0,"max_hp_gain":0,"max_hp_loss":0,"event_name":"Liars Game","floor":4,"gold_loss":0,"cards_obtained":["Doubt"]},{"damage_healed":0,"gold_gain":0,"player_choice":"Searched \u00271\u0027 times","damage_taken":0,"max_hp_gain":0,"max_hp_loss":0,"event_name":"Dead Adventurer","floor":13,"gold_loss":0}],"is_beta":false,"boss_relics":[],"items_purged_floors":[5],"is_endless":false,"potions_floor_spawned":[6,10,11,12,14],"killed_by":"Hexaghost","ascension_level":1}}