{"host":"yvb207ks1sg3cxef","time":1609008965,"event":{"mods":["2.2 Compatiblity","BaseMod","Bestiary","Colored Powertips","Minty Spire (QoL Compilation)","Permanent Neow","Quick Restart","Relic Stats","StSLib"],"gold_per_floor":[114,39,59,59,69,102,102,115,115,126,160,187,187,216,216,291,291,307,322,322,340,69,96,96,113,161,161,161,172,197,212,212,289,289,304,1303,688,706,719,719,546,571,571,585,585,611,611,630,630,630,630],"floor_reached":50,"playtime":3282,"items_purged":["Strike_G","Strike_G"],"score":1236,"play_id":"84475d81-e8c2-4293-afc6-06e1b5ee3520","local_time":"20201227002605","is_ascension_mode":true,"campfire_choices":[{"data":"Dagger Throw","floor":7.0,"key":"SMITH"},{"floor":13.0,"key":"REST"},{"data":"Strike_G","floor":15.0,"key":"PURGE"},{"data":"Footwork","floor":24.0,"key":"SMITH"},{"floor":27.0,"key":"REST"},{"data":"Strike_G","floor":32.0,"key":"PURGE"},{"data":"Noxious Fumes","floor":40.0,"key":"SMITH"},{"floor":45.0,"key":"REST"},{"data":"Tools of the Trade","floor":47.0,"key":"SMITH"},{"floor":49.0,"key":"RECALL"}],"circlet_count":0,"master_deck":["AscendersBane","Defend_G","Defend_G","Defend_G","Defend_G","Defend_G","Survivor","Neutralize","Slice","Cloak And Dagger","Regret","Dagger Throw+1","Backstab","Dash","Glass Knife","Underhanded Strike","Backflip","Bullet Time","Crippling Poison","Decay","Noxious Fumes","Footwork+1","Noxious Fumes+1","Terror+1","Writhe","Crippling Poison+1","Backflip","Blade Dance","Tools of the Trade+1","Dagger Spray+1","Normality","Normality","Noxious Fumes","Dash","Shame","Backflip"],"relics":["Ring of the Snake","Du-Vu Doll","Sundial","Pen Nib","Pantograph","Potion Belt","Odd Mushroom","Peace Pipe","Cursed Key","Red Mask","Happy Flower","HoveringKite","Medical Kit","Mango","Cauldron","Ice Cream","Bottled Tornado","Darkstone Periapt"],"acts_visited":["Exordium","TheCity","TheBeyond"],"potions_floor_usage":[50,50],"damage_taken":[{"damage":2.0,"enemies":"Small Slimes","floor":1.0,"turns":8.0},{"damage":0.0,"enemies":"2 Louse","floor":3.0,"turns":4.0},{"damage":9.0,"enemies":"Jaw Worm","floor":5.0,"turns":4.0},{"damage":29.0,"enemies":"Gremlin Nob","floor":6.0,"turns":4.0},{"damage":4.0,"enemies":"Exordium Thugs","floor":8.0,"turns":4.0},{"damage":3.0,"enemies":"Exordium Wildlife","floor":10.0,"turns":3.0},{"damage":2.0,"enemies":"3 Sentries","floor":11.0,"turns":4.0},{"damage":2.0,"enemies":"The Mushroom Lair","floor":12.0,"turns":3.0},{"damage":13.0,"enemies":"Lagavulin","floor":14.0,"turns":6.0},{"damage":28.0,"enemies":"Hexaghost","floor":16.0,"turns":11.0},{"damage":0.0,"enemies":"2 Thieves","floor":18.0,"turns":2.0},{"damage":8.0,"enemies":"3 Byrds","floor":19.0,"turns":5.0},{"damage":0.0,"enemies":"Snecko","floor":21.0,"turns":4.0},{"damage":1.0,"enemies":"Masked Bandits","floor":23.0,"turns":4.0},{"damage":15.0,"enemies":"Chosen and Byrds","floor":25.0,"turns":5.0},{"damage":9.0,"enemies":"Gremlin Leader","floor":28.0,"turns":5.0},{"damage":0.0,"enemies":"Centurion and Healer","floor":29.0,"turns":3.0},{"damage":9.0,"enemies":"Slavers","floor":30.0,"turns":5.0},{"damage":6.0,"enemies":"Shelled Parasite and Fungi","floor":31.0,"turns":5.0},{"damage":29.0,"enemies":"Collector","floor":33.0,"turns":7.0},{"damage":10.0,"enemies":"3 Shapes","floor":35.0,"turns":7.0},{"damage":0.0,"enemies":"3 Darklings","floor":38.0,"turns":1.0},{"damage":35.0,"enemies":"Maw","floor":39.0,"turns":8.0},{"damage":12.0,"enemies":"Reptomancer","floor":42.0,"turns":5.0},{"damage":8.0,"enemies":"Sphere and 2 Shapes","floor":44.0,"turns":5.0},{"damage":17.0,"enemies":"Giant Head","floor":46.0,"turns":7.0},{"damage":17.0,"enemies":"Spire Growth","floor":48.0,"turns":5.0},{"damage":58,"enemies":"Time Eater","floor":50,"turns":8}],"seed_played":"-3908985689782861132","potions_obtained":[{"floor":5.0,"key":"SmokeBomb"},{"floor":6.0,"key":"SteroidPotion"},{"floor":11.0,"key":"Block Potion"},{"floor":14.0,"key":"CultistPotion"},{"floor":18.0,"key":"SpeedPotion"},{"floor":19.0,"key":"Explosive Potion"},{"floor":29.0,"key":"AttackPotion"},{"floor":33.0,"key":"Explosive Potion"},{"floor":38.0,"key":"FairyPotion"},{"floor":39.0,"key":"DuplicationPotion"},{"floor":41.0,"key":"Fruit Juice"},{"floor":41.0,"key":"CultistPotion"},{"floor":41.0,"key":"BlessingOfTheForge"}],"is_trial":false,"path_per_floor":["M","?","M","?","M","E","R","M","T","M","E","?","R","E","R","B",null,"M","M","?","M","$","?","R","M","T","R","E","M","E","M","R","B",null,"M","?","$","M","M","R","$","E","T","M","R","E","R","M","R","B"],"character_chosen":"THE_SILENT","items_purchased":["Footwork","Fruit Juice","Medical Kit","Mango","Cauldron"],"campfire_rested":3,"item_purchase_floors":[22,22,37,37,41],"current_hp_per_floor":[57,57,57,57,48,19,19,15,15,12,10,8,26,13,13,10,48,48,40,40,40,40,39,39,24,24,48,39,39,30,24,24,20,54,44,44,58,58,23,23,28,16,16,8,33,16,16,25,25,0,0],"gold":630,"neow_bonus":"ONE_RARE_RELIC","is_daily":false,"chose_seed":false,"campfire_upgraded":4,"win_rate":0.0,"timestamp":1609008965,"path_taken":["M","?","M","?","M","E","R","M","T","M","E","?","R","E","R","BOSS","M","M","?","M","$","?","R","M","T","R","E","M","E","M","R","BOSS","M","?","?","M","?","R","$","E","T","M","R","E","R","M","R","BOSS"],"items_purchased_type":["Card","Potion","Relic","Relic","Relic"],"build_version":"2020-12-22","purchased_purges":2,"victory":false,"max_hp_per_floor":[60,60,60,60,60,60,60,60,60,60,60,60,60,60,60,60,60,60,60,60,60,60,60,60,60,60,65,65,65,65,65,65,65,65,65,65,79,79,79,79,84,84,84,84,84,84,84,84,84,84,84],"relic_stats":{"Peace Pipe":2,"Darkstone Periapt":0,"Happy Flower":[19],"counters":[28,142],"Sundial":[14],"Pantograph":75,"HoveringKite":[30],"Pen Nib":[25],"Cursed Key":2,"Medical Kit":[0],"obtain_stats":[{"Potion Belt":11,"Ice Cream":42,"Darkstone Periapt":46,"Happy Flower":30,"HoveringKite":34,"Mango":37,"Pen Nib":6,"Odd Mushroom":12,"Bottled Tornado":43,"Cursed Key":17,"Medical Kit":37,"Du-Vu Doll":0,"Peace Pipe":14,"Cauldron":41,"Sundial":4,"Pantograph":9,"Red Mask":23,"Ring of the Snake":0},{"Potion Belt":7,"Ice Cream":24,"Darkstone Periapt":26,"Happy Flower":18,"HoveringKite":20,"Mango":21,"Pen Nib":4,"Odd Mushroom":8,"Bottled Tornado":24,"Cursed Key":10,"Medical Kit":21,"Du-Vu Doll":0,"Peace Pipe":9,"Cauldron":23,"Sundial":2,"Pantograph":5,"Red Mask":14,"Ring of the Snake":0},{"Potion Belt":31,"Ice Cream":117,"Darkstone Periapt":129,"Happy Flower":84,"HoveringKite":96,"Mango":103,"Pen Nib":20,"Odd Mushroom":34,"Bottled Tornado":117,"Cursed Key":51,"Medical Kit":103,"Du-Vu Doll":0,"Peace Pipe":40,"Cauldron":112,"Sundial":12,"Pantograph":24,"Red Mask":66,"Ring of the Snake":0}],"Ring of the Snake":[56]},"card_choices":[{"not_picked":["Setup","Acrobatics"],"picked":"Slice","floor":1.0},{"not_picked":["Heel Hook","Deflect"],"picked":"Cloak And Dagger","floor":3.0},{"not_picked":["Poisoned Stab","Underhanded Strike"],"picked":"Dagger Throw","floor":5.0},{"not_picked":["Caltrops","All Out Attack"],"picked":"Backstab","floor":6.0},{"not_picked":["Flying Knee","Setup","Accuracy"],"picked":"SKIP","floor":8.0},{"not_picked":["Flying Knee","Quick Slash"],"picked":"Dash","floor":10.0},{"not_picked":["Prepared","Unload"],"picked":"Glass Knife","floor":11.0},{"not_picked":["Heel Hook","Concentrate"],"picked":"Underhanded Strike","floor":12.0},{"not_picked":["Outmaneuver","Bane"],"picked":"Backflip","floor":14.0},{"not_picked":["Corpse Explosion","Night Terror"],"picked":"Bullet Time","floor":16.0},{"not_picked":["Sucker Punch","Bane","Poisoned Stab"],"picked":"SKIP","floor":18.0},{"not_picked":["Finisher","Dash"],"picked":"Crippling Poison","floor":19.0},{"not_picked":["Flying Knee","Dodge and Roll"],"picked":"Noxious Fumes","floor":21.0},{"not_picked":["Prepared","Deflect"],"picked":"Noxious Fumes","floor":23.0},{"not_picked":["Dagger Throw","Sucker Punch"],"picked":"Terror+1","floor":25.0},{"not_picked":["Setup","Backflip"],"picked":"Crippling Poison+1","floor":29.0},{"not_picked":["Dagger Throw","Bouncing Flask"],"picked":"Backflip","floor":30.0},{"not_picked":["Cloak And Dagger","Blade Dance","Backflip"],"picked":"SKIP","floor":31.0},{"not_picked":["Cloak And Dagger","Backflip"],"picked":"Blade Dance","floor":31.0},{"not_picked":["Die Die Die","After Image"],"picked":"Tools of the Trade","floor":33.0},{"not_picked":["Flying Knee","Underhanded Strike"],"picked":"Dagger Spray+1","floor":35.0},{"not_picked":["Finisher+1","Reflex"],"picked":"Noxious Fumes","floor":38.0},{"not_picked":["Eviscerate","Deflect+1"],"picked":"Dash","floor":39.0},{"not_picked":["Dash","Dagger Throw","Skewer"],"picked":"SKIP","floor":42.0},{"not_picked":["Slice","Tactician","Expertise"],"picked":"SKIP","floor":44.0},{"not_picked":["Skewer+1","PiercingWail"],"picked":"Backflip","floor":46.0},{"not_picked":["Quick Slash","Underhanded Strike","Poisoned Stab"],"picked":"SKIP","floor":48.0}],"player_experience":221232,"relics_obtained":[{"floor":6.0,"key":"Pen Nib"},{"floor":9.0,"key":"Pantograph"},{"floor":11.0,"key":"Potion Belt"},{"floor":12.0,"key":"Odd Mushroom"},{"floor":14.0,"key":"Peace Pipe"},{"floor":23.0,"key":"Red Mask"},{"floor":30.0,"key":"Happy Flower"},{"floor":42.0,"key":"Ice Cream"},{"floor":43.0,"key":"Bottled Tornado"},{"floor":46.0,"key":"Darkstone Periapt"}],"event_choices":[{"cards_removed":["Strike_G"],"damage_healed":0.0,"max_hp_gain":0.0,"max_hp_loss":0.0,"gold_gain":0.0,"event_name":"The Cleric","player_choice":"Card Removal","floor":2.0,"gold_loss":75.0,"damage_taken":0.0},{"damage_healed":0.0,"max_hp_gain":0.0,"max_hp_loss":0.0,"gold_gain":0.0,"event_name":"Big Fish","player_choice":"Box","floor":4.0,"gold_loss":0.0,"damage_taken":0.0,"relics_obtained":["Sundial"],"cards_obtained":["Regret"]},{"damage_healed":0.0,"max_hp_gain":0.0,"max_hp_loss":0.0,"gold_gain":0.0,"event_name":"Mushrooms","player_choice":"Fought Mushrooms","floor":12.0,"gold_loss":0.0,"damage_taken":0.0},{"damage_healed":0.0,"max_hp_gain":0.0,"max_hp_loss":0.0,"gold_gain":0.0,"event_name":"Forgotten Altar","player_choice":"Smashed Altar","floor":20.0,"gold_loss":0.0,"damage_taken":0.0,"cards_obtained":["Decay"]},{"damage_healed":0.0,"max_hp_gain":0.0,"max_hp_loss":0.0,"gold_gain":0.0,"event_name":"Masked Bandits","player_choice":"Fought Bandits","floor":23.0,"gold_loss":0.0,"damage_taken":0.0},{"damage_healed":0.0,"max_hp_gain":0.0,"max_hp_loss":0.0,"gold_gain":999.0,"event_name":"MindBloom","player_choice":"Gold","floor":36.0,"gold_loss":0.0,"damage_taken":0.0,"cards_obtained":["Normality","Normality"]}],"is_beta":false,"boss_relics":[{"not_picked":["Sozu","Tiny House"],"picked":"Cursed Key"},{"not_picked":["WristBlade","Pandora\u0027s Box"],"picked":"HoveringKite"}],"items_purged_floors":[22,37],"is_endless":false,"potions_floor_spawned":[5,6,11,14,18,19,29,33,38,39,46],"killed_by":"Time Eater","ascension_level":17}}