{"host":"raai0vtvcfkt8csp","time":1609024842,"event":{"mods":["2.2 Compatiblity","AchievementEnabler","BaseMod","Block Reminder","DeckTracker","Defective Defect","GifTheSpireLib","Minty Spire (QoL Compilation)","Quick Restart","Random Character Button","Rare Cards Sparkle","StSLib","Unceasing Turn Reminder"],"gold_per_floor":[115,115,133,133,145,171,171,181,181,194,226,240,23,23,23,128,128,128,128,128,128,128],"floor_reached":21,"playtime":826,"items_purged":[],"score":212,"play_id":"8d5e8d3c-841f-4ec9-b9a8-61d44ed30dbf","local_time":"20201227002042","is_ascension_mode":true,"campfire_choices":[{"data":"Berserk","floor":7,"key":"SMITH"},{"data":"Apotheosis","floor":15,"key":"SMITH"}],"circlet_count":0,"master_deck":["Strike_R+1","Strike_R+1","Strike_R+1","Strike_R+1","Strike_R+1","Defend_R+1","Defend_R+1","Defend_R+1","Defend_R+1","Bash","Berserk+1","Clash","Flex","Armaments","Fire Breathing","Infernal Blade","Flame Barrier","Combust","Apotheosis+1","Dark Embrace","Parasite","Reaper","Disarm"],"relics":["Burning Blood","Charon\u0027s Ashes","Self Forming Clay","Bottled Lightning","Ectoplasm"],"acts_visited":["Exordium","TheCity"],"potions_floor_usage":[10,11],"damage_taken":[{"damage":9,"enemies":"2 Louse","floor":1,"turns":4},{"damage":5,"enemies":"Small Slimes","floor":3,"turns":4},{"damage":0,"enemies":"Cultist","floor":5,"turns":3},{"damage":17,"enemies":"Lagavulin","floor":6,"turns":8},{"damage":25,"enemies":"3 Louse","floor":8,"turns":5},{"damage":8,"enemies":"Blue Slaver","floor":10,"turns":4},{"damage":13,"enemies":"Gremlin Nob","floor":11,"turns":3},{"damage":0,"enemies":"2 Fungi Beasts","floor":12,"turns":3},{"damage":49,"enemies":"Hexaghost","floor":16,"turns":10},{"damage":13,"enemies":"3 Byrds","floor":18,"turns":4},{"damage":14,"enemies":"Chosen","floor":20,"turns":5},{"damage":25,"enemies":"Snake Plant","floor":21,"turns":3}],"seed_played":"4036483439324743795","potions_obtained":[{"floor":1,"key":"AttackPotion"},{"floor":4,"key":"BloodPotion"},{"floor":4,"key":"Regen Potion"},{"floor":16,"key":"Weak Potion"},{"floor":20,"key":"FearPotion"}],"is_trial":false,"path_per_floor":["M","?","M","?","M","E","R","M","T","M","E","M","$","?","R","B",null,"M","?","M","M"],"character_chosen":"IRONCLAD","items_purchased":["Apotheosis","Dark Embrace"],"campfire_rested":0,"item_purchase_floors":[13,13],"current_hp_per_floor":[69,69,70,70,72,61,61,42,42,54,47,53,53,71,71,28,72,65,65,61,42,42],"gold":128,"neow_bonus":"THREE_RARE_CARDS","is_daily":false,"chose_seed":false,"campfire_upgraded":2,"win_rate":0.0,"timestamp":1609024842,"path_taken":["M","?","M","?","M","E","R","M","T","?","E","M","$","?","R","BOSS","M","?","M","M"],"items_purchased_type":["Card","Card"],"build_version":"2020-12-22","purchased_purges":0,"victory":false,"max_hp_per_floor":[72,72,72,72,72,72,72,72,72,72,72,72,72,72,72,72,72,72,72,72,72,72],"card_choices":[{"not_picked":["Offering","Juggernaut"],"picked":"Berserk","floor":0},{"not_picked":["Burning Pact","Feel No Pain"],"picked":"Clash","floor":1},{"not_picked":["Burning Pact","Headbutt"],"picked":"Flex","floor":3},{"not_picked":["Havoc","Headbutt"],"picked":"Armaments","floor":5},{"not_picked":["Rupture","True Grit"],"picked":"Fire Breathing","floor":6},{"not_picked":["Rupture","Fire Breathing","Body Slam"],"picked":"SKIP","floor":8},{"not_picked":["Warcry","Body Slam"],"picked":"Infernal Blade","floor":10},{"not_picked":["Fiend Fire","Disarm"],"picked":"Flame Barrier","floor":11},{"not_picked":["Battle Trance","Armaments"],"picked":"Combust","floor":12},{"not_picked":["Impervious","Offering"],"picked":"Reaper","floor":16},{"not_picked":["Hemokinesis","Rage"],"picked":"Disarm","floor":18},{"not_picked":["Dark Embrace","Fire Breathing","Headbutt"],"picked":"SKIP","floor":20},{"not_picked":["Evolve+1","Clothesline","Uppercut+1"],"picked":"SKIP","floor":21}],"player_experience":462511,"relics_obtained":[{"floor":6,"key":"Charon\u0027s Ashes"},{"floor":9,"key":"Self Forming Clay"},{"floor":11,"key":"Bottled Lightning"}],"event_choices":[{"damage_healed":0,"gold_gain":0,"player_choice":"Ignored","damage_taken":0,"max_hp_gain":0,"max_hp_loss":0,"event_name":"Liars Game","floor":2,"gold_loss":0},{"damage_healed":0,"gold_gain":0,"player_choice":"Got Potions","damage_taken":0,"max_hp_gain":0,"max_hp_loss":0,"event_name":"Lab","floor":4,"gold_loss":0},{"damage_healed":18,"gold_gain":0,"player_choice":"Healed and dodged fight","damage_taken":0,"max_hp_gain":0,"max_hp_loss":0,"event_name":"Mushrooms","floor":14,"gold_loss":0,"cards_obtained":["Parasite"]},{"damage_healed":0,"gold_gain":0,"player_choice":"Simplicity","damage_taken":0,"max_hp_gain":0,"max_hp_loss":0,"event_name":"Back to Basics","floor":19,"gold_loss":0,"cards_upgraded":["Strike_R","Strike_R","Strike_R","Strike_R","Strike_R","Defend_R","Defend_R","Defend_R","Defend_R"]}],"is_beta":false,"boss_relics":[{"not_picked":["Astrolabe","Sozu"],"picked":"Ectoplasm"}],"items_purged_floors":[],"is_endless":false,"potions_floor_spawned":[1,6,8,16,20],"killed_by":"Snake Plant","ascension_level":2}}