{"host":"q9718omregw4er46","time":1609013941,"event":{"mods":["BaseMod","Bestiary","Colored Powertips","Minty Spire (QoL Compilation)","Quick Restart","Relic Stats"],"gold_per_floor":[117,117,267,278,33,66,24,58,58,8,8,34,34,34,34,34,34],"floor_reached":16,"playtime":328,"items_purged":["Doubt","Strike_B"],"score":278,"play_id":"e500eba1-1985-465d-97ba-a689dbbe7664","local_time":"20201227011901","is_ascension_mode":true,"campfire_choices":[{"data":"Defragment","floor":11,"key":"SMITH"},{"data":"Capacitor","floor":13,"key":"SMITH"},{"floor":15,"key":"REST"}],"circlet_count":0,"master_deck":["AscendersBane","Strike_B","Strike_B","Strike_B","Defend_B","Defend_B","Defend_B","Defend_B","Zap","Dualcast","Ball Lightning","Capacitor+1","Echo Form","Defragment+1","Genetic Algorithm","BootSequence"],"relics":["Cracked Core","NeowsBlessing","Membership Card","Darkstone Periapt","Molten Egg 2","Sundial","Regal Pillow"],"acts_visited":["Exordium"],"potions_floor_usage":[12],"damage_taken":[{"damage":0,"enemies":"Cultist","floor":1,"turns":1},{"damage":0,"enemies":"2 Louse","floor":4,"turns":1},{"damage":0,"enemies":"Gremlin Nob","floor":6,"turns":1},{"damage":15,"enemies":"Lagavulin","floor":8,"turns":6},{"damage":40,"enemies":"3 Sentries","floor":12,"turns":8},{"damage":52,"enemies":"Slime Boss","floor":16,"turns":6}],"seed_played":"7761215051940946796","potions_obtained":[{"floor":4,"key":"GamblersBrew"}],"is_trial":false,"path_per_floor":["M","?","?","M","$","E","$","E","T","$","R","E","R","?","R","B"],"character_chosen":"DEFECT","items_purchased":["Membership Card","Capacitor","Defragment"],"campfire_rested":1,"item_purchase_floors":[5,5,7],"current_hp_per_floor":[64,69,69,69,69,69,69,54,54,54,54,14,14,14,51,0,0],"gold":34,"neow_bonus":"THREE_ENEMY_KILL","is_daily":false,"chose_seed":false,"campfire_upgraded":2,"win_rate":0.0,"timestamp":1609013941,"path_taken":["M","?","?","M","$","E","?","E","T","$","R","E","R","?","R","BOSS"],"items_purchased_type":["Relic","Card","Card"],"build_version":"2020-12-22","purchased_purges":2,"victory":false,"max_hp_per_floor":[71,76,76,76,76,76,76,76,76,76,76,76,76,76,76,76,76],"relic_stats":{"Darkstone Periapt":0,"Regal Pillow":15,"counters":[6,23],"Sundial":[2],"obtain_stats":[{"Darkstone Periapt":6,"Regal Pillow":12,"NeowsBlessing":0,"Sundial":9,"Molten Egg 2":8,"Membership Card":5,"Cracked Core":0},{"Darkstone Periapt":3,"Regal Pillow":5,"NeowsBlessing":0,"Sundial":4,"Molten Egg 2":4,"Membership Card":2,"Cracked Core":0},{"Darkstone Periapt":3,"Regal Pillow":17,"NeowsBlessing":0,"Sundial":9,"Molten Egg 2":9,"Membership Card":2,"Cracked Core":0}]},"card_choices":[{"not_picked":["Steam","Cold Snap"],"picked":"Ball Lightning","floor":1},{"not_picked":["Steam","Leap","Rainbow"],"picked":"SKIP","floor":4},{"not_picked":["Redo","Steam"],"picked":"Echo Form","floor":6},{"not_picked":["Blizzard+1","Loop"],"picked":"Genetic Algorithm","floor":8},{"not_picked":["Genetic Algorithm","Conserve Battery"],"picked":"BootSequence","floor":12}],"player_experience":1124237,"relics_obtained":[{"floor":6,"key":"Darkstone Periapt"},{"floor":8,"key":"Molten Egg 2"},{"floor":9,"key":"Sundial"},{"floor":12,"key":"Regal Pillow"}],"event_choices":[{"damage_healed":0,"gold_gain":0,"player_choice":"Donut","damage_taken":0,"max_hp_gain":5,"max_hp_loss":0,"event_name":"Big Fish","floor":2,"gold_loss":0},{"damage_healed":0,"gold_gain":150,"player_choice":"AGREE","damage_taken":0,"max_hp_gain":0,"max_hp_loss":0,"event_name":"Liars Game","floor":3,"gold_loss":0,"cards_obtained":["Doubt"]},{"damage_healed":0,"gold_gain":0,"player_choice":"Ignored","damage_taken":0,"max_hp_gain":0,"max_hp_loss":0,"event_name":"Shining Light","floor":14,"gold_loss":0}],"is_beta":false,"boss_relics":[],"items_purged_floors":[5,10],"is_endless":false,"potions_floor_spawned":[4],"killed_by":"Slime Boss","ascension_level":20}}