{"host":"jwvz9sqego1wo43x","time":1609026763,"event":{"mods":["AchievementEnabler","BaseMod","Colored Map","Downfall","GifTheSpireLib","Minty Spire (QoL Compilation)","StSLib"],"gold_per_floor":[99,116,134,44,58,58,84,84,99,61,90,100,25,51,64,64,64,64],"floor_reached":16,"playtime":715,"items_purged":["Slimebound:Icky"],"score":118,"play_id":"37c5d73d-3540-4aa0-a653-1414c1c6949f","local_time":"20201226235243","is_ascension_mode":true,"campfire_choices":[{"floor":1,"key":"RECALL"},{"data":"champ:Taunt","floor":6,"key":"SMITH"},{"data":"champ:TornadoPunch","floor":13,"key":"SMITH"}],"circlet_count":0,"master_deck":["champ:Strike","champ:Strike","champ:Strike","champ:Strike","champ:Defend","champ:Defend","champ:Defend","champ:Defend","champ:Execute","champ:Taunt+1","champ:HoldFirm","champ:GutPunch","champ:BerserkersShout","champ:AdrenalArmor","champ:FocusedBerserking","champ:Backstep","champ:TornadoPunch+1","champ:DeathBlow","champ:MurderStrike"],"relics":["champ:ChampionCrown","Tiny Chest","downfall:BrokenWingStatue","Eternal Feather","downfall:HeartBlessingRed","champ:FightingForDummies"],"acts_visited":["Exordium"],"potions_floor_usage":[],"damage_taken":[{"damage":16,"enemies":"Cultist","floor":2,"turns":5},{"damage":16,"enemies":"Jaw Worm","floor":3,"turns":3},{"damage":22,"enemies":"downfall:FleeingMerchant","floor":4,"turns":4},{"damage":21,"enemies":"Small Slimes","floor":5,"turns":4},{"damage":28,"enemies":"3 Louse","floor":9,"turns":5},{"damage":20,"enemies":"downfall:FleeingMerchant","floor":10,"turns":4},{"damage":48,"enemies":"3 Sentries","floor":11,"turns":11},{"damage":22,"enemies":"Blue Slaver","floor":12,"turns":5},{"damage":64,"enemies":"Lagavulin","floor":14,"turns":6},{"damage":34,"enemies":"Large Slime","floor":15,"turns":4},{"damage":49,"enemies":"downfall:Defect","floor":16,"turns":4}],"seed_played":"6013166068586977542","potions_obtained":[{"floor":3,"key":"hexamod:EctoCoolerPotion"},{"floor":5,"key":"Weak Potion"},{"floor":9,"key":"Block Potion"}],"is_trial":false,"path_per_floor":["R","M","M","$","M","R","T","?","M","$","E","M","R","E","M","B"],"character_chosen":"THE_CHAMP","items_purchased":["champ:Backstep"],"campfire_rested":0,"item_purchase_floors":[10],"current_hp_per_floor":[90,82,76,76,74,74,74,74,67,67,49,47,56,37,37,0,0,0],"gold":64,"neow_bonus":"THREE_RARE_CARDS","is_daily":false,"chose_seed":false,"campfire_upgraded":2,"win_rate":0.0,"timestamp":1609026763,"path_taken":["R","?","M","$","M","R","T","?","M","$","E","M","R","E","M","BOSS"],"items_purchased_type":["Card"],"build_version":"2020-12-22","purchased_purges":1,"victory":false,"max_hp_per_floor":[90,90,90,90,90,90,90,90,90,90,90,90,90,90,90,90,90,90],"card_choices":[{"not_picked":["champ:ShieldSlam","champ:HeavySlash"],"picked":"champ:HoldFirm","floor":0},{"not_picked":["champ:Duel","champ:SkillfulDodge"],"picked":"champ:GutPunch","floor":2},{"not_picked":["champ:GutPunch","champ:GladiatorsShout"],"picked":"champ:BerserkersShout","floor":3},{"not_picked":["champ:RecklessLeap","champ:Haymaker"],"picked":"champ:AdrenalArmor","floor":4},{"not_picked":["champ:FanOfKnives","champ:BerserkersShout","champ:Riposte"],"picked":"SKIP","floor":5},{"not_picked":["champ:FlashCut","champ:Aggression","champ:BerserkersShout"],"picked":"SKIP","floor":9},{"not_picked":["champ:BladeFlurry","champ:Circumvent"],"picked":"champ:FocusedBerserking","floor":10},{"not_picked":["champ:AdrenalArmor","champ:GutPunch"],"picked":"champ:TornadoPunch","floor":11},{"not_picked":["champ:IronFortress","champ:RisingSlash"],"picked":"champ:DeathBlow","floor":12},{"not_picked":["champ:HeartStrike","champ:RisingSlash"],"picked":"champ:MurderStrike","floor":14},{"not_picked":["champ:GutPunch","champ:ViciousMockery","champ:RisingSlash"],"picked":"SKIP","floor":15}],"player_experience":493560,"relics_obtained":[{"floor":7,"key":"Tiny Chest"},{"floor":11,"key":"Eternal Feather"},{"floor":14,"key":"champ:FightingForDummies"}],"event_choices":[],"is_beta":false,"boss_relics":[],"items_purged_floors":[4],"is_endless":false,"potions_floor_spawned":[3,5,9,11,15],"killed_by":"downfall:Defect","ascension_level":1}}