{"host":"2cg6xoexl1he7zus","time":1609008839,"event":{"mods":["AchievementEnabler","BaseMod","Colored Map","Minty Spire (QoL Compilation)","Quick Restart","StSLib","SuperFastMode","everything is the same but u backflip on backflip"],"gold_per_floor":[113,288,288,288,339,95,426,426,426,426,52,52,87,106,106,210,210,226,244,62,62,62,62,79,129,178,197,297,297,15,47,47,148,148,163,215,234,234,254,254,89,115,115,5,24,24,74,74,74,74],"floor_reached":51,"playtime":1677,"items_purged":["Doubt","Strike_B","Strike_B","Defend_B","Defend_B"],"score":1180,"play_id":"e3a89a6d-4177-4228-a51c-e04afbfb4027","local_time":"20201227035359","is_ascension_mode":true,"campfire_choices":[{"data":"Zap","floor":8.0,"key":"SMITH"},{"floor":12.0,"key":"REST"},{"data":"Beam Cell","floor":15.0,"key":"SMITH"},{"data":"Reprogram","floor":23.0,"key":"SMITH"},{"data":"Buffer","floor":29.0,"key":"SMITH"},{"floor":32.0,"key":"REST"},{"data":"Echo Form","floor":40.0,"key":"SMITH"},{"data":"Seek","floor":46.0,"key":"SMITH"},{"floor":49.0,"key":"REST"}],"circlet_count":0,"master_deck":["AscendersBane","Strike_B","Defend_B","Defend_B","Zap+1","Dualcast+1","Hologram+1","Auto Shields","Beam Cell+1","FTL","Sunder","Go for the Eyes","Buffer+1","Steam","Skim+1","Echo Form+1","Reprogram+1","Hyperbeam","Double Energy+1","Madness","Madness","Seek+1","Scrape","Master of Strategy","Dramatic Entrance"],"relics":["Cracked Core","Juzu Bracelet","Old Coin","Sundial","Membership Card","Pear","Mercury Hourglass","Nuclear Battery","PreservedInsect","White Beast Statue","Bronze Scales","Runic Pyramid","Blood Vial","TheAbacus","Smiling Mask","Prayer Wheel"],"acts_visited":["TheCity","TheBeyond"],"potions_floor_usage":[50,50],"damage_taken":[{"damage":7.0,"enemies":"Small Slimes","floor":1.0,"turns":3.0},{"damage":46.0,"enemies":"3 Sentries","floor":7.0,"turns":9.0},{"damage":30.0,"enemies":"Lagavulin","floor":13.0,"turns":5.0},{"damage":0.0,"enemies":"2 Louse","floor":14.0,"turns":1.0},{"damage":18.0,"enemies":"Hexaghost","floor":16.0,"turns":8.0},{"damage":0.0,"enemies":"Spheric Guardian","floor":18.0,"turns":3.0},{"damage":8.0,"enemies":"Chosen","floor":19.0,"turns":4.0},{"damage":3.0,"enemies":"Centurion and Healer","floor":24.0,"turns":7.0},{"damage":17.0,"enemies":"Snake Plant","floor":27.0,"turns":3.0},{"damage":0.0,"enemies":"Gremlin Leader","floor":31.0,"turns":5.0},{"damage":0.0,"enemies":"Automaton","floor":33.0,"turns":9.0},{"damage":0.0,"enemies":"Orb Walker","floor":35.0,"turns":3.0},{"damage":6.0,"enemies":"3 Darklings","floor":37.0,"turns":2.0},{"damage":3.0,"enemies":"4 Shapes","floor":39.0,"turns":3.0},{"damage":6.0,"enemies":"Nemesis","floor":42.0,"turns":3.0},{"damage":16.0,"enemies":"Sphere and 2 Shapes","floor":45.0,"turns":5.0},{"damage":0.0,"enemies":"Mind Bloom Boss Battle","floor":47.0,"turns":5.0},{"damage":38,"enemies":"Donu and Deca","floor":50,"turns":8}],"seed_played":"6832569075286301352","potions_obtained":[{"floor":13.0,"key":"Weak Potion"},{"floor":14.0,"key":"Ancient Potion"},{"floor":24.0,"key":"EssenceOfDarkness"},{"floor":31.0,"key":"SpeedPotion"},{"floor":33.0,"key":"AttackPotion"},{"floor":35.0,"key":"DuplicationPotion"},{"floor":37.0,"key":"Fruit Juice"},{"floor":39.0,"key":"ColorlessPotion"},{"floor":42.0,"key":"LiquidBronze"},{"floor":45.0,"key":"EssenceOfSteel"},{"floor":47.0,"key":"Block Potion"}],"is_trial":false,"path_per_floor":["M","?","?","?","T","$","E","R","T","?","$","R","E","M","R","B",null,"M","M","$","?","?","R","M","?","T","M","?","R","$","E","R","B",null,"M","T","M","?","M","R","$","E","T","$","M","R","?","?","R","B",null],"character_chosen":"DEFECT","items_purchased":["Auto Shields","Beam Cell","FTL","Membership Card","Go for the Eyes","Pear","Fire Potion","Echo Form","Reprogram","White Beast Statue","Hyperbeam","TheAbacus","Seek","Scrape"],"campfire_rested":3,"item_purchase_floors":[6,6,6,11,11,11,11,20,20,30,30,41,44,44],"current_hp_per_floor":[61,61,66,66,66,66,20,20,20,20,30,57,27,27,27,9,70,70,62,62,62,62,62,59,59,59,42,42,42,42,42,69,69,85,85,85,86,74,73,73,73,69,69,69,55,55,57,47,75,39],"gold":74,"neow_bonus":"UPGRADE_CARD","is_daily":false,"chose_seed":false,"campfire_upgraded":6,"win_rate":0.0,"timestamp":1609008839,"path_taken":["M","?","?","?","?","$","E","R","T","?","$","R","E","M","R","BOSS","M","M","$","?","?","R","M","?","T","M","?","R","?","E","R","BOSS","M","?","M","?","M","R","$","E","T","$","M","R","?","?","R","BOSS"],"items_purchased_type":["Card","Card","Card","Relic","Card","Relic","Potion","Card","Card","Relic","Card","Relic","Card","Card"],"build_version":"2020-12-22","purchased_purges":5,"victory":true,"max_hp_per_floor":[75,75,80,80,80,80,80,80,80,80,90,90,90,90,90,90,90,90,90,90,90,90,90,90,90,90,90,90,90,90,90,90,90,90,90,90,95,95,95,95,95,95,95,95,95,95,95,95,95,95],"card_choices":[{"not_picked":["Storm","Undo"],"picked":"Hologram","floor":1.0},{"not_picked":["Static Discharge","Sweeping Beam"],"picked":"Sunder","floor":7.0},{"not_picked":["Meteor Strike","Static Discharge","Redo"],"picked":"SKIP","floor":13.0},{"not_picked":["Gash","Sweeping Beam","Turbo"],"picked":"SKIP","floor":14.0},{"not_picked":["Thunder Strike","Biased Cognition"],"picked":"Buffer","floor":16.0},{"not_picked":["Hologram+1","Glacier"],"picked":"Steam","floor":18.0},{"not_picked":["Turbo+1","Coolheaded"],"picked":"Skim+1","floor":19.0},{"not_picked":["Hello World+1","Beam Cell+1","Chaos"],"picked":"SKIP","floor":24.0},{"not_picked":["Ball Lightning","Rebound","Sweeping Beam+1"],"picked":"SKIP","floor":27.0},{"not_picked":["Sweeping Beam+1","Turbo","Redo"],"picked":"SKIP","floor":31.0},{"not_picked":["Chill+1","Stack","Compile Driver"],"picked":"SKIP","floor":35.0},{"not_picked":["Glacier+1","Genetic Algorithm"],"picked":"Double Energy+1","floor":37.0},{"not_picked":["Compile Driver","Go for the Eyes","Lockon"],"picked":"SKIP","floor":39.0},{"not_picked":["Cold Snap+1","Consume","Hello World+1"],"picked":"SKIP","floor":42.0},{"not_picked":["Gash+1","Genetic Algorithm+1","Redo+1"],"picked":"SKIP","floor":45.0},{"not_picked":["Panacea","Transmutation"],"picked":"Master of Strategy","floor":48.0},{"not_picked":["Swift Strike","Secret Weapon"],"picked":"Dramatic Entrance","floor":48.0}],"player_experience":254190,"relics_obtained":[{"floor":5.0,"key":"Juzu Bracelet"},{"floor":7.0,"key":"Old Coin"},{"floor":9.0,"key":"Sundial"},{"floor":13.0,"key":"Mercury Hourglass"},{"floor":26.0,"key":"PreservedInsect"},{"floor":31.0,"key":"Bronze Scales"},{"floor":36.0,"key":"Blood Vial"},{"floor":42.0,"key":"Smiling Mask"},{"floor":47.0,"key":"Prayer Wheel"}],"event_choices":[{"damage_healed":0.0,"max_hp_gain":0.0,"max_hp_loss":0.0,"gold_gain":175.0,"event_name":"Liars Game","player_choice":"AGREE","floor":2.0,"gold_loss":0.0,"damage_taken":0.0,"cards_obtained":["Doubt"]},{"damage_healed":0.0,"max_hp_gain":5.0,"max_hp_loss":0.0,"gold_gain":0.0,"event_name":"Big Fish","player_choice":"Donut","floor":3.0,"gold_loss":0.0,"damage_taken":0.0},{"damage_healed":0.0,"max_hp_gain":0.0,"max_hp_loss":0.0,"gold_gain":0.0,"event_name":"Scrap Ooze","player_choice":"Fled","floor":4.0,"gold_loss":0.0,"damage_taken":0.0},{"damage_healed":0.0,"max_hp_gain":0.0,"max_hp_loss":0.0,"gold_gain":0.0,"event_name":"Upgrade Shrine","player_choice":"Upgraded","floor":10.0,"gold_loss":0.0,"damage_taken":0.0,"cards_upgraded":["Hologram"]},{"damage_healed":0.0,"max_hp_gain":0.0,"max_hp_loss":0.0,"gold_gain":0.0,"event_name":"Vampires","player_choice":"Ignored","floor":21.0,"gold_loss":0.0,"damage_taken":0.0},{"cards_removed":["Strike_B"],"damage_healed":0.0,"max_hp_gain":0.0,"max_hp_loss":0.0,"gold_gain":0.0,"event_name":"Back to Basics","player_choice":"Elegance","floor":22.0,"gold_loss":0.0,"damage_taken":0.0},{"damage_healed":0.0,"max_hp_gain":0.0,"max_hp_loss":0.0,"gold_gain":100.0,"event_name":"The Joust","player_choice":"Bet on Murderer","floor":25.0,"gold_loss":50.0,"damage_taken":0.0},{"damage_healed":0.0,"max_hp_gain":0.0,"max_hp_loss":0.0,"gold_gain":100.0,"event_name":"Golden Shrine","player_choice":"Pray","floor":28.0,"gold_loss":0.0,"damage_taken":0.0},{"damage_healed":0.0,"max_hp_gain":0.0,"max_hp_loss":0.0,"gold_gain":0.0,"event_name":"Winding Halls","player_choice":"Embrace Madness","floor":38.0,"gold_loss":0.0,"damage_taken":12.0,"cards_obtained":["Madness","Madness"]},{"damage_healed":0.0,"max_hp_gain":0.0,"max_hp_loss":0.0,"gold_gain":0.0,"event_name":"MindBloom","player_choice":"Fight","floor":47.0,"gold_loss":0.0,"damage_taken":0.0},{"damage_healed":0.0,"max_hp_gain":0.0,"max_hp_loss":0.0,"gold_gain":0.0,"event_name":"SensoryStone","player_choice":"Memory 3","floor":48.0,"gold_loss":0.0,"damage_taken":10.0}],"is_beta":false,"boss_relics":[{"not_picked":["Inserter","Astrolabe"],"picked":"Nuclear Battery"},{"not_picked":["FrozenCore","Sozu"],"picked":"Runic Pyramid"}],"items_purged_floors":[6,11,20,30,41],"is_endless":false,"potions_floor_spawned":[13,14,24,31,33,35,37,39,42,45,47],"ascension_level":10}}