{"host":"kev6uqotw4tlyx8l","time":1609002679,"event":{"mods":["Act Like it!","Aspiration","BaseMod","Colored Powertips","Dota2Spire","Downfall","Hallownest","Infinite Spire","Marisa????????","Minty Spire (QoL Compilation)","Quick Restart","Remilia??????","Replay The Spire","StSLib","The Cursed","The Jungle","The Marked","The Mystic","The Servant 0.9.4"],"gold_per_floor":[110,110,110,135,135,135,171,66,92,92,142,170,231,243,255,296,308,461,473,514,466,7,24,123,123,123,123,150,150,167,167,194,194,194,208,208],"floor_reached":35,"playtime":1121,"items_purged":["Pain"],"score":261,"play_id":"65bae22a-76a8-4326-b456-594d68084310","local_time":"20201227001119","is_ascension_mode":false,"campfire_choices":[{"data":"theMarked:SoldierOfQuellstein","floor":6,"key":"SMITH"},{"floor":10,"key":"REST"},{"floor":17,"key":"REST"},{"data":"infinitespire:NeuralNetwork","floor":25,"key":"SMITH"},{"data":"theMarked:Improvise","floor":27,"key":"SMITH"},{"data":"theMarked:EmpowerWeapon","floor":29,"key":"SMITH"},{"data":"theMarked:SelfDefenseTraining","floor":31,"key":"SMITH"},{"floor":34,"key":"REST"}],"circlet_count":0,"master_deck":["theMarked:Strike","theMarked:Strike","theMarked:Strike","theMarked:Strike","theMarked:Strike","theMarked:Defend","theMarked:Defend","theMarked:Defend","theMarked:Defend","theMarked:SoldierOfQuellstein+1","Deep Breath","theMarked:WardOff","theMarked:ElectricStrings","theMarked:ContemptForTheProud","theMarked:BanishingStrike+1","theMarked:ParalyzingBlade+1","theMarked:Improvise+1","theMarked:SummonStrength+1","theMarked:EmpowerWeapon+1","theMarked:BindingBlade+1","CommonCold","TheCursedMod:CursedWand","theMarked:UnarmedFury+1","Panacea","infinitespire:NeuralNetwork+1","theMarked:HeritageOfTheMarked","theMarked:WardOff+1","theMarked:ComboAttacks+1","theMarked:SummonStrength+1","theMarked:Frustration","Decay","theMarked:SelfDefenseTraining+1","theMarked:RogueSparks","infinitespire:Fortify"],"relics":["Sizzling Blood","Golden Idol","infinitespire:Cubic Diamond","Golden Egg","Boot","Ring of Greed","MawBank","infinitespire:Midas Blood","Ring of Misfortune","Bronze Scales","ReplayTheSpireMod:SealedPack","Iron Hammer","Orrery","Simple Rune","OrangePellets"],"acts_visited":["Exordium","TheCity"],"potions_floor_usage":[7,18,23],"damage_taken":[{"damage":1,"enemies":"Jaw Worm","floor":1,"turns":3},{"damage":0,"enemies":"2 Louse","floor":4,"turns":3},{"damage":33,"enemies":"Lagavulin","floor":7,"turns":8},{"damage":8,"enemies":"Small Slimes","floor":12,"turns":4},{"damage":19,"enemies":"3 Sentries","floor":13,"turns":7},{"damage":11,"enemies":"3 Louse","floor":16,"turns":3},{"damage":39,"enemies":"Hexaghost","floor":18,"turns":9},{"damage":4,"enemies":"3 Byrds","floor":20,"turns":3},{"damage":7,"enemies":"2 Thieves","floor":23,"turns":4},{"damage":7,"enemies":"Snecko","floor":30,"turns":3},{"damage":25,"enemies":"Snake Plant","floor":32,"turns":4},{"damage":72,"enemies":"Automaton","floor":35,"turns":6}],"seed_played":"8825846972781911081","potions_obtained":[{"floor":4,"key":"SteroidPotion"},{"floor":13,"key":"LiquidMemories"},{"floor":18,"key":"Fire Potion"}],"is_trial":false,"path_per_floor":["M","?","?","M","?","R","E","$","T","R","?","M","E","PTL","PTL","M","R","B",null,"M","?","$","M","?","R","?","R","T","R","M","R","M","AVR","R","B"],"character_chosen":"THE_DEFAULT","items_purchased":["theMarked:BanishingStrike+1","theMarked:ParalyzingBlade","Iron Hammer","Orrery"],"campfire_rested":3,"item_purchase_floors":[8,8,22,22],"current_hp_per_floor":[69,65,65,65,65,65,36,36,36,55,55,51,36,36,36,29,48,13,65,65,65,65,62,62,62,62,62,62,62,59,59,38,38,57,0,0],"gold":208,"neow_bonus":"RANDOM_COLORLESS","is_daily":false,"chose_seed":false,"campfire_upgraded":5,"win_rate":0.0,"timestamp":1609002679,"path_taken":["M","?","?","M","?","R","E","?","T","R","?","M","E","PTL","PTL","M","R","BOSS","M","?","$","M","?","R","?","R","T","R","M","R","?","AVR","R","BOSS"],"items_purchased_type":["Card","Card","Relic","Relic"],"build_version":"2020-12-22","purchased_purges":1,"victory":false,"max_hp_per_floor":[70,65,65,65,65,65,65,65,65,65,65,65,65,65,65,65,65,65,65,65,65,65,65,65,65,65,65,65,65,65,65,65,65,65,65,65],"card_choices":[{"not_picked":["PanicButton","Replay:SS_hec_2"],"picked":"Deep Breath","floor":0},{"not_picked":["theMarked:TunnelVision","theMarked:EnhancedHearing"],"picked":"theMarked:WardOff","floor":1},{"not_picked":["theMarked:Polarize","theMarked:Generate"],"picked":"theMarked:ElectricStrings","floor":4},{"not_picked":["theMarked:MaelstromOfLightning","theMarked:Panic"],"picked":"theMarked:ContemptForTheProud","floor":7},{"not_picked":["theMarked:ElectricStrings","theMarked:Parkour"],"picked":"theMarked:Improvise","floor":12},{"not_picked":["theMarked:RepellingDischarge","theMarked:ResourceFulStrike"],"picked":"theMarked:SummonStrength","floor":13},{"not_picked":["theMarked:WardOff","theMarked:Polarize"],"picked":"theMarked:EmpowerWeapon","floor":16},{"not_picked":["theMarked:UnarmedFury","theMarked:ThrowWeapon"],"picked":"theMarked:BindingBlade","floor":18},{"not_picked":["mysticmod:ShockingGrasp","sneckomod:TailWhip"],"picked":"TheCursedMod:CursedWand","floor":19},{"not_picked":["theMarked:TurnInvisible","theMarked:Challenge"],"picked":"theMarked:UnarmedFury","floor":19},{"not_picked":["Replay:BasicMightCard","Replay:Bootleg Shield Generator"],"picked":"Panacea","floor":19},{"not_picked":["infinitespire:Fortify","ReplayTheSpireMod:Haul"],"picked":"infinitespire:NeuralNetwork","floor":19},{"not_picked":["theMarked:Opportunist","theMarked:Parkour"],"picked":"theMarked:HeritageOfTheMarked","floor":20},{"not_picked":["theMarked:HeightenedSenses+1","theMarked:ContemptForTheProud+1"],"picked":"theMarked:WardOff","floor":22},{"not_picked":["theMarked:EmpowerWeapon","theMarked:Frustration"],"picked":"theMarked:ComboAttacks+1","floor":22},{"not_picked":["theMarked:Aftermath","theMarked:SwordAndMagic"],"picked":"theMarked:SummonStrength","floor":22},{"not_picked":["theMarked:TwofoldDefense","theMarked:Static"],"picked":"theMarked:Frustration","floor":23},{"not_picked":["theMarked:Aftermath","theMarked:TunnelVision"],"picked":"theMarked:SelfDefenseTraining","floor":30},{"not_picked":["theMarked:ResourceFulStrike+1","theMarked:TwofoldDefense+1"],"picked":"theMarked:RogueSparks","floor":32}],"player_experience":8396,"relics_obtained":[{"floor":7,"key":"Golden Egg"},{"floor":9,"key":"Boot"},{"floor":11,"key":"Ring of Greed"},{"floor":11,"key":"MawBank"},{"floor":11,"key":"infinitespire:Midas Blood"},{"floor":11,"key":"Ring of Misfortune"},{"floor":13,"key":"Bronze Scales"},{"floor":28,"key":"Simple Rune"}],"event_choices":[{"damage_healed":0,"gold_gain":0,"player_choice":"Lose Max HP","damage_taken":0,"relics_obtained":["Golden Idol"],"max_hp_gain":0,"max_hp_loss":5,"event_name":"Golden Idol","floor":2,"gold_loss":0},{"damage_healed":0,"gold_gain":0,"player_choice":"Ignored","damage_taken":0,"max_hp_gain":0,"max_hp_loss":0,"event_name":"Golden Wing","floor":3,"gold_loss":0},{"damage_healed":0,"gold_gain":99,"player_choice":"Stole From Cult","damage_taken":0,"max_hp_gain":0,"max_hp_loss":0,"event_name":"Nest","floor":24,"gold_loss":0},{"cards_removed":["Guardian:Aged","CommonCold","Guardian:Aged"],"damage_healed":0,"gold_gain":0,"player_choice":"Removed Curses","damage_taken":0,"max_hp_gain":0,"max_hp_loss":0,"event_name":"Fountain of Cleansing","floor":26,"gold_loss":0}],"is_beta":false,"boss_relics":[{"not_picked":["Busted Crown","infinitespire:Cupcake"],"picked":"ReplayTheSpireMod:SealedPack"}],"items_purged_floors":[22],"is_endless":false,"potions_floor_spawned":[4,13,18],"killed_by":"Automaton","ascension_level":0}}