{"host":"vc42n08di9czm3e7","time":1609011770,"event":{"mods":["AchievementEnabler","Act Like it!","BaseMod","Colored Powertips","Downfall","Friendly Minions","GifTheSpireLib","Minty Spire (QoL Compilation)","Rare Cards Sparkle","StSLib"],"gold_per_floor":[114,128,143,155,170,170,204,224,250,250,260,260,291,71,71,173,173,183,5,18,36,46,59,59,59,59],"floor_reached":25,"playtime":1141,"items_purged":["Strike_B"],"score":219,"play_id":"c575a126-68d7-4470-a9fa-aa8cd34959fa","local_time":"20201226144250","is_ascension_mode":false,"campfire_choices":[{"data":"Hyperbeam","floor":6,"key":"SMITH"},{"data":"Consume","floor":10,"key":"SMITH"},{"data":"Multi-Cast","floor":12,"key":"SMITH"},{"floor":15,"key":"REST"},{"floor":24,"key":"REST"}],"circlet_count":0,"master_deck":["Strike_B","Strike_B","Strike_B","Defend_B","Defend_B","Defend_B","Defend_B","Zap","Dualcast","Hyperbeam+1","Gash","Leap","Compile Driver","Buffer","Consume+1","FTL","Cold Snap","Multi-Cast+1","Core Surge","Hyperbeam","Auto Shields+1","Loop","Loop+1","Amplify","Reprogram"],"relics":["Cracked Core","Letter Opener","Bottled Tornado","Chemical X","Nuclear Battery","Membership Card"],"acts_visited":["Exordium","TheCity"],"potions_floor_usage":[7,13,21,21],"damage_taken":[{"damage":0,"enemies":"Small Slimes","floor":1,"turns":1},{"damage":0,"enemies":"Cultist","floor":2,"turns":2},{"damage":3,"enemies":"Jaw Worm","floor":3,"turns":3},{"damage":0,"enemies":"Exordium Wildlife","floor":4,"turns":1},{"damage":8,"enemies":"Looter","floor":5,"turns":4},{"damage":6,"enemies":"Gremlin Nob","floor":7,"turns":3},{"damage":0,"enemies":"Gremlin Gang","floor":8,"turns":1},{"damage":0,"enemies":"Blue Slaver","floor":11,"turns":3},{"damage":26,"enemies":"Lagavulin","floor":13,"turns":6},{"damage":8,"enemies":"Slime Boss","floor":16,"turns":10},{"damage":5,"enemies":"Chosen","floor":18,"turns":3},{"damage":11,"enemies":"2 Thieves","floor":20,"turns":3},{"damage":24,"enemies":"Snake Plant","floor":21,"turns":8},{"damage":20,"enemies":"Centurion and Healer","floor":22,"turns":3},{"damage":0,"enemies":"Snecko","floor":23,"turns":5},{"damage":10,"enemies":"Chosen and Byrds","floor":25,"turns":3}],"seed_played":"-737381228775613086","potions_obtained":[{"floor":1,"key":"Fire Potion"},{"floor":3,"key":"ColorlessPotion"},{"floor":8,"key":"EssenceOfSteel"},{"floor":11,"key":"PotionOfCapacity"},{"floor":13,"key":"SpeedPotion"},{"floor":22,"key":"sneckomod:MuddlingPotion"},{"floor":23,"key":"Strength Potion"}],"is_trial":false,"path_per_floor":["M","M","M","M","M","R","E","M","T","R","M","R","E","$","R","B",null,"M","$","M","M","M","M","R","M"],"character_chosen":"DEFECT","items_purchased":["Chemical X","Membership Card","Loop"],"campfire_rested":2,"item_purchase_floors":[14,19,19],"current_hp_per_floor":[75,75,72,72,64,64,58,58,58,58,58,58,32,32,54,46,75,70,70,59,35,15,15,37,27,27],"gold":59,"neow_bonus":"ONE_RANDOM_RARE_CARD","is_daily":false,"chose_seed":false,"campfire_upgraded":3,"win_rate":0.0,"timestamp":1609011770,"path_taken":["M","M","M","M","M","R","E","M","T","R","M","R","E","$","R","BOSS","M","$","M","M","M","M","R","M"],"items_purchased_type":["Relic","Relic","Card"],"build_version":"2020-12-22","purchased_purges":1,"victory":false,"max_hp_per_floor":[75,75,75,75,75,75,75,75,75,75,75,75,75,75,75,75,75,75,75,75,75,75,75,75,75,75],"card_choices":[{"not_picked":["Steam Power","Beam Cell"],"picked":"Gash","floor":1},{"not_picked":["Static Discharge","Redo"],"picked":"Leap","floor":2},{"not_picked":["Chaos","Sunder"],"picked":"Compile Driver","floor":3},{"not_picked":["Redo","Turbo"],"picked":"Buffer","floor":4},{"not_picked":["Beam Cell","Redo"],"picked":"Consume","floor":5},{"not_picked":["Glacier","Beam Cell"],"picked":"FTL","floor":7},{"not_picked":["Conserve Battery","Go for the Eyes"],"picked":"Cold Snap","floor":8},{"not_picked":["Steam","Gash"],"picked":"Multi-Cast","floor":11},{"not_picked":["Conserve Battery","Go for the Eyes"],"picked":"Core Surge","floor":13},{"not_picked":["Reboot","Biased Cognition"],"picked":"Hyperbeam","floor":16},{"not_picked":["Hello World+1","Skim"],"picked":"Auto Shields+1","floor":18},{"not_picked":["Sweeping Beam","Beam Cell+1"],"picked":"Loop+1","floor":20},{"not_picked":["Barrage","Go for the Eyes"],"picked":"Amplify","floor":21},{"not_picked":["Force Field","Go for the Eyes+1","Barrage"],"picked":"SKIP","floor":22},{"not_picked":["Stack","Scrape"],"picked":"Reprogram","floor":23}],"player_experience":249301,"relics_obtained":[{"floor":7,"key":"Letter Opener"},{"floor":13,"key":"Bottled Tornado"}],"event_choices":[],"is_beta":false,"boss_relics":[{"not_picked":["Astrolabe","Busted Crown"],"picked":"Nuclear Battery"}],"items_purged_floors":[14],"is_endless":false,"potions_floor_spawned":[1,3,8,11,13,18,22,23],"killed_by":"Chosen and Byrds","ascension_level":0}}