{"host":"cnluwb240fdd52tp","time":1609023798,"event":{"mods":["BaseMod","Colored Map","Minty Spire (QoL Compilation)","Rare Cards Sparkle","StSLib"],"gold_per_floor":[116,126,126,139,150,175,185,185,185,201,201,228,239,253,253,350,350,369,369,148,148,148,178,190,206,232,250,269,301,226,226,226,226,226],"floor_reached":33,"playtime":4399,"items_purged":["Whirlwind"],"score":363,"play_id":"8ce6bf7b-dcfc-4018-b265-4cba6908e027","local_time":"20201227000318","is_ascension_mode":true,"campfire_choices":[{"data":"Double Tap","floor":8,"key":"SMITH"},{"data":"Perfected Strike","floor":15,"key":"SMITH"},{"floor":32,"key":"REST"}],"circlet_count":0,"master_deck":["Strike_R","Strike_R","Strike_R","Strike_R","Strike_R","Defend_R","Defend_R","Defend_R","Defend_R","Double Tap+1","Perfected Strike+1","Pommel Strike","Perfected Strike+1","Perfected Strike","Pommel Strike","Double Tap+1","Pommel Strike","Headbutt"],"relics":["Burning Blood","Question Card","HornCleat","Omamori","Mark of Pain","Pen Nib","Ice Cream","Regal Pillow","Unceasing Top"],"acts_visited":["Exordium","TheCity"],"potions_floor_usage":[16,16,16,23,31,33],"damage_taken":[{"damage":0,"enemies":"Small Slimes","floor":1,"turns":5},{"damage":0,"enemies":"2 Louse","floor":2,"turns":2},{"damage":0,"enemies":"Cultist","floor":4,"turns":2},{"damage":9,"enemies":"Blue Slaver","floor":5,"turns":3},{"damage":0,"enemies":"Gremlin Nob","floor":6,"turns":3},{"damage":16,"enemies":"3 Louse","floor":7,"turns":3},{"damage":0,"enemies":"Large Slime","floor":10,"turns":4},{"damage":18,"enemies":"Lagavulin","floor":12,"turns":4},{"damage":0,"enemies":"Red Slaver","floor":13,"turns":1},{"damage":0,"enemies":"3 Louse","floor":14,"turns":2},{"damage":45,"enemies":"The Guardian","floor":16,"turns":8},{"damage":0,"enemies":"Shell Parasite","floor":18,"turns":1},{"damage":27,"enemies":"Slavers","floor":23,"turns":4},{"damage":11,"enemies":"3 Byrds","floor":24,"turns":4},{"damage":3,"enemies":"Snecko","floor":25,"turns":4},{"damage":25,"enemies":"Centurion and Healer","floor":27,"turns":4},{"damage":15,"enemies":"Shelled Parasite and Fungi","floor":28,"turns":3},{"damage":7,"enemies":"Book of Stabbing","floor":29,"turns":2},{"damage":0,"enemies":"Slavers","floor":31,"turns":1},{"damage":64,"enemies":"Automaton","floor":33,"turns":6}],"seed_played":"544044925586325757","potions_obtained":[{"floor":6,"key":"Energy Potion"},{"floor":12,"key":"ColorlessPotion"},{"floor":13,"key":"SkillPotion"},{"floor":16,"key":"Explosive Potion"},{"floor":23,"key":"SmokeBomb"},{"floor":27,"key":"Dexterity Potion"},{"floor":28,"key":"Explosive Potion"}],"is_trial":false,"path_per_floor":["M","M","?","M","M","E","M","R","T","M","?","E","M","M","R","B",null,"M","?","$","?","?","E","M","M","T","M","M","E","?","E","R","B"],"character_chosen":"IRONCLAD","items_purchased":["Pen Nib"],"campfire_rested":1,"item_purchase_floors":[20],"current_hp_per_floor":[80,80,80,80,77,80,70,70,70,76,76,64,70,76,76,37,80,80,80,80,65,65,44,39,42,42,23,14,13,13,19,59,0,0],"gold":226,"neow_bonus":"ONE_RANDOM_RARE_CARD","is_daily":false,"chose_seed":false,"campfire_upgraded":2,"win_rate":0.0,"timestamp":1609023798,"path_taken":["M","M","?","M","M","E","M","R","T","M","?","E","M","?","R","BOSS","M","?","$","?","?","E","?","M","T","M","M","E","?","E","R","BOSS"],"items_purchased_type":["Relic"],"build_version":"2020-12-22","purchased_purges":1,"victory":false,"max_hp_per_floor":[80,80,80,80,80,80,80,80,80,80,80,80,80,80,80,80,80,80,80,80,85,85,85,85,85,85,85,85,85,85,85,85,85,85],"card_choices":[{"not_picked":["True Grit","Headbutt"],"picked":"Twin Strike","floor":1},{"not_picked":["Havoc","Reckless Charge"],"picked":"Perfected Strike","floor":2},{"not_picked":["Heavy Blade","Cleave"],"picked":"Pommel Strike","floor":4},{"not_picked":["Impervious","Wild Strike","Searing Blow"],"picked":"SKIP","floor":5},{"not_picked":["Infernal Blade","Warcry","Power Through"],"picked":"SKIP","floor":6},{"not_picked":["Warcry","Combust","Sword Boomerang"],"picked":"Whirlwind","floor":7},{"not_picked":["Havoc","Wild Strike","Burning Pact"],"picked":"Perfected Strike","floor":10},{"not_picked":["Blood for Blood","Burning Pact","Clothesline","Rupture"],"picked":"SKIP","floor":12},{"not_picked":["Cleave","Havoc","True Grit","Sever Soul"],"picked":"SKIP","floor":13},{"not_picked":["Sword Boomerang","Heavy Blade","Armaments"],"picked":"Perfected Strike","floor":14},{"not_picked":["Power Through","Armaments","Metallicize"],"picked":"Pommel Strike","floor":18},{"not_picked":["Impervious","Inflame","Body Slam+1","Anger"],"picked":"SKIP","floor":23},{"not_picked":["Thunderclap","Armaments","Metallicize","Cleave"],"picked":"SKIP","floor":24},{"not_picked":["Rampage","Shrug It Off","Clothesline+1"],"picked":"Pommel Strike","floor":25},{"not_picked":["Thunderclap","Iron Wave","Shrug It Off"],"picked":"Headbutt","floor":27},{"not_picked":["Bloodletting","Power Through","Anger","Reckless Charge+1"],"picked":"SKIP","floor":28},{"not_picked":["Intimidate+1","Thunderclap","Impervious","Shrug It Off"],"picked":"SKIP","floor":29}],"player_experience":136259,"relics_obtained":[{"floor":6,"key":"Question Card"},{"floor":9,"key":"HornCleat"},{"floor":12,"key":"Omamori"},{"floor":23,"key":"Ice Cream"},{"floor":26,"key":"Regal Pillow"},{"floor":29,"key":"Unceasing Top"}],"event_choices":[{"damage_healed":0,"gold_gain":0,"player_choice":"Grow","damage_taken":0,"max_hp_gain":0,"max_hp_loss":0,"event_name":"Living Wall","floor":3,"gold_loss":0,"cards_upgraded":["Perfected Strike"]},{"cards_removed":["Bash"],"damage_healed":0,"gold_gain":0,"player_choice":"Purged","damage_taken":0,"max_hp_gain":0,"max_hp_loss":0,"event_name":"Purifier","floor":11,"gold_loss":0},{"damage_healed":0,"gold_gain":0,"player_choice":"Ignored","damage_taken":0,"max_hp_gain":0,"max_hp_loss":0,"event_name":"Vampires","floor":19,"gold_loss":0},{"damage_healed":0,"gold_gain":0,"player_choice":"Shed Blood","damage_taken":20,"max_hp_gain":5,"max_hp_loss":0,"event_name":"Forgotten Altar","floor":21,"gold_loss":0},{"damage_healed":0,"gold_gain":0,"player_choice":"Copied","damage_taken":0,"max_hp_gain":0,"max_hp_loss":0,"event_name":"Duplicator","floor":22,"gold_loss":0,"cards_obtained":["Double Tap"]},{"cards_removed":["Twin Strike"],"damage_healed":0,"gold_gain":0,"player_choice":"Gave Gold","damage_taken":0,"max_hp_gain":0,"max_hp_loss":0,"event_name":"Beggar","floor":30,"gold_loss":75}],"is_beta":false,"boss_relics":[{"not_picked":["Astrolabe","Runic Pyramid"],"picked":"Mark of Pain"}],"items_purged_floors":[20],"is_endless":false,"potions_floor_spawned":[6,12,13,16,23,27,28],"killed_by":"Automaton","ascension_level":1}}