{"host":"gj3450u0c4def4mj","time":1609002276,"event":{"mods":["2.2 Compatiblity","Act Like it!","BaseMod","Minty Spire (QoL Compilation)","Permanent Neow","StSLib","The Accelerator"],"gold_per_floor":[113,133,5,25,41,41,54,54,80,90,100,112,112,127,127,127,127],"floor_reached":16,"playtime":1450,"items_purged":[],"score":98,"play_id":"1f61bf7d-8bcf-4744-bf23-d81ac30bca69","local_time":"20201226120436","is_ascension_mode":false,"campfire_choices":[{"data":"accelerator:PerpetuumMobile","floor":6,"key":"SMITH"},{"floor":8,"key":"REST"},{"floor":13,"key":"REST"},{"floor":15,"key":"REST"}],"circlet_count":0,"master_deck":["accelerator:Strike","accelerator:Strike","accelerator:Strike","accelerator:Stream","accelerator:Stream","accelerator:Defend","accelerator:Defend","accelerator:Defend","accelerator:Defend","accelerator:Reverse","accelerator:Reverse","accelerator:Blizzare","accelerator:PerpetuumMobile+1","accelerator:Demagnetize","accelerator:Deflect","accelerator:DoubleSlit","accelerator:PushOut","accelerator:MobiusLoop","accelerator:Exchange","accelerator:Reject","accelerator:Entropy","accelerator:DoubleSlit"],"relics":["accelerator:Cloud","Bag of Marbles","Oddly Smooth Stone"],"acts_visited":["Exordium"],"potions_floor_usage":[],"damage_taken":[{"damage":1,"enemies":"Cultist","floor":1,"turns":4},{"damage":4,"enemies":"Jaw Worm","floor":2,"turns":7},{"damage":8,"enemies":"Small Slimes","floor":4,"turns":5},{"damage":18,"enemies":"3 Louse","floor":5,"turns":6},{"damage":25,"enemies":"Lots of Slimes","floor":7,"turns":6},{"damage":16,"enemies":"Large Slime","floor":10,"turns":7},{"damage":20,"enemies":"Red Slaver","floor":11,"turns":7},{"damage":8,"enemies":"3 Louse","floor":12,"turns":7},{"damage":3,"enemies":"Exordium Thugs","floor":14,"turns":4},{"damage":64,"enemies":"The Guardian","floor":16,"turns":15}],"seed_played":"6097231550765805759","potions_obtained":[{"floor":4,"key":"Swift Potion"},{"floor":12,"key":"Swift Potion"},{"floor":14,"key":"PowerPotion"}],"is_trial":false,"path_per_floor":["M","M","$","M","M","R","M","R","T","M","M","M","R","M","R","B"],"character_chosen":"THE_ACCELERATOR","items_purchased":["accelerator:Demagnetize","accelerator:Deflect"],"campfire_rested":3,"item_purchase_floors":[3,3],"current_hp_per_floor":[74,71,71,66,51,51,29,51,51,38,21,16,38,38,60,0,0],"gold":127,"neow_bonus":"RANDOM_COMMON_RELIC","is_daily":false,"chose_seed":false,"campfire_upgraded":1,"win_rate":0.0,"timestamp":1609002276,"path_taken":["M","M","$","M","M","R","M","R","T","M","M","M","R","?","R","BOSS"],"items_purchased_type":["Card","Card"],"build_version":"2020-12-22","purchased_purges":0,"victory":false,"max_hp_per_floor":[75,75,75,75,75,75,75,75,75,75,75,75,75,75,75,75,75],"card_choices":[{"not_picked":["accelerator:Shove","accelerator:Chaos"],"picked":"accelerator:Blizzare","floor":1},{"not_picked":["accelerator:Propulsion","accelerator:PiecingWhale"],"picked":"accelerator:PerpetuumMobile","floor":2},{"not_picked":["accelerator:Impact","accelerator:Spring"],"picked":"accelerator:DoubleSlit","floor":4},{"not_picked":["accelerator:Demagnetize","accelerator:Deflect"],"picked":"accelerator:PushOut","floor":5},{"not_picked":["accelerator:Relativity","accelerator:Spring"],"picked":"accelerator:MobiusLoop","floor":7},{"not_picked":["accelerator:Search","accelerator:Drain"],"picked":"accelerator:Exchange","floor":10},{"not_picked":["accelerator:Encryption","accelerator:Superposition"],"picked":"accelerator:Reject","floor":11},{"not_picked":["accelerator:Relativity","accelerator:Exchange"],"picked":"accelerator:Entropy","floor":12},{"not_picked":["accelerator:Bake","accelerator:NuclearReactor"],"picked":"accelerator:DoubleSlit","floor":14}],"player_experience":19818,"relics_obtained":[{"floor":9,"key":"Oddly Smooth Stone"}],"event_choices":[],"is_beta":false,"boss_relics":[],"items_purged_floors":[],"is_endless":false,"potions_floor_spawned":[4,12,14],"killed_by":"The Guardian","ascension_level":0}}