{"host":"gp6kafy53r5vaktt","time":1609025452,"event":{"mods":["BaseMod","Colored Map","Highlight Path","Minty Spire (QoL Compilation)"],"gold_per_floor":[109,119,8,83,158,187,187,213,213,213,231,231,231,30,30,132,132,148,165,0,17,17,17,42,69,69,99,99,99,134,233,233,334,334,351,363,413,413,413,413,413],"floor_reached":40,"playtime":2287,"items_purged":["Strike_G","Parasite"],"score":516,"play_id":"44ea960a-1251-4ef5-826c-be86fa945dd3","local_time":"20201227013052","is_ascension_mode":true,"campfire_choices":[{"data":"Noxious Fumes","floor":7.0,"key":"SMITH"},{"floor":10.0,"key":"REST"},{"data":"Dash","floor":15.0,"key":"SMITH"},{"data":"Poisoned Stab","floor":23.0,"key":"SMITH"},{"floor":32,"key":"REST"}],"circlet_count":0,"master_deck":["Strike_G","Strike_G","Strike_G","Strike_G","Defend_G","Defend_G","Defend_G","Defend_G","Defend_G","Survivor","Neutralize","Dash","Dash+1","Noxious Fumes+1","Blade Dance","Poisoned Stab+1","PiercingWail","Poisoned Stab","Die Die Die","PiercingWail+1","Dagger Spray","Backflip+1","Bullet Time+1","Terror+1","Panacea+1","Envenom","Noxious Fumes","Corpse Explosion+1","Well Laid Plans+1","Cloak And Dagger+1","Catalyst+1"],"relics":["HoveringKite","WingedGreaves","Happy Flower","Turnip","StrikeDummy","Black Star","Nunchaku","Toxic Egg 2","Vajra","Juzu Bracelet","Bottled Flame","Matryoshka","Centennial Puzzle","Blood Vial","Ice Cream","Meat on the Bone","SlaversCollar","Tough Bandages"],"acts_visited":["Exordium","TheCity","TheBeyond"],"potions_floor_usage":[33,33,33],"damage_taken":[{"damage":0.0,"enemies":"Small Slimes","floor":1.0,"turns":4.0},{"damage":0.0,"enemies":"2 Louse","floor":2.0,"turns":3.0},{"damage":26.0,"enemies":"Lagavulin","floor":6.0,"turns":9.0},{"damage":17.0,"enemies":"Gremlin Nob","floor":8.0,"turns":5.0},{"damage":0.0,"enemies":"Cultist","floor":11.0,"turns":3.0},{"damage":28.0,"enemies":"The Guardian","floor":16.0,"turns":10.0},{"damage":1.0,"enemies":"3 Byrds","floor":18.0,"turns":4.0},{"damage":0.0,"enemies":"Spheric Guardian","floor":19.0,"turns":4.0},{"damage":4.0,"enemies":"Centurion and Healer","floor":21.0,"turns":6.0},{"damage":13.0,"enemies":"Slavers","floor":24.0,"turns":5.0},{"damage":14.0,"enemies":"Gremlin Leader","floor":25.0,"turns":7.0},{"damage":11.0,"enemies":"Slavers","floor":27.0,"turns":4.0},{"damage":13,"enemies":"Gremlin Leader","floor":30,"turns":5},{"damage":43,"enemies":"Champ","floor":33,"turns":10},{"damage":2,"enemies":"Orb Walker","floor":35,"turns":4},{"damage":9,"enemies":"3 Shapes","floor":36,"turns":2},{"damage":26,"enemies":"Mind Bloom Boss Battle","floor":37,"turns":6},{"damage":37,"enemies":"Giant Head","floor":40,"turns":6}],"seed_played":"5395140058745278196","potions_obtained":[{"floor":1.0,"key":"AttackPotion"},{"floor":16.0,"key":"EssenceOfSteel"},{"floor":24.0,"key":"SteroidPotion"},{"floor":25.0,"key":"FearPotion"},{"floor":30,"key":"SpeedPotion"},{"floor":36,"key":"Ancient Potion"}],"is_trial":false,"path_per_floor":["M","M","$","?","?","E","R","E","T","R","M","?","T","$","R","B",null,"M","M","?","M","?","R","E","E","T","E","?","$","E","?","R","B",null,"M","M","?","?","?","E"],"character_chosen":"THE_SILENT","items_purchased":["Noxious Fumes","Poisoned Stab","Regen Potion"],"campfire_rested":2,"item_purchase_floors":[3,14,14],"current_hp_per_floor":[70,70,70,59,52,26,26,9,9,30,30,47,47,47,47,19,67,66,66,66,62,62,62,49,35,35,24,24,24,13,13,33,19,67,65,58,34,34,34,0,0],"gold":413,"neow_bonus":"BOSS_RELIC","is_daily":false,"chose_seed":false,"campfire_upgraded":3,"win_rate":0.0,"timestamp":1609025452,"path_taken":["M","M","$","?","?","E","R","E","T","R","?","?","?","$","R","BOSS","M","M","?","M","?","R","E","E","T","E","?","?","E","?","R","BOSS","M","M","?","?","?","E"],"items_purchased_type":["Card","Card","Potion"],"build_version":"2020-12-13","purchased_purges":2,"victory":false,"max_hp_per_floor":[70,70,70,70,70,70,70,70,70,70,70,70,70,67,67,67,67,67,67,67,67,67,67,67,67,67,67,67,67,67,67,67,67,67,67,67,67,67,67,67,67],"card_choices":[{"not_picked":["Poisoned Stab","PiercingWail"],"picked":"Dash","floor":1.0},{"not_picked":["Backflip","Leg Sweep"],"picked":"Dash","floor":2.0},{"not_picked":["Concentrate","Deadly Poison"],"picked":"Blade Dance","floor":6.0},{"not_picked":["Expertise","Dagger Spray"],"picked":"Poisoned Stab","floor":8.0},{"not_picked":["Blade Dance","Sucker Punch"],"picked":"PiercingWail","floor":11.0},{"not_picked":["Burst","Phantasmal Killer"],"picked":"Die Die Die","floor":16.0},{"not_picked":["Underhanded Strike","Dodge and Roll","Dagger Throw"],"picked":"SKIP","floor":18.0},{"not_picked":["Caltrops+1","Bouncing Flask"],"picked":"PiercingWail+1","floor":19.0},{"not_picked":["Deflect","Underhanded Strike"],"picked":"Dagger Spray","floor":21.0},{"not_picked":["Burst+1","Sucker Punch+1"],"picked":"Backflip+1","floor":24.0},{"not_picked":["Outmaneuver+1","Infinite Blades+1"],"picked":"Bullet Time+1","floor":25.0},{"not_picked":["Bane","Dagger Spray"],"picked":"Terror+1","floor":27.0},{"not_picked":["Dagger Throw+1","Dagger Spray"],"picked":"Noxious Fumes","floor":30},{"not_picked":["Venomology+1","Glass Knife"],"picked":"Corpse Explosion+1","floor":33},{"not_picked":["Concentrate+1","Quick Slash+1"],"picked":"Well Laid Plans+1","floor":35},{"not_picked":["Prepared+1","Deadly Poison+1"],"picked":"Cloak And Dagger+1","floor":36},{"not_picked":["PiercingWail+1","Eviscerate+1"],"picked":"Catalyst+1","floor":37}],"player_experience":98227,"relics_obtained":[{"floor":6.0,"key":"WingedGreaves"},{"floor":8.0,"key":"Happy Flower"},{"floor":9.0,"key":"Turnip"},{"floor":13.0,"key":"StrikeDummy"},{"floor":24.0,"key":"Toxic Egg 2"},{"floor":24.0,"key":"Vajra"},{"floor":25.0,"key":"Juzu Bracelet"},{"floor":25.0,"key":"Bottled Flame"},{"floor":26.0,"key":"Matryoshka"},{"floor":27.0,"key":"Centennial Puzzle"},{"floor":27.0,"key":"Blood Vial"},{"floor":30,"key":"Ice Cream"},{"floor":30,"key":"Meat on the Bone"},{"floor":37,"key":"Tough Bandages"}],"event_choices":[{"damage_healed":0.0,"max_hp_gain":0.0,"max_hp_loss":0.0,"gold_gain":75.0,"event_name":"World of Goop","player_choice":"Gather Gold","floor":4.0,"gold_loss":0.0,"damage_taken":11.0},{"damage_healed":0.0,"max_hp_gain":0.0,"max_hp_loss":0.0,"gold_gain":75.0,"event_name":"FaceTrader","player_choice":"Touch","floor":5.0,"gold_loss":0.0,"damage_taken":7.0},{"damage_healed":17.0,"max_hp_gain":0.0,"max_hp_loss":0.0,"gold_gain":0.0,"event_name":"Mushrooms","player_choice":"Healed and dodged fight","floor":12.0,"gold_loss":0.0,"damage_taken":0.0,"cards_obtained":["Parasite"]},{"damage_healed":0.0,"max_hp_gain":0.0,"max_hp_loss":0.0,"gold_gain":0.0,"event_name":"Masked Bandits","player_choice":"Paid Fearfully","floor":20.0,"gold_loss":165.0,"damage_taken":0.0},{"damage_healed":0.0,"max_hp_gain":0.0,"max_hp_loss":0.0,"gold_gain":0.0,"event_name":"Addict","player_choice":"Stole Relic","floor":22.0,"gold_loss":0.0,"damage_taken":0.0,"relics_obtained":["Nunchaku"],"cards_obtained":["Shame"]},{"damage_healed":0,"gold_gain":0,"player_choice":"2 cards matched","damage_taken":0,"max_hp_gain":0,"max_hp_loss":0,"event_name":"Match and Keep!","floor":28,"gold_loss":0,"cards_obtained":["Panacea","Envenom"]},{"damage_healed":0,"gold_gain":99,"player_choice":"Stole From Cult","damage_taken":0,"max_hp_gain":0,"max_hp_loss":0,"event_name":"Nest","floor":31,"gold_loss":0},{"damage_healed":0,"gold_gain":0,"player_choice":"Fight","damage_taken":0,"max_hp_gain":0,"max_hp_loss":0,"event_name":"MindBloom","floor":37,"gold_loss":0},{"cards_removed":["Shame"],"damage_healed":0,"gold_gain":0,"player_choice":"Removed Curses","damage_taken":0,"max_hp_gain":0,"max_hp_loss":0,"event_name":"Fountain of Cleansing","floor":38,"gold_loss":0},{"damage_healed":0,"gold_gain":0,"player_choice":"Ignored","damage_taken":0,"max_hp_gain":0,"max_hp_loss":0,"event_name":"Tomb of Lord Red Mask","floor":39,"gold_loss":0}],"is_beta":false,"boss_relics":[{"not_picked":["Tiny House","Fusion Hammer"],"picked":"Black Star"},{"not_picked":["Runic Dome","Snecko Eye"],"picked":"SlaversCollar"}],"items_purged_floors":[3,14],"is_endless":false,"potions_floor_spawned":[1,16,24,25,30,36],"killed_by":"Giant Head","ascension_level":1}}