{"host":"k653q14gphaoox56","time":1609016300,"event":{"mods":["BaseMod","Colored Map","Conspire","DeckTracker","Hubris","Infinite Spire","Minty Spire (QoL Compilation)","Replay The Spire","StSLib"],"gold_per_floor":[111,111,111,136,151,195,195,195,195,263,277,277,313,327,327,447,497,560,573,573,573,573,573,662,662,662,685,710,27,42,42,42,221,221,251,280,280,369,369,432,432,533,583,583,583,583,640,697,697,861,861,948,860,986,1173,1273,1285,1400,1412,1474,1486,1802,1814,1955,2121,2133,2407,2419,2593,2605,2617,2802,2254,2466,2630,2815,2815,3007,3007,3007,2722,3079,3129,3480,3480,3703,3378,3600,3700,3945,4211,4211,4211,4291,4251,4547,4835,5152,5152,5124,5432,5432,5432,4400,4720,5151],"floor_reached":107,"playtime":5984,"items_purged":["Strike_R"],"score":4082,"play_id":"233b4c81-cf65-4bd4-9216-792671df2cf6","local_time":"20201226155820","is_ascension_mode":false,"campfire_choices":[{"data":"ReplayTheSpireMod:Limb From Limb","floor":12.0,"key":"SMITH"},{"floor":15.0,"key":"REST"},{"floor":23.0,"key":"REST"},{"data":"infinitespire:SevenWalls","floor":25.0,"key":"SMITH"},{"data":"Apotheosis","floor":32.0,"key":"SMITH"},{"data":"infinitespire:NeuralNetwork","floor":44.0,"key":"SMITH"},{"data":"ReplayTheSpireMod:??????????????????????","floor":46.0,"key":"SMITH"},{"data":"Mayhem","floor":49.0,"key":"SMITH"},{"data":"Ghostly","floor":57.0,"key":"SMITH"},{"data":"ReplayTheSpireMod:Limb From Limb","floor":59.0,"key":"SMITH"},{"data":"infinitespire:Punishment","floor":92.0,"key":"SMITH"},{"data":"infinitespire:SevenWalls","floor":103,"key":"SMITH"}],"circlet_count":0,"master_deck":["Strike_R","Strike_R","Defend_R+1","Defend_R","Defend_R","Bash+1","ReplayTheSpireMod:Limb From Limb+1","Replay:Undeath\u0027s Touch+1","Inflame+1","Carnage","Heavy Blade","conspire:HitWhereItHurts","Twin Strike","Exhume","ReplayTheSpireMod:Splinters","Bash","Double Tap","Dramatic Entrance","infinitespire:Punishment+1","Rage","Armaments+1","infinitespire:SevenWalls+1","ReplayTheSpireMod:??????????????????????+1","Necronomicurse","Twin Strike","Shrug It Off","Twin Strike","Fire Breathing","Uppercut+1","Rage","Mayhem+1","Flash of Steel","Apotheosis+1","Panache","Poisoned Strike","Flex","Impervious+1","Pommel Strike+1","Iron Wave","infinitespire:NeuralNetwork+1","Bludgeon+1","Pommel Strike+1","Spot Weakness+1","Shrug It Off","Replay:Undeath\u0027s Touch+1","Double Tap","CurseOfTheBell","ReplayTheSpireMod:Strike From Hell","Ghostly+1","Anger","Doubt","ReplayTheSpireMod:Limb From Limb+1","Feed+1","ReplayReversal","Heavy Blade","conspire:ExplosiveBarrier","conspire:ExplosiveBarrier","ReplayTheSpireMod:Black Plague","Bludgeon+1","Flex+1","Carnage","Pot Of Greed+1","Pot Of Greed+1","Pot Of Greed+1","Pot Of Greed+1","Pot Of Greed+1","Pot Of Greed+1","Spot Weakness+1","Dramatic Entrance+1","Second Wind+1","Carnage","Seeing Red+1","conspire:ExplosiveBarrier+1","infinitespire:SevenWalls+1","infinitespire:Fortify","Twin Strike+1","Evolve+1","Pot Of Greed+1","Heavy Blade","Clash","Impervious+1","Heavy Blade+1","Fire Breathing+1","Thunderclap+1","Rage+1","infinitespire:Fortify","ReplayTheSpireMod:Strike From Hell+1","Cleave+1","Rage+1","Body Slam+1","Pot Of Greed","Transmutation+1","Impervious+1","ReplayTheSpireMod:Brewmster+1","ReplayReversal+1","Replay:Undeath\u0027s Touch+1","Warcry+1","Exhume+1","Berserk+1"],"relics":["Burning Blood","NeowsBlessing","Golden Idol","FaceOfCleric","hubris:MobiusCoin","Bottled Tornado","Paper Frog","ReplayTheSpireMod:SealedPack","Bag of Preparation","hubris:ScarierMask","Necronomicon","Pantograph","hubris:BottledRain","ReplayTheSpireMod:ShopPack","hubris:BottledHeart","infinitespire:EvilPickle","Ring of Chaos","hubris:ToyBattleship","ReplayTheSpireMod:Lightbulb","Calling Bell","MawBank","Golden Egg","infinitespire:CursedDice","Juzu Bracelet","Boot","hubris:Towel","ReplayTheSpireMod:TigerMarble","hubris:Backtick","Bottled Lightning","Grinning Jar","Turnip","PreservedInsect","Ancient Tea Set","hubris:Reverence","infinitespire:EmpoweringShard","Bronze Scales","Replay:Wax Seal","infinitespire:EvilPickle","Coffee Dripper","Question Card","infinitespire:Lucky Rock","Onion Ring","infinitespire:Broken Mirror","conspire:RoyalGoblet","Blood Vial","Replay:Accelerometer","hubris:EmptyBottle","King of Hearts"],"acts_visited":["Exordium","TheCity","TheBeyond","Exordium","TheCity","TheBeyond","TheEnding"],"potions_floor_usage":[101,106,106,106,106,106],"damage_taken":[{"damage":0.0,"enemies":"Jaw Worm","floor":1.0,"turns":1.0},{"damage":0.0,"enemies":"2 Louse","floor":4.0,"turns":1.0},{"damage":0.0,"enemies":"Cultist","floor":5.0,"turns":1.0},{"damage":14.0,"enemies":"Gremlin Nob","floor":6.0,"turns":3.0},{"damage":5.0,"enemies":"2 Fungi Beasts","floor":10.0,"turns":3.0},{"damage":17.0,"enemies":"Lots of Slimes","floor":11.0,"turns":5.0},{"damage":0.0,"enemies":"Lagavulin","floor":13.0,"turns":2.0},{"damage":29.0,"enemies":"Exordium Thugs","floor":14.0,"turns":3.0},{"damage":51.0,"enemies":"The Guardian","floor":16.0,"turns":7.0},{"damage":7.0,"enemies":"Shell Parasite","floor":18.0,"turns":2.0},{"damage":16.0,"enemies":"Spheric Guardian","floor":19.0,"turns":4.0},{"damage":27.0,"enemies":"Nightmare","floor":24.0,"turns":4.0},{"damage":1.0,"enemies":"Cultist and Chosen","floor":27.0,"turns":3.0},{"damage":10.0,"enemies":"Shelled Parasite and Fungi","floor":28.0,"turns":2.0},{"damage":0.0,"enemies":"Centurion and Healer","floor":30.0,"turns":2.0},{"damage":0.0,"enemies":"Pondfish","floor":33.0,"turns":5.0},{"damage":0.0,"enemies":"3 Shapes","floor":35.0,"turns":3.0},{"damage":0.0,"enemies":"3 Darklings","floor":36.0,"turns":3.0},{"damage":0.0,"enemies":"Sphere and 2 Shapes","floor":38.0,"turns":2.0},{"damage":0.0,"enemies":"Giant Head","floor":40.0,"turns":5.0},{"damage":0.0,"enemies":"Spire Growth","floor":42.0,"turns":3.0},{"damage":0.0,"enemies":"Transient","floor":47.0,"turns":5.0},{"damage":0.0,"enemies":"3 Darklings","floor":48.0,"turns":3.0},{"damage":0.0,"enemies":"Donu and Deca","floor":50.0,"turns":6.0},{"damage":0.0,"enemies":"2 Louse","floor":52.0,"turns":1.0},{"damage":0.0,"enemies":"Small Slimes","floor":54.0,"turns":2.0},{"damage":0.0,"enemies":"Jaw Worm","floor":56.0,"turns":2.0},{"damage":0.0,"enemies":"Replay:BlueRogue","floor":58.0,"turns":3.0},{"damage":0.0,"enemies":"Looter","floor":64.0,"turns":2.0},{"damage":0.0,"enemies":"Gremlin Nob","floor":65.0,"turns":3.0},{"damage":0.0,"enemies":"Fading Forest","floor":67.0,"turns":9.0},{"damage":0.0,"enemies":"2 Thieves","floor":69.0,"turns":2.0},{"damage":0.0,"enemies":"3 Byrds","floor":72.0,"turns":3.0},{"damage":0.0,"enemies":"Slavers","floor":74.0,"turns":2.0},{"damage":0.0,"enemies":"3 Cultists","floor":75.0,"turns":3.0},{"damage":0.0,"enemies":"Book of Stabbing","floor":76.0,"turns":3.0},{"damage":0.0,"enemies":"Snake Plant","floor":78.0,"turns":2.0},{"damage":0.0,"enemies":"Replay:Snechameleon","floor":82.0,"turns":3.0},{"damage":0.0,"enemies":"Pondfish","floor":84.0,"turns":3.0},{"damage":0.0,"enemies":"Orb Walker","floor":86.0,"turns":3.0},{"damage":0.0,"enemies":"3 Darklings","floor":88.0,"turns":2.0},{"damage":0.0,"enemies":"Spire Growth","floor":90.0,"turns":2.0},{"damage":0.0,"enemies":"Nightmare","floor":91.0,"turns":4.0},{"damage":0.0,"enemies":"R_Hoarder","floor":96.0,"turns":2.0},{"damage":0.0,"enemies":"Maw","floor":97.0,"turns":3.0},{"damage":0.0,"enemies":"4 Shapes","floor":98.0,"turns":3.0},{"damage":0.0,"enemies":"infinitespire:Three Voidlings","floor":100.0,"turns":1.0},{"damage":0.0,"enemies":"Nightmare_Alpha","floor":100.0,"turns":2.0},{"damage":0,"enemies":"Donu and Deca","floor":101,"turns":5},{"damage":0,"enemies":"Shield and Spear","floor":105,"turns":1},{"damage":10,"enemies":"The Heart","floor":106,"turns":6}],"seed_played":"-5262865690420038879","potions_obtained":[{"floor":10.0,"key":"Milkshake"},{"floor":11.0,"key":"DistilledChaos"},{"floor":13.0,"key":"FairyPotion"},{"floor":16.0,"key":"DistilledChaos"},{"floor":19.0,"key":"ElixirPotion"},{"floor":24.0,"key":"Strength Potion"},{"floor":30.0,"key":"BlessingOfTheForge"},{"floor":33.0,"key":"Regen Potion"},{"floor":38.0,"key":"EssenceOfSteel"},{"floor":40.0,"key":"Fire Potion"},{"floor":42.0,"key":"Weak Potion"},{"floor":52.0,"key":"SmokeBomb"},{"floor":54.0,"key":"ColorlessPotion"},{"floor":58.0,"key":"BloodPotion"},{"floor":64.0,"key":"PowerPotion"},{"floor":69.0,"key":"Dexterity Potion"},{"floor":78.0,"key":"Dexterity Potion"},{"floor":82.0,"key":"BlessingOfTheForge"},{"floor":86.0,"key":"Death Potion"},{"floor":90.0,"key":"LifebloodPotion"},{"floor":98.0,"key":"Energy Potion"},{"floor":106,"key":"BloodPotion"}],"is_trial":false,"path_per_floor":["M","?","?","M","M","E","?","?","T","M","M","R","E","M","R","B",null,"M","M","?","AVR","?","R","NM","R","T","M","M","$","M","?","R","B",null,"M","M","?","M","?","E","?","M","T","R","?","R","M","M","R","B",null,"M","?","M","?","M","R","E","R","T","?","?","$","M","E","R_BF","B",null,"M","?","?","M","$","E","M","E","T","M","?","AVR","$","E","R_BF","B",null,"M","$","M","?","M","NM","R","?","T","?","E","M","M","?","R_BF","B",null,"R","$","E","B",null],"character_chosen":"IRONCLAD","items_purchased":["Fire Breathing","ReplayTheSpireMod:ShopPack","Uppercut+1","Rage","Mayhem","Flash of Steel","Grinning Jar","Turnip","Spot Weakness","Dramatic Entrance","Twin Strike","Bronze Scales","Evolve","Question Card","Fire Breathing","Blood Vial","Replay:Accelerometer","hubris:EmptyBottle","PowerPotion","Explosive Potion","Dexterity Potion","ReplayTheSpireMod:Brewmster","ReplayReversal","Replay:Undeath\u0027s Touch","Warcry"],"campfire_rested":2,"item_purchase_floors":[29,29,29,29,29,29,73,73,73,73,81,81,81,87,87,104,104,104,104,104,104,104,104,104,104],"current_hp_per_floor":[80,80,80,81,82,75,58,58,58,60,50,50,57,35,61,17,88,88,79,79,79,63,90,70,70,70,76,73,73,80,1,1,1,1,1,1,1,1,1,1,1,1,1,1,1,1,1,1,1,1,1,1,1,1,1,1,1,1,1,1,1,1,1,1,1,1,1,1,1,1,1,1,1,1,1,1,1,1,1,1,1,1,1,1,1,1,1,1,1,1,1,1,1,1,1,1,1,1,1,1,1,1,1,1,1,1],"gold":5151,"neow_bonus":"THREE_ENEMY_KILL","is_daily":false,"chose_seed":false,"campfire_upgraded":10,"win_rate":0.0,"timestamp":1609016300,"path_taken":["M","?","?","M","?","E","?","?","T","M","?","R","E","M","R","BOSS","M","M","?","AVR","?","R","NM","R","T","M","M","$","M","?","R","BOSS","M","M","?","M","?","E","?","?","T","R","?","R","M","M","R","BOSS","M","?","M","?","M","R","E","R","T","?","?","?","M","E","R_BF","BOSS","M","?","?","M","$","E","M","E","T","M","?","AVR","?","E","R_BF","BOSS","M","?","M","?","M","NM","R","?","T","?","E","M","M","?","R_BF","BOSS","R","$","E","BOSS"],"items_purchased_type":["Card","Relic","Card","Card","Card","Card","Relic","Relic","Card","Card","Card","Relic","Card","Relic","Card","Relic","Relic","Relic","Potion","Potion","Potion","Card","Card","Card","Card"],"build_version":"2020-12-22","purchased_purges":1,"victory":true,"max_hp_per_floor":[80,80,80,81,82,83,83,83,83,84,85,85,86,87,87,88,88,89,90,90,90,90,90,91,91,91,92,93,93,94,1,1,1,1,1,1,1,1,1,1,1,1,1,1,1,1,1,1,1,1,1,1,1,1,1,1,1,1,1,1,1,1,1,1,1,1,1,1,1,1,1,1,1,1,1,1,1,1,1,1,1,1,1,1,1,1,1,1,1,1,1,1,1,1,1,1,1,1,1,1,1,1,1,1,1,1],"card_choices":[{"not_picked":["Combust","Shrug It Off"],"picked":"ReplayTheSpireMod:Limb From Limb","floor":1.0},{"not_picked":["Havoc","Abandon"],"picked":"Replay:Undeath\u0027s Touch","floor":4.0},{"not_picked":["Havoc","Dark Embrace","True Grit"],"picked":"SKIP","floor":5.0},{"not_picked":["Massacre","Metallicize"],"picked":"Inflame","floor":6.0},{"not_picked":["ReplayTheSpireMod:Muscle Training","Clothesline"],"picked":"Carnage","floor":10.0},{"not_picked":["Iron Wave","Body Slam"],"picked":"Heavy Blade","floor":11.0},{"not_picked":["Body Slam","Thunderclap"],"picked":"conspire:HitWhereItHurts","floor":13.0},{"not_picked":["Clash","Anger"],"picked":"Twin Strike","floor":14.0},{"not_picked":["Demonic Infusion","Juggernaut"],"picked":"Exhume","floor":16.0},{"not_picked":["Vigilance","hubris:MerchantsHand"],"picked":"Bash","floor":17.0},{"not_picked":["Offering","Feed"],"picked":"Double Tap","floor":17.0},{"not_picked":["Discovery","conspire:Banana"],"picked":"Dramatic Entrance","floor":17.0},{"not_picked":["infinitespire:Fortify","infinitespire:Starlight"],"picked":"infinitespire:Punishment","floor":17.0},{"not_picked":["Armaments","ReplayTheSpireMod:Stacked"],"picked":"Rage","floor":18.0},{"not_picked":["hubris:SharpeningStone+1","Body Slam"],"picked":"Armaments","floor":19.0},{"not_picked":["Hemogenesis","ReplayTheSpireMod:Strike From Hell"],"picked":"Twin Strike","floor":24.0},{"not_picked":["Hemokinesis+1","Havoc"],"picked":"Shrug It Off","floor":27.0},{"not_picked":["ReplayReversal","Warcry"],"picked":"Twin Strike","floor":28.0},{"not_picked":["ReplayTheSpireMod:Brewmster","Secret Technique"],"picked":"Apotheosis","floor":29.0},{"not_picked":["Replay:BasicMightCard","Purity"],"picked":"Panache","floor":29.0},{"not_picked":["ReplayTheSpireMod:Brewmster","PanicButton"],"picked":"Poisoned Strike","floor":29.0},{"not_picked":["Dual Wield+1","Sword Boomerang"],"picked":"Flex","floor":30.0},{"not_picked":["Offering","Barricade"],"picked":"Impervious","floor":33.0},{"not_picked":["Thunderclap+1","Shockwave"],"picked":"Pommel Strike+1","floor":35.0},{"not_picked":["Havoc+1","Shockwave+1"],"picked":"Iron Wave","floor":36.0},{"not_picked":["infinitespire:FinalStrike","infinitespire:Starlight"],"picked":"infinitespire:NeuralNetwork","floor":37.0},{"not_picked":["Armaments+1","Havoc"],"picked":"Bludgeon","floor":38.0},{"not_picked":["ReplayTheSpireMod:Stacked","Havoc"],"picked":"Pommel Strike+1","floor":40.0},{"not_picked":["Uppercut","Headbutt"],"picked":"Spot Weakness+1","floor":42.0},{"not_picked":["Armaments+1","Cleave"],"picked":"Shrug It Off","floor":47.0},{"not_picked":["Fire Breathing","Shrug It Off"],"picked":"Replay:Undeath\u0027s Touch+1","floor":48.0},{"not_picked":["conspire:HitWhereItHurts","Bludgeon"],"picked":"Double Tap","floor":50.0},{"not_picked":["Heavy Blade","Demonic Infusion"],"picked":"ReplayTheSpireMod:Strike From Hell","floor":52.0},{"not_picked":["Clash","Blood for Blood"],"picked":"Anger","floor":54.0},{"not_picked":["Clash","Anger"],"picked":"ReplayTheSpireMod:Limb From Limb","floor":56.0},{"not_picked":["Pommel Strike","conspire:HitWhereItHurts"],"picked":"Feed","floor":58.0},{"not_picked":["Twin Strike","Clothesline"],"picked":"ReplayReversal","floor":62.0},{"not_picked":["True Grit","Pommel Strike"],"picked":"Heavy Blade","floor":64.0},{"not_picked":["Sentinel","Anger"],"picked":"conspire:ExplosiveBarrier","floor":65.0},{"not_picked":["infinitespire:FinalStrike","ReplayTheSpireMod:Chaos Vortex"],"picked":"ReplayTheSpireMod:Black Plague","floor":67.0},{"not_picked":["Offering","Replay:Many Hands"],"picked":"Bludgeon","floor":67.0},{"not_picked":["Perfected Strike","Abandon"],"picked":"Flex+1","floor":69.0},{"not_picked":["hubris:CleavingFinish","ReplayTheSpireMod:Strike From Hell+1"],"picked":"Carnage","floor":72.0},{"not_picked":["Feel No Pain","Havoc+1"],"picked":"Second Wind+1","floor":74.0},{"not_picked":["Perfected Strike","Headbutt+1"],"picked":"Carnage","floor":75.0},{"not_picked":["Hemokinesis","Burning Pact"],"picked":"Seeing Red+1","floor":76.0},{"not_picked":["ReplayTheSpireMod:Stacked","Clash"],"picked":"conspire:ExplosiveBarrier+1","floor":78.0},{"not_picked":["Flex","Sever Soul"],"picked":"Heavy Blade","floor":82.0},{"not_picked":["Hemogenesis","conspire:Purge"],"picked":"Impervious","floor":84.0},{"not_picked":["Run Through","Defy Death"],"picked":"Heavy Blade+1","floor":86.0},{"not_picked":["Body Slam","Feel No Pain+1","Uppercut+1"],"picked":"Thunderclap+1","floor":88.0},{"not_picked":["True Grit","Headbutt+1","Body Slam+1"],"picked":"Rage+1","floor":90.0},{"not_picked":["infinitespire:TheBestDefense","Replay:Fractal Strike"],"picked":"infinitespire:Fortify","floor":91.0},{"not_picked":["Massacre","Offering","Defy Death+1"],"picked":"ReplayTheSpireMod:Strike From Hell+1","floor":91.0},{"not_picked":["Clash","Disarm","Twin Strike"],"picked":"Cleave+1","floor":96.0},{"not_picked":["Replay:Undeath\u0027s Touch","Power Through+1","Clothesline+1"],"picked":"Rage+1","floor":97.0},{"not_picked":["Havoc+1","Wild Strike","Twin Strike"],"picked":"Body Slam+1","floor":98.0},{"not_picked":["hubris:EnhanceAbility","PanicButton","Replay:BasicMightCard"],"picked":"Transmutation","floor":99.0},{"not_picked":["Corruption","Immolate","Bludgeon"],"picked":"Impervious","floor":101},{"not_picked":["Defy Death","Carnage","Bloodletting+1"],"picked":"Exhume","floor":105},{"not_picked":["Fiend Fire","Eclipse","hubris:StunningStrike"],"picked":"Berserk","floor":106}],"player_experience":111891,"relics_obtained":[{"floor":6.0,"key":"hubris:MobiusCoin"},{"floor":9.0,"key":"Bottled Tornado"},{"floor":13.0,"key":"Paper Frog"},{"floor":22.0,"key":"Necronomicon"},{"floor":24.0,"key":"Pantograph"},{"floor":26.0,"key":"hubris:BottledRain"},{"floor":40.0,"key":"hubris:ToyBattleship"},{"floor":43.0,"key":"ReplayTheSpireMod:Lightbulb"},{"floor":51.0,"key":"MawBank"},{"floor":51.0,"key":"Golden Egg"},{"floor":51.0,"key":"infinitespire:CursedDice"},{"floor":58.0,"key":"Juzu Bracelet"},{"floor":60.0,"key":"Boot"},{"floor":65.0,"key":"ReplayTheSpireMod:TigerMarble"},{"floor":74.0,"key":"PreservedInsect"},{"floor":76.0,"key":"Ancient Tea Set"},{"floor":77.0,"key":"hubris:Reverence"},{"floor":82.0,"key":"Replay:Wax Seal"},{"floor":91.0,"key":"infinitespire:Lucky Rock"},{"floor":94.0,"key":"Onion Ring"},{"floor":96.0,"key":"infinitespire:Broken Mirror"},{"floor":105,"key":"King of Hearts"}],"event_choices":[{"damage_healed":0.0,"max_hp_gain":0.0,"max_hp_loss":0.0,"gold_gain":0.0,"event_name":"Golden Idol","player_choice":"Take Wound","floor":2.0,"gold_loss":0.0,"damage_taken":0.0,"relics_obtained":["Golden Idol"],"cards_obtained":["Injury"]},{"damage_healed":0.0,"max_hp_gain":0.0,"max_hp_loss":0.0,"gold_gain":0.0,"event_name":"FaceTrader","player_choice":"Trade","floor":3.0,"gold_loss":0.0,"damage_taken":0.0,"relics_obtained":["FaceOfCleric"]},{"damage_healed":0.0,"max_hp_gain":0.0,"max_hp_loss":0.0,"gold_gain":0.0,"event_name":"Shining Light","player_choice":"Entered Light","floor":7.0,"gold_loss":0.0,"damage_taken":17.0,"cards_upgraded":["Replay:Undeath\u0027s Touch","Inflame"]},{"damage_healed":0.0,"max_hp_gain":0.0,"max_hp_loss":0.0,"gold_gain":0.0,"event_name":"Upgrade Shrine","player_choice":"Upgraded","floor":8.0,"gold_loss":0.0,"damage_taken":0.0,"cards_upgraded":["Bash"]},{"damage_healed":0.0,"max_hp_gain":0.0,"max_hp_loss":0.0,"gold_gain":0.0,"event_name":"Cursed Tome","player_choice":"Obtained Book","floor":22.0,"gold_loss":0.0,"damage_taken":16.0},{"cards_removed":["Defend_R"],"damage_healed":0.0,"max_hp_gain":0.0,"max_hp_loss":0.0,"gold_gain":0.0,"event_name":"Falling","player_choice":"Removed Skill","floor":39.0,"gold_loss":0.0,"damage_taken":0.0},{"cards_removed":["ReplayTheSpireMod:Splinters","Injury"],"damage_healed":0.0,"max_hp_gain":0.0,"max_hp_loss":0.0,"gold_gain":0.0,"event_name":"Fountain of Cleansing","player_choice":"Removed Curses","floor":41.0,"gold_loss":0.0,"damage_taken":0.0},{"damage_healed":0.0,"max_hp_gain":0.0,"max_hp_loss":0.0,"gold_gain":0.0,"event_name":"The Moai Head","player_choice":"Ignored","floor":45.0,"gold_loss":0.0,"damage_taken":0.0},{"damage_healed":0.0,"max_hp_gain":0.0,"max_hp_loss":0.0,"gold_gain":0.0,"event_name":"conspire:LoneGhost","player_choice":"Argue","floor":53.0,"gold_loss":0.0,"damage_taken":0.0},{"damage_healed":0.0,"max_hp_gain":0.0,"max_hp_loss":0.0,"gold_gain":175.0,"event_name":"Liars Game","player_choice":"AGREE","floor":55.0,"gold_loss":0.0,"damage_taken":0.0,"cards_obtained":["Doubt"]},{"damage_healed":0.0,"max_hp_gain":0.0,"max_hp_loss":0.0,"gold_gain":0.0,"event_name":"conspire:Investor","player_choice":"Leave","floor":70.0,"gold_loss":0.0,"damage_taken":0.0},{"damage_healed":0.0,"max_hp_gain":5.0,"max_hp_loss":0.0,"gold_gain":0.0,"event_name":"Forgotten Altar","player_choice":"Shed Blood","floor":71.0,"gold_loss":0.0,"damage_taken":0.0},{"damage_healed":0.0,"max_hp_gain":0.0,"max_hp_loss":0.0,"gold_gain":0.0,"event_name":"Beggar","player_choice":"Ignored","floor":79.0,"gold_loss":0.0,"damage_taken":0.0},{"damage_healed":0.0,"max_hp_gain":0.0,"max_hp_loss":0.0,"gold_gain":100.0,"event_name":"Golden Shrine","player_choice":"Pray","floor":89.0,"gold_loss":0.0,"damage_taken":0.0},{"damage_healed":0.0,"max_hp_gain":0.0,"max_hp_loss":0.0,"gold_gain":0.0,"event_name":"Winding Halls","player_choice":"Max HP","floor":93.0,"gold_loss":0.0,"damage_taken":0.0},{"damage_healed":0.0,"max_hp_gain":0.0,"max_hp_loss":0.0,"gold_gain":0.0,"event_name":"Designer","player_choice":"Upgraded Two","floor":95.0,"gold_loss":40.0,"damage_taken":0.0,"cards_upgraded":["Bludgeon","Defend_R"]},{"damage_healed":0.0,"max_hp_gain":0.0,"max_hp_loss":0.0,"gold_gain":0.0,"event_name":"SensoryStone","player_choice":"Memory 1","floor":99.0,"gold_loss":0.0,"damage_taken":0.0}],"is_beta":false,"boss_relics":[{"not_picked":["Cursed Key","Fusion Hammer"],"picked":"ReplayTheSpireMod:SealedPack"},{"not_picked":["SlaversCollar","conspire:SlowCooker"],"picked":"Ring of Chaos"},{"not_picked":["Painkiller Herb","hubris:BlackHole"],"picked":"Calling Bell"},{"not_picked":["infinitespire:Burning Sword","Busted Crown"],"picked":"hubris:Backtick"},{"not_picked":["Sozu","infinitespire:Cupcake"],"picked":"Coffee Dripper"},{"not_picked":["Cursed Key","conspire:SlowCooker"],"picked":"conspire:RoyalGoblet"}],"items_purged_floors":[29],"is_endless":true,"potions_floor_spawned":[10,11,13,16,19,24,30,33,38,40,42,52,54,58,64,69,78,82,86,90,98,105,106],"ascension_level":0}}