{"host":"iak1zw6udsaqx1iy","time":1609018181,"event":{"mods":["BaseMod","Minty Spire (QoL Compilation)","Remilia（蕾米莉亚）","Replay The Spire","StSLib","The Alterego","The Cursed","The Servant 0.9.4","WarShipGirlsR/战舰少女R mod","Youmu（魂魄妖梦）"],"gold_per_floor":[109,109,122,140,140,175,175,210,210,243,243,297,47,60,60,156,156,170,187,187,187,204,221,252,270,270,270,296,311,326,74,74,203,203,215,226,236,236,256,285,285,315,315,315,347,347,17,29,29,29,29,29,10,35,35],"floor_reached":56,"playtime":3775,"items_purged":[],"score":1421,"play_id":"16158669-a65d-4db3-9d7b-74ee66e19cbe","local_time":"20201227052941","is_ascension_mode":true,"campfire_choices":[{"data":"rmod:basicallowance","floor":7.0,"key":"SMITH"},{"data":"rmod:diaomin","floor":11.0,"key":"SMITH"},{"data":"rmod:salvage","floor":15.0,"key":"SMITH"},{"floor":27.0,"key":"DIG"},{"floor":32.0,"key":"DIG"},{"floor":46.0,"key":"RECALL"},{"floor":49.0,"key":"DIG"},{"floor":52.0,"key":"DIG"}],"circlet_count":0,"master_deck":["rmod:strick","rmod:strick","rmod:strick","rmod:strick","rmod:defend+1","rmod:defend","rmod:defend","rmod:defend","rmod:basicallowance+1","rmod:maingunfire","alterego_mod:BigMeatyClaws","TheCursedMod:Defend_TheCursed","rmod:gendarmerie","rmod:acesubmarine","rmod:salvage+1","rmod:salvage+1","rmod:robin","rmod:fletcherpendant+1","rmod:fletcherpendant","rmod:rockthrower","rmod:fletcherpendant","rmod:diaomin+1","rmod:fletcherpendant","rmod:fletcherpendant","rmod:supportescort","rmod:fletcherpendant+1","rmod:fletcherpendant+1","rmod:fletcherpendant","rmod:fletcher","rmod:saltedfish","rmod:guardianhero","rmod:shuttlebombing+1","RitualDagger","rmod:diamondstrike","rmod:combined+1","rmod:expeditionaryescort","rmod:luckystar","rmod:maintain","rmod:fletcherpendant+1","rmod:supportaircraftcarrier+1","rmod:unsinkable+1","Apotheosis","rmod:expedition","rmod:desperatesituation+1","rmod:aviationdawn","rmod:highspeedshooting+1","rmod:firesupport","Hallucinations","rmod:fletcherpendant+1","rmod:timeschanged+1","rmod:maintain+1","rmod:aggressivemary+1","rmod:intelligenceanalysis+1","rmod:supportescort+1","Parasite","rmod:tearstotiara+1","rmod:wasp+1","rmod:slowdown+1"],"relics":["rmod:firstchargereward","Turnip","Shovel","FossilizedHelix","rmod:equipmentrecovery","Iron Hammer","rmod:monthlycard","StrikeDummy","Onion Ring","Toy Ornithopter","Regal Pillow","Golden Egg","Ring of Chaos","Ring of Misfortune","Ring of Hypnosis","Potion Belt","Replay:Towering Pillar of Hats","Membership Card","Toxic Egg 2","War Paint","Mercury Hourglass","InkBottle"],"acts_visited":["Exordium","TheCity","TheBeyond","TheEnding"],"potions_floor_usage":[55,55],"damage_taken":[{"damage":0.0,"enemies":"Cultist","floor":1.0,"turns":3.0},{"damage":0.0,"enemies":"Small Slimes","floor":3.0,"turns":3.0},{"damage":0.0,"enemies":"Jaw Worm","floor":4.0,"turns":3.0},{"damage":0.0,"enemies":"Lagavulin","floor":6.0,"turns":5.0},{"damage":0.0,"enemies":"3 Sentries","floor":8.0,"turns":6.0},{"damage":0.0,"enemies":"Gremlin Nob","floor":10.0,"turns":2.0},{"damage":0.0,"enemies":"Large Slime","floor":14.0,"turns":7.0},{"damage":5.0,"enemies":"Slime Boss","floor":16.0,"turns":14.0},{"damage":0.0,"enemies":"2 Thieves","floor":18.0,"turns":2.0},{"damage":0.0,"enemies":"Chosen","floor":19.0,"turns":3.0},{"damage":0.0,"enemies":"Snake Plant","floor":22.0,"turns":3.0},{"damage":0.0,"enemies":"Centurion and Healer","floor":23.0,"turns":3.0},{"damage":0.0,"enemies":"Book of Stabbing","floor":24.0,"turns":3.0},{"damage":0.0,"enemies":"Snecko","floor":25.0,"turns":4.0},{"damage":17.0,"enemies":"Slavers","floor":28.0,"turns":4.0},{"damage":0.0,"enemies":"3 Cultists","floor":29.0,"turns":3.0},{"damage":0.0,"enemies":"Shelled Parasite and Fungi","floor":30.0,"turns":3.0},{"damage":39.0,"enemies":"Automaton","floor":33.0,"turns":9.0},{"damage":0.0,"enemies":"Orb Walker","floor":35.0,"turns":3.0},{"damage":0.0,"enemies":"3 Darklings","floor":36.0,"turns":2.0},{"damage":10.0,"enemies":"Spire Growth","floor":37.0,"turns":5.0},{"damage":0.0,"enemies":"Transient","floor":39.0,"turns":6.0},{"damage":21.0,"enemies":"Giant Head","floor":40.0,"turns":9.0},{"damage":0.0,"enemies":"3 Darklings","floor":42.0,"turns":5.0},{"damage":5.0,"enemies":"Nemesis","floor":45.0,"turns":6.0},{"damage":0.0,"enemies":"Writhing Mass","floor":48.0,"turns":5.0},{"damage":65.0,"enemies":"Donu and Deca","floor":50.0,"turns":8.0},{"damage":41.0,"enemies":"Shield and Spear","floor":54.0,"turns":6.0},{"damage":53,"enemies":"The Heart","floor":55,"turns":8}],"seed_played":"6503911839144076721","potions_obtained":[{"floor":1.0,"key":"Strength Potion"},{"floor":3.0,"key":"Dexterity Potion"},{"floor":6.0,"key":"Dexterity Potion"},{"floor":8.0,"key":"Doom Potion"},{"floor":16.0,"key":"AttackPotion"},{"floor":19.0,"key":"Weak Potion"},{"floor":23.0,"key":"Block Potion"},{"floor":25.0,"key":"SpeedPotion"},{"floor":30.0,"key":"PowerPotion"},{"floor":33.0,"key":"Energy Potion"},{"floor":40.0,"key":"Cursed Concoction"},{"floor":48.0,"key":"Venom Potion"},{"floor":54.0,"key":"Strength Potion"}],"is_trial":false,"path_per_floor":["M","?","M","M","?","E","R","E","T","E","R","?","$","M","R","B",null,"M","M","?","?","M","M","E","M","T","R","E","M","M","$","R","B",null,"M","M","M","?","M","E","?","M","T","?","E","R","$","M","R","B",null,"R","$","E","B",null],"character_chosen":"PRAEFECT","items_purchased":["Iron Hammer","Apotheosis","rmod:expedition","Membership Card","rmod:intelligenceanalysis","Toxic Egg 2","rmod:supportescort+1","rmod:wasp"],"campfire_rested":0,"item_purchase_floors":[13,31,31,47,47,47,47,53],"current_hp_per_floor":[89,89,89,89,89,89,89,89,89,89,89,89,89,89,89,84,89,89,89,89,83,83,83,83,83,83,83,66,66,66,66,66,32,89,89,89,84,84,84,63,63,68,68,68,63,63,63,63,63,3,89,89,89,48,5],"gold":35,"neow_bonus":"TWENTY_PERCENT_HP_BONUS","is_daily":false,"chose_seed":false,"campfire_upgraded":3,"win_rate":0.0,"timestamp":1609018181,"path_taken":["M","?","M","?","?","E","R","E","T","E","R","?","?","M","R","BOSS","M","M","?","?","M","M","E","M","T","R","E","M","M","$","R","BOSS","M","M","M","?","M","E","?","M","T","?","E","R","$","M","R","BOSS","R","$","E","BOSS"],"items_purchased_type":["Relic","Card","Card","Relic","Card","Relic","Card","Card"],"build_version":"2020-12-22","purchased_purges":0,"victory":true,"max_hp_per_floor":[89,89,89,89,89,89,89,89,89,89,89,89,89,89,89,89,89,89,89,89,89,89,89,89,89,89,89,89,89,89,89,89,89,89,89,89,89,89,89,89,89,89,89,89,89,89,89,89,89,89,89,89,89,89,89],"card_choices":[{"not_picked":["rmod:smokecover","rmod:maintain"],"picked":"rmod:gendarmerie","floor":1.0},{"not_picked":[],"picked":"rmod:acesubmarine","floor":2.0},{"not_picked":["rmod:unsinkable","rmod:robin"],"picked":"rmod:salvage","floor":3.0},{"not_picked":["rmod:victimresponsibility","rmod:selfconfidence"],"picked":"rmod:salvage","floor":4.0},{"not_picked":["rmod:shuttlebombing","rmod:advancebysurprise"],"picked":"rmod:robin","floor":6.0},{"not_picked":["rmod:goodfighter","rmod:robin"],"picked":"rmod:rockthrower","floor":8.0},{"not_picked":["rmod:firesupport","rmod:fuelsupply"],"picked":"rmod:diaomin","floor":10.0},{"not_picked":["rmod:diaomin","rmod:unsinkable"],"picked":"rmod:supportescort","floor":14.0},{"not_picked":["rmod:lastglory","rmod:abidefaith"],"picked":"rmod:saltedfish","floor":16.0},{"not_picked":["rmod:steelsupply","rmod:aluminumsupply"],"picked":"rmod:guardianhero","floor":18.0},{"not_picked":["rmod:capitalist","rmod:slowdown"],"picked":"rmod:shuttlebombing+1","floor":19.0},{"not_picked":["rmod:goodfighter","rmod:smokecover"],"picked":"rmod:diamondstrike","floor":22.0},{"not_picked":["rmod:firesupport","rmod:capitalist"],"picked":"rmod:combined+1","floor":23.0},{"not_picked":["rmod:unsinkable","rmod:overbreakdown"],"picked":"rmod:expeditionaryescort","floor":24.0},{"not_picked":["rmod:robin","rmod:capitalist"],"picked":"rmod:luckystar","floor":25.0},{"not_picked":["rmod:diaomin","rmod:launchingtorpedo"],"picked":"rmod:maintain","floor":28.0},{"not_picked":["rmod:fuelsupply","rmod:firesupport"],"picked":"rmod:supportaircraftcarrier","floor":29.0},{"not_picked":["rmod:intelligenceanalysis","rmod:highspeedshooting"],"picked":"rmod:unsinkable+1","floor":30.0},{"not_picked":["rmod:acesubmarine","rmod:saltedfish"],"picked":"rmod:desperatesituation","floor":33.0},{"not_picked":["rmod:steelsupply","rmod:unsinkable+1"],"picked":"rmod:aviationdawn","floor":35.0},{"not_picked":["rmod:aviationdawn","rmod:aluminumsupply"],"picked":"rmod:highspeedshooting+1","floor":36.0},{"not_picked":["rmod:abidefaith","rmod:wife"],"picked":"rmod:firesupport","floor":37.0},{"not_picked":["rmod:supportaircraftcarrier","rmod:combined"],"picked":"rmod:fletcherpendant+1","floor":39.0},{"not_picked":["rmod:firesupport","rmod:robin+1"],"picked":"rmod:timeschanged","floor":40.0},{"not_picked":["rmod:victimresponsibility+1","rmod:fuelsupply"],"picked":"rmod:maintain+1","floor":42.0},{"not_picked":["rmod:firesupport","rmod:aviationdawn"],"picked":"rmod:aggressivemary+1","floor":45.0},{"not_picked":["rmod:supportescort+1","rmod:concentratefire"],"picked":"rmod:tearstotiara+1","floor":48.0},{"not_picked":["rmod:tearstotiara+1","rmod:shuttlebombing+1"],"picked":"rmod:slowdown+1","floor":54.0}],"player_experience":266710,"relics_obtained":[{"floor":6.0,"key":"Turnip"},{"floor":8.0,"key":"Shovel"},{"floor":9.0,"key":"FossilizedHelix"},{"floor":10.0,"key":"rmod:equipmentrecovery"},{"floor":24.0,"key":"StrikeDummy"},{"floor":26.0,"key":"Onion Ring"},{"floor":27.0,"key":"Toy Ornithopter"},{"floor":28.0,"key":"Regal Pillow"},{"floor":32.0,"key":"Golden Egg"},{"floor":38.0,"key":"Ring of Misfortune"},{"floor":38.0,"key":"Ring of Hypnosis"},{"floor":40.0,"key":"Potion Belt"},{"floor":45.0,"key":"Replay:Towering Pillar of Hats"},{"floor":49.0,"key":"War Paint"},{"floor":52.0,"key":"Mercury Hourglass"},{"floor":54.0,"key":"InkBottle"}],"event_choices":[{"damage_healed":0.0,"max_hp_gain":0.0,"max_hp_loss":0.0,"gold_gain":0.0,"event_name":"Living Wall","player_choice":"Grow","floor":5.0,"gold_loss":0.0,"damage_taken":0.0,"cards_upgraded":["rmod:salvage"]},{"damage_healed":0.0,"max_hp_gain":0.0,"max_hp_loss":0.0,"gold_gain":54.0,"event_name":"Golden Wing","player_choice":"Gained Gold","floor":12.0,"gold_loss":0.0,"damage_taken":0.0},{"damage_healed":0.0,"max_hp_gain":0.0,"max_hp_loss":0.0,"gold_gain":0.0,"event_name":"The Mausoleum","player_choice":"Ignored","floor":20.0,"gold_loss":0.0,"damage_taken":0.0},{"damage_healed":0.0,"max_hp_gain":0.0,"max_hp_loss":0.0,"gold_gain":0.0,"event_name":"Nest","player_choice":"Joined the Cult","floor":21.0,"gold_loss":0.0,"damage_taken":6.0,"cards_obtained":["RitualDagger"]},{"cards_removed":["rmod:expedition"],"damage_healed":0.0,"max_hp_gain":0.0,"max_hp_loss":0.0,"gold_gain":0.0,"event_name":"Falling","player_choice":"Removed Power","floor":41.0,"gold_loss":0.0,"damage_taken":0.0},{"damage_healed":0.0,"max_hp_gain":0.0,"max_hp_loss":0.0,"gold_gain":0.0,"event_name":"Tomb of Lord Red Mask","player_choice":"Ignored","floor":44.0,"gold_loss":0.0,"damage_taken":0.0}],"is_beta":false,"boss_relics":[{"not_picked":["Replay:Bronze Core","Kintsugi"],"picked":"rmod:monthlycard"},{"not_picked":["Calling Bell","Sozu"],"picked":"Ring of Chaos"}],"items_purged_floors":[],"is_endless":false,"potions_floor_spawned":[1,3,6,8,16,19,23,25,30,33,35,40,48,54],"ascension_level":1}}