{"host":"a7dhdzm3fda48fos","time":1609020983,"event":{"mods":["AchievementEnabler","BaseMod","Card Forge","Colored Map","Gold Saver","Minty Spire (QoL Compilation)","Remove Card Discount Mod","Shop Mod","StSLib"],"gold_per_floor":[113,113,123,87,52,79,93,111,191,213,245,245,255,255,255,358,408,423,62,77,90,146,146,160,160,160,192,207,237,237,247,247,343,343,362,135,149,165,165,199,210,210,210,310,335,192,192,207,207,207],"floor_reached":51,"playtime":4612,"items_purged":["Barricade+1","Demon Form+1"],"score":971,"play_id":"eee255c2-80e7-484b-adc7-36c4a765e2e2","local_time":"20201226231623","is_ascension_mode":true,"campfire_choices":[{"floor":15,"key":"REST"},{"floor":23,"key":"RECALL"},{"floor":25,"key":"REST"},{"floor":32,"key":"REST"},{"floor":42,"key":"REST"},{"floor":47,"key":"REST"},{"floor":49,"key":"REST"}],"circlet_count":0,"master_deck":["Strike_G+1","Strike_G+1","Strike_G+1","Strike_G+1","Strike_G+1","Defend_G+1","Defend_G+1","Defend_G+1","Defend_G+1","Defend_G+1","Survivor+1","Neutralize+1","Infinite Blades+1","Adrenaline+1","Acrobatics+1","Tools of the Trade+1","Flying Knee+1","Caltrops+1","Deflect+1","Well Laid Plans+1","Outmaneuver+1","Prepared+1","Dagger Throw+1","Bouncing Flask+1","Tactician+1","A Thousand Cuts+1","Noxious Fumes+1","Predator+1","Enlightenment+1","Sadistic Nature+1","Panache+1","Secret Weapon+1","Secret Technique+1","Madness+1","Well Laid Plans+1","Prepared+1","Noxious Fumes+1","Caltrops+1","Escape Plan+1","Tactician+1","Dagger Throw+1","Prepared+1","Tactician+1","Dagger Throw+1","Flash of Steel+1","Finesse+1","Master of Strategy+1","Bandage Up+1","A Thousand Cuts+1","Prepared+1","Flying Knee+1","Tactician+1","Secret Technique+1","Deflect+1","Dagger Throw+1","Tactician+1","Doppelganger+1","Poisoned Stab+1","Dagger Throw+1","Quick Slash+1","Adrenaline+1","Escape Plan+1","Expertise+1","Insight+1","Secret Weapon+1","Secret Technique+1","Flash of Steel+1","Reflex+1","Envenom+1","Infinite Blades+1","Thinking Ahead+1","Well Laid Plans+1","Poisoned Stab+1","Backflip+1","Quick Slash+1","Backflip+1","Quick Slash+1"],"relics":["Ring of the Snake","Hammer of Thor","Seething Fire","Anvil of the Gods","Lizard Tail","Odd Mushroom","Boot","MerchantsRug","Torii","Nunchaku","Fusion Hammer","Happy Flower","Darkstone Periapt","Kunai","Snake Skull"],"acts_visited":["Exordium","TheCity","TheBeyond"],"potions_floor_usage":[10,11,50,50],"damage_taken":[{"damage":12,"enemies":"Small Slimes","floor":1,"turns":2},{"damage":0,"enemies":"Cultist","floor":3,"turns":2},{"damage":0,"enemies":"3 Sentries","floor":6,"turns":3},{"damage":0,"enemies":"2 Louse","floor":7,"turns":2},{"damage":11,"enemies":"Exordium Wildlife","floor":8,"turns":3},{"damage":17,"enemies":"The Mushroom Lair","floor":10,"turns":3},{"damage":26,"enemies":"Lagavulin","floor":11,"turns":5},{"damage":9,"enemies":"3 Louse","floor":13,"turns":2},{"damage":11,"enemies":"Hexaghost","floor":16,"turns":6},{"damage":4,"enemies":"Shell Parasite","floor":18,"turns":3},{"damage":0,"enemies":"Chosen","floor":20,"turns":4},{"damage":22,"enemies":"Snake Plant","floor":21,"turns":3},{"damage":2,"enemies":"Cultist and Chosen","floor":24,"turns":4},{"damage":15,"enemies":"Book of Stabbing","floor":27,"turns":3},{"damage":2,"enemies":"Shelled Parasite and Fungi","floor":28,"turns":2},{"damage":9,"enemies":"Slavers","floor":29,"turns":2},{"damage":0,"enemies":"Snake Plant","floor":31,"turns":4},{"damage":38,"enemies":"Collector","floor":33,"turns":4},{"damage":19,"enemies":"3 Shapes","floor":35,"turns":3},{"damage":8,"enemies":"3 Darklings","floor":37,"turns":3},{"damage":12,"enemies":"Jaw Worm Horde","floor":38,"turns":2},{"damage":21,"enemies":"Reptomancer","floor":40,"turns":5},{"damage":0,"enemies":"Maw","floor":41,"turns":4},{"damage":0,"enemies":"Giant Head","floor":45,"turns":4},{"damage":0,"enemies":"Spire Growth","floor":48,"turns":3},{"damage":68,"enemies":"Awakened One","floor":50,"turns":5}],"seed_played":"1568351369088512002","potions_obtained":[{"floor":1,"key":"DuplicationPotion"},{"floor":2,"key":"Regen Potion"},{"floor":2,"key":"LiquidMemories"},{"floor":16,"key":"Explosive Potion"},{"floor":17,"key":"Explosive Potion"},{"floor":21,"key":"Ancient Potion"},{"floor":28,"key":"SkillPotion"},{"floor":29,"key":"BlessingOfTheForge"},{"floor":33,"key":"FairyPotion"},{"floor":41,"key":"LiquidBronze"},{"floor":48,"key":"Dexterity Potion"}],"is_trial":false,"path_per_floor":["M","?","M","$","$","E","M","M","T","?","E","?","M","?","R","B",null,"M","$","M","M","$","R","M","R","T","E","M","E","?","M","R","B",null,"M","$","M","M","$","E","M","R","T","?","E","$","R","M","R","B",null],"character_chosen":"THE_SILENT","items_purchased":["Noxious Fumes","Caltrops","Tactician","Secret Technique","MerchantsRug","Thinking Ahead","Well Laid Plans","Snake Skull"],"campfire_rested":6,"item_purchase_floors":[4,5,19,19,19,36,36,46],"current_hp_per_floor":[65,65,65,65,65,65,65,54,54,46,20,20,11,4,27,22,82,78,78,82,60,60,60,58,82,82,73,71,62,62,68,82,44,82,63,63,55,43,43,28,34,58,58,58,64,64,82,82,82,14],"gold":207,"neow_bonus":"TEN_PERCENT_HP_BONUS","is_daily":false,"chose_seed":false,"campfire_upgraded":0,"win_rate":0.0,"timestamp":1609020983,"path_taken":["M","?","M","?","$","E","M","M","T","?","E","?","?","?","R","BOSS","M","$","M","M","$","R","?","R","T","E","M","E","?","M","R","BOSS","M","$","M","M","$","E","M","R","T","?","E","$","R","M","R","BOSS"],"items_purchased_type":["Card","Card","Card","Card","Relic","Card","Card","Relic"],"build_version":"2020-12-22","purchased_purges":2,"victory":true,"max_hp_per_floor":[77,77,77,77,77,77,77,77,77,77,77,77,77,77,77,77,82,82,82,82,82,82,82,82,82,82,82,82,82,82,82,82,82,82,82,82,82,82,82,82,82,82,82,82,82,82,82,82,82,82],"card_choices":[{"not_picked":["Choke","Noxious Fumes"],"picked":"Well Laid Plans","floor":1},{"not_picked":["Caltrops","Outmaneuver"],"picked":"Prepared","floor":3},{"not_picked":["Bouncing Flask","Expertise"],"picked":"Escape Plan","floor":6},{"not_picked":["Quick Slash","Calculated Gamble"],"picked":"Tactician","floor":7},{"not_picked":["Caltrops","Sucker Punch"],"picked":"Dagger Throw","floor":8},{"not_picked":["Dodge and Roll","Acrobatics"],"picked":"Prepared","floor":10},{"not_picked":["Quick Slash","Wraith Form v2"],"picked":"Tactician","floor":11},{"not_picked":["Bane","Bouncing Flask"],"picked":"Dagger Throw","floor":13},{"not_picked":["Malaise","Die Die Die"],"picked":"A Thousand Cuts","floor":16},{"not_picked":["Terror","Flechettes"],"picked":"Prepared","floor":17},{"not_picked":["Bouncing Flask+1","Slice"],"picked":"Flying Knee","floor":18},{"not_picked":["Finisher","Prepared"],"picked":"Deflect","floor":20},{"not_picked":["Endless Agony+1","Prepared"],"picked":"Dagger Throw+1","floor":21},{"not_picked":["Underhanded Strike","Flying Knee+1"],"picked":"Tactician","floor":24},{"not_picked":["Terror+1","Flechettes+1"],"picked":"Doppelganger","floor":27},{"not_picked":["All Out Attack+1","Deflect"],"picked":"Poisoned Stab+1","floor":28},{"not_picked":["Poisoned Stab","Bane"],"picked":"Dagger Throw","floor":29},{"not_picked":["Prepared","Backflip+1"],"picked":"Quick Slash","floor":31},{"not_picked":["Die Die Die","Doppelganger"],"picked":"Envenom","floor":33},{"not_picked":["Terror+1","Choke+1"],"picked":"Infinite Blades+1","floor":35},{"not_picked":["Infinite Blades","Outmaneuver+1"],"picked":"Poisoned Stab+1","floor":37},{"not_picked":["Prepared","Distraction+1"],"picked":"Backflip+1","floor":38},{"not_picked":["Infinite Blades+1","Sucker Punch"],"picked":"Quick Slash+1","floor":40},{"not_picked":["PiercingWail","Slice+1","Riddle With Holes"],"picked":"SKIP","floor":41},{"not_picked":["All Out Attack+1","Dagger Spray+1"],"picked":"Backflip+1","floor":45},{"not_picked":["Flechettes","Prepared"],"picked":"Quick Slash+1","floor":48}],"player_experience":38339,"relics_obtained":[{"floor":6,"key":"Lizard Tail"},{"floor":10,"key":"Odd Mushroom"},{"floor":11,"key":"Boot"},{"floor":26,"key":"Torii"},{"floor":27,"key":"Nunchaku"},{"floor":29,"key":"War Paint"},{"floor":40,"key":"Happy Flower"},{"floor":43,"key":"Darkstone Periapt"},{"floor":45,"key":"Kunai"}],"event_choices":[{"damage_healed":0,"gold_gain":0,"player_choice":"Got Potions","damage_taken":0,"max_hp_gain":0,"max_hp_loss":0,"event_name":"Lab","floor":2,"gold_loss":0},{"damage_healed":0,"gold_gain":0,"player_choice":"Fought Mushrooms","damage_taken":0,"max_hp_gain":0,"max_hp_loss":0,"event_name":"Mushrooms","floor":10,"gold_loss":0},{"damage_healed":0,"gold_gain":0,"player_choice":"Grow","damage_taken":0,"max_hp_gain":0,"max_hp_loss":0,"event_name":"Living Wall","floor":12,"gold_loss":0,"cards_upgraded":["Prepared"]},{"damage_healed":0,"gold_gain":0,"player_choice":"Damaged","damage_taken":7,"max_hp_gain":0,"max_hp_loss":0,"event_name":"Wheel of Change","floor":14,"gold_loss":0},{"damage_healed":0,"gold_gain":0,"player_choice":"Simplicity","damage_taken":0,"max_hp_gain":0,"max_hp_loss":0,"event_name":"Back to Basics","floor":30,"gold_loss":0,"cards_upgraded":[]},{"damage_healed":0,"gold_gain":100,"player_choice":"Pray","damage_taken":0,"max_hp_gain":0,"max_hp_loss":0,"event_name":"Golden Shrine","floor":44,"gold_loss":0}],"is_beta":false,"boss_relics":[{"not_picked":["SacredBark","Ectoplasm"],"picked":"Tiny House"},{"not_picked":["Black Star","Ring of the Serpent"],"picked":"Fusion Hammer"}],"items_purged_floors":[36,36],"is_endless":false,"potions_floor_spawned":[1,3,6,16,18,21,28,29,33,35,41,48],"ascension_level":1}}