{"host":"gp6kafy53r5vaktt","time":1609015397,"event":{"mods":["BaseMod","Colored Map","Highlight Path","Minty Spire (QoL Compilation)"],"gold_per_floor":[99,99,99,99,99,99,99,99,99,99,99,99,84,84,84,84,84,84,32,32,32,32,32,32,32,32,32,32,32,32,32,32,32,32],"floor_reached":33,"playtime":2149,"items_purged":[],"score":365,"play_id":"f9367b66-40c6-482d-9e79-547fdd5bbd26","local_time":"20201226224317","is_ascension_mode":true,"campfire_choices":[{"data":"Armaments","floor":6,"key":"SMITH"},{"data":"Body Slam","floor":10,"key":"SMITH"},{"data":"Fire Breathing","floor":15,"key":"SMITH"},{"data":"True Grit","floor":23,"key":"SMITH"},{"data":"Power Through","floor":25,"key":"SMITH"},{"data":"Entrench","floor":32,"key":"SMITH"}],"circlet_count":0,"master_deck":["Strike_R","Strike_R","Strike_R","Strike_R","Strike_R","Defend_R","Defend_R","Defend_R","Defend_R","Bash","Armaments+1","Body Slam+1","Iron Wave","Disarm","Fire Breathing+1","Ghostly Armor","Reaper","True Grit+1","Pommel Strike","Power Through+1","Body Slam+1","Flame Barrier","Entrench+1","Shrug It Off+1","Shrug It Off+1"],"relics":["Ectoplasm","Mummified Hand","Pantograph","Bag of Marbles","Sozu","Singing Bowl","Potion Belt","Mercury Hourglass","Toxic Egg 2"],"acts_visited":["Exordium","TheCity"],"potions_floor_usage":[5,12,16,24],"damage_taken":[{"damage":6,"enemies":"Jaw Worm","floor":1,"turns":3},{"damage":2,"enemies":"Small Slimes","floor":2,"turns":3},{"damage":0,"enemies":"2 Louse","floor":3,"turns":3},{"damage":0,"enemies":"Large Slime","floor":4,"turns":6},{"damage":3,"enemies":"Lots of Slimes","floor":5,"turns":4},{"damage":12,"enemies":"3 Sentries","floor":7,"turns":8},{"damage":9,"enemies":"2 Fungi Beasts","floor":8,"turns":3},{"damage":0,"enemies":"3 Louse","floor":11,"turns":3},{"damage":9,"enemies":"Gremlin Nob","floor":12,"turns":5},{"damage":0,"enemies":"Looter","floor":13,"turns":2},{"damage":7,"enemies":"2 Fungi Beasts","floor":14,"turns":4},{"damage":8,"enemies":"Hexaghost","floor":16,"turns":10},{"damage":7,"enemies":"Chosen","floor":18,"turns":5},{"damage":23,"enemies":"Spheric Guardian","floor":20,"turns":6},{"damage":3,"enemies":"Snecko","floor":21,"turns":5},{"damage":3,"enemies":"Centurion and Healer","floor":22,"turns":8},{"damage":0,"enemies":"Gremlin Leader","floor":24,"turns":6},{"damage":32,"enemies":"Slavers","floor":27,"turns":5},{"damage":0,"enemies":"Chosen and Byrds","floor":28,"turns":5},{"damage":12,"enemies":"Gremlin Leader","floor":29,"turns":7},{"damage":95,"enemies":"Champ","floor":33,"turns":13}],"seed_played":"8507687324509001437","potions_obtained":[{"floor":3,"key":"Strength Potion"},{"floor":5,"key":"ElixirPotion"},{"floor":7,"key":"EssenceOfSteel"},{"floor":8,"key":"EssenceOfSteel"},{"floor":12,"key":"LiquidMemories"}],"is_trial":false,"path_per_floor":["M","M","M","M","M","R","E","M","T","R","M","E","M","M","R","B",null,"M","$","M","M","M","R","E","R","T","E","M","E","?","?","R","B"],"character_chosen":"IRONCLAD","items_purchased":["True Grit"],"campfire_rested":0,"item_purchase_floors":[19],"current_hp_per_floor":[74,72,72,72,69,69,57,48,48,48,48,39,39,32,32,49,80,73,73,54,55,64,64,72,72,72,48,48,42,42,42,42,0,0],"gold":32,"neow_bonus":"BOSS_RELIC","is_daily":false,"chose_seed":false,"campfire_upgraded":6,"win_rate":0.0,"timestamp":1609015397,"path_taken":["M","M","M","M","M","R","E","M","T","R","M","E","M","M","R","BOSS","M","$","M","M","M","R","E","R","T","E","M","E","?","?","R","BOSS"],"items_purchased_type":["Card"],"build_version":"2020-12-13","purchased_purges":0,"victory":false,"max_hp_per_floor":[80,80,80,80,80,80,80,80,80,80,80,80,80,80,80,80,80,80,80,80,80,80,80,80,80,80,80,80,80,80,80,80,80,80],"card_choices":[{"not_picked":["Sword Boomerang","Bloodletting"],"picked":"Armaments","floor":1},{"not_picked":["Thunderclap","Headbutt","Clothesline"],"picked":"SKIP","floor":2},{"not_picked":["Second Wind","Burning Pact"],"picked":"Body Slam","floor":3},{"not_picked":["Anger","Rage"],"picked":"Iron Wave","floor":4},{"not_picked":["Twin Strike","Flex","Clothesline"],"picked":"SKIP","floor":5},{"not_picked":["Combust","Infernal Blade"],"picked":"Disarm","floor":7},{"not_picked":["Fiend Fire","Warcry","Pommel Strike"],"picked":"SKIP","floor":8},{"not_picked":["Heavy Blade","Sword Boomerang","Headbutt"],"picked":"SKIP","floor":11},{"not_picked":["Feed","Armaments"],"picked":"Fire Breathing","floor":12},{"not_picked":["Clash","Headbutt"],"picked":"Ghostly Armor","floor":13},{"not_picked":["Flex","Twin Strike","Clothesline"],"picked":"SKIP","floor":14},{"not_picked":["Fiend Fire","Bludgeon"],"picked":"Reaper","floor":16},{"not_picked":["Perfected Strike","Anger","Sword Boomerang"],"picked":"SKIP","floor":18},{"not_picked":["Hemokinesis+1","Brutality"],"picked":"Pommel Strike","floor":20},{"not_picked":["Heavy Blade","Wild Strike+1","Dark Embrace+1"],"picked":"SKIP","floor":21},{"not_picked":["Intimidate","Flex+1"],"picked":"Power Through","floor":22},{"not_picked":["Heavy Blade+1","Searing Blow+1"],"picked":"Body Slam+1","floor":24},{"not_picked":["Clash+1","Anger"],"picked":"Flame Barrier","floor":27},{"not_picked":["Warcry","Havoc"],"picked":"Entrench","floor":28},{"not_picked":["Headbutt","Brutality"],"picked":"Shrug It Off+1","floor":29}],"player_experience":89097,"relics_obtained":[{"floor":7,"key":"Mummified Hand"},{"floor":9,"key":"Pantograph"},{"floor":12,"key":"Bag of Marbles"},{"floor":24,"key":"Singing Bowl"},{"floor":26,"key":"Potion Belt"},{"floor":27,"key":"Mercury Hourglass"},{"floor":29,"key":"Toxic Egg 2"}],"event_choices":[{"damage_healed":0,"gold_gain":0,"player_choice":"Read","damage_taken":0,"max_hp_gain":0,"max_hp_loss":0,"event_name":"The Library","floor":30,"gold_loss":0,"cards_obtained":["Shrug It Off"]}],"is_beta":false,"boss_relics":[{"not_picked":["SlaversCollar","Coffee Dripper"],"picked":"Sozu"}],"items_purged_floors":[],"is_endless":false,"potions_floor_spawned":[3,5,7,8,12,22,24,28,29],"killed_by":"Champ","ascension_level":1}}