{"host":"ezkqjaqywejtjag1","time":1609003567,"event":{"mods":["BaseMod","Colored Map","Infinite Spire","Minty Spire (QoL Compilation)","StSLib"],"gold_per_floor":[210,221,64,64,64,64,75,75,100,113,129,148,165,184,184,286,286,302,318,329,18,18,18],"floor_reached":22,"playtime":1195,"items_purged":["Pain"],"score":209,"play_id":"26b0645c-690f-43cf-98b8-6bc26558b2fb","local_time":"20201226122607","is_ascension_mode":true,"campfire_choices":[{"data":"Zap","floor":6.0,"key":"SMITH"},{"floor":15.0,"key":"REST"}],"circlet_count":0,"master_deck":["Strike_B","Strike_B","Strike_B","Strike_B","Defend_B","Defend_B","Defend_B","Defend_B","Zap+1","Dualcast","Self Repair","Darkness+1","Capacitor","Barrage","Conserve Battery","Ball Lightning","Gash","Loop","Sweeping Beam","All For One","Ball Lightning","Go for the Eyes+1","Defragment","Doom and Gloom","Leap"],"relics":["Cracked Core","Lantern","WarpedTongs","Dream Catcher","Sozu","PrismaticShard"],"acts_visited":["Exordium","TheCity"],"potions_floor_usage":[22,22],"damage_taken":[{"damage":3.0,"enemies":"Jaw Worm","floor":1.0,"turns":4.0},{"damage":12.0,"enemies":"infinitespire:Voidling","floor":2.0,"turns":5.0},{"damage":0.0,"enemies":"Cultist","floor":7.0,"turns":4.0},{"damage":3.0,"enemies":"Blue Slaver","floor":10.0,"turns":3.0},{"damage":12.0,"enemies":"Red Slaver","floor":11.0,"turns":4.0},{"damage":55.0,"enemies":"Lots of Slimes","floor":12.0,"turns":6.0},{"damage":13.0,"enemies":"Exordium Thugs","floor":13.0,"turns":4.0},{"damage":11.0,"enemies":"Looter","floor":14.0,"turns":3.0},{"damage":14.0,"enemies":"Hexaghost","floor":16.0,"turns":7.0},{"damage":18.0,"enemies":"Spheric Guardian","floor":18.0,"turns":4.0},{"damage":16.0,"enemies":"Chosen","floor":19.0,"turns":4.0},{"damage":39.0,"enemies":"Snake Plant","floor":20.0,"turns":5.0},{"damage":25,"enemies":"Cultist and Chosen","floor":22,"turns":4}],"seed_played":"7267611545186259771","potions_obtained":[{"floor":10.0,"key":"SpeedPotion"},{"floor":13.0,"key":"DuplicationPotion"},{"floor":16.0,"key":"GamblersBrew"}],"is_trial":false,"path_per_floor":["M","M","$","?","?","R","M","?","T","M","M","M","M","M","R","B",null,"M","M","M","$","M"],"character_chosen":"DEFECT","items_purchased":["Lantern","PrismaticShard","Doom and Gloom","Leap"],"campfire_rested":1,"item_purchase_floors":[3,21,21,21],"current_hp_per_floor":[72,75,75,75,75,75,75,75,75,75,70,22,16,5,27,13,75,64,55,23,23,0,0],"gold":18,"neow_bonus":"HUNDRED_GOLD","is_daily":false,"chose_seed":false,"campfire_upgraded":1,"win_rate":0.0,"timestamp":1609003567,"path_taken":["M","M","$","?","?","R","?","?","T","?","M","M","M","M","R","BOSS","M","M","M","$","M"],"items_purchased_type":["Relic","Relic","Card","Card"],"build_version":"2020-12-22","purchased_purges":1,"victory":false,"max_hp_per_floor":[75,75,75,75,75,75,75,75,75,75,75,75,75,75,75,75,75,75,75,75,75,75,75],"card_choices":[{"not_picked":["Cold Snap","Melter"],"picked":"Self Repair","floor":1.0},{"not_picked":["Force Field","Turbo"],"picked":"Darkness","floor":2.0},{"not_picked":["Hologram","Turbo"],"picked":"Capacitor","floor":7.0},{"not_picked":["Cold Snap","Stack"],"picked":"Barrage","floor":10.0},{"not_picked":["BootSequence","Skim"],"picked":"Conserve Battery","floor":11.0},{"not_picked":["Turbo","Steam"],"picked":"Ball Lightning","floor":12.0},{"not_picked":["Barrage","Rebound"],"picked":"Gash","floor":13.0},{"not_picked":["Auto Shields","Go for the Eyes"],"picked":"Loop","floor":14.0},{"not_picked":["Hologram","Heatsinks"],"picked":"Sweeping Beam","floor":15.0},{"not_picked":["Hyperbeam","Biased Cognition"],"picked":"All For One","floor":16.0},{"not_picked":["Consume","Cold Snap"],"picked":"Ball Lightning","floor":18.0},{"not_picked":["Coolheaded","Skim"],"picked":"Go for the Eyes+1","floor":19.0},{"not_picked":["Double Energy","Ball Lightning"],"picked":"Defragment","floor":20.0}],"player_experience":154826,"relics_obtained":[{"floor":9.0,"key":"Dream Catcher"}],"event_choices":[{"damage_healed":0.0,"max_hp_gain":0.0,"max_hp_loss":0.0,"gold_gain":0.0,"event_name":"Golden Wing","player_choice":"Ignored","floor":4.0,"gold_loss":0.0,"damage_taken":0.0},{"damage_healed":0.0,"max_hp_gain":0.0,"max_hp_loss":0.0,"gold_gain":0.0,"event_name":"Upgrade Shrine","player_choice":"Upgraded","floor":5.0,"gold_loss":0.0,"damage_taken":0.0,"cards_upgraded":["Darkness"]},{"damage_healed":0.0,"max_hp_gain":0.0,"max_hp_loss":0.0,"gold_gain":0.0,"event_name":"Accursed Blacksmith","player_choice":"Rummage","floor":8.0,"gold_loss":0.0,"damage_taken":0.0,"relics_obtained":["WarpedTongs"],"cards_obtained":["Pain"]}],"is_beta":false,"boss_relics":[{"not_picked":["Fusion Hammer","Busted Crown"],"picked":"Sozu"}],"items_purged_floors":[21],"is_endless":false,"potions_floor_spawned":[10,13,16,18,19],"killed_by":"Cultist and Chosen","ascension_level":3}}