{"host":"eeeqmyc7a1933jos","time":1609024012,"event":{"mods":["2.2 Compatiblity","Act Like it!","BaseMod","CapriCore","Colored Powertips","Conspire","Downfall","Elementarium","Friendly Minions","Gensokyo","GifTheSpireLib","Gremlin Mod","Hallownest","Hermit","Hubris","Infinite Spire","Jorbs\u0027s Wanderer Trilogy","Marisa????????","Mimic Mod","Minty Spire (QoL Compilation)","Pale of the Ancients","Random Character Button","Random Character Mod","Reimu??????","Relic Sorter","Relic Stats","Replay The Spire","SIMod","Shade Mod","StSLib","The Administrix","The Bug Knight","The Hierophant","The Immortal","The Mystic","The Runesmith","The Senshi","The Vixen","TheBandit","TheFirefly","TheVacant","Wandering Minibosses"],"gold_per_floor":[114,127,144,144,160,193,213,213,213,213,226,236,236,271,271,374,374,384,35,55,55,68,45,45,72,119,134,134,167,193,209,209,314,314,326,346,364,238,249,249,283,83,143,157,157,171,171,184,184,216,216,216,60,89,103],"floor_reached":56,"playtime":5463,"items_purged":["theVacant:VacantStarterStrike","theVacant:VacantStarterStrike","Pain"],"score":1458,"play_id":"443403d5-409c-4c88-809c-9811b3643b88","local_time":"20201227000652","is_ascension_mode":false,"campfire_choices":[{"floor":8,"key":"REST"},{"data":"theVacant:VoidEmbrace","floor":13,"key":"SMITH"},{"data":"Replay:BasicMightCard","floor":15,"key":"SMITH"},{"data":"theVacant:TheAnvil","floor":24,"key":"SMITH"},{"floor":28,"key":"RECALL"},{"data":"theVacant:VoidEmbrace","floor":32,"key":"SMITH"},{"data":"theVacant:Release","floor":40,"key":"SMITH"},{"data":"theVacant:SpiritOrb","floor":45,"key":"SMITH"},{"data":"theVacant:SpiritOrb","floor":47,"key":"SMITH"},{"data":"theVacant:Crunch","floor":49,"key":"SMITH"},{"data":"theVacant:Threat","floor":52,"key":"SMITH"}],"circlet_count":0,"master_deck":["theVacant:VacantStarterStrike","theVacant:VacantStarterStrike","theVacant:VacantStarterDefend","theVacant:VacantStarterDefend","theVacant:VacantStarterDefend","theVacant:VacantStarterDefend","theVacant:Release+1","theVacant:Crunch+1","theVacant:VoidEmbrace+1","theVacant:Reconnect","theVacant:SurpriseAttack","Replay:BasicMightCard+1","theVacant:TheAnvil+1","theVacant:Threat+1","theVacant:BattleScars","theVacant:SpiritOrb+1","theVacant:TwistFate","theVacant:Dig","theVacant:GraveDigger","theVacant:MindBreak+1","theVacant:GraveDigger+1","theVacant:BrassMagnet","theVacant:SurpriseAttack+1","theVacant:VoidEmbrace+1","theVacant:Yeet","theVacant:ForgeSoul+1","theVacant:Return","theVacant:FiendFrost+1","theVacant:GraveWave","conspire:SpireCoStock","conspire:SpireCoStock","conspire:SpireCoStock","conspire:SpireCoStock","theVacant:Exorcise+1","theVacant:SurpriseAttack","theVacant:TimeSkip+1","theVacant:SpiritOrb+1","theVacant:Barrage+1","theVacant:Necromancy+1","theVacant:DeathSpiral+1","theVacant:Voidstone+1"],"relics":["theVacant:BrassGoblet","FossilizedHelix","HollowMod:PaleOreRelic","Golden Egg","TheAbacus","hubris:TenFootPole","Replay:Bronze Core","CrazyTorch:ReiMu","Elementarium:GolemsHeart","ReplayTheSpireMod:CursedCoin","theSenshi:SailorFukuRelic","Replay:Rubber Ducky","hubris:SlimyHat","Elementarium:ElementariumTrophy","hubris:Backtick","Bottled Lightning","Art of War","Prayer Wheel","hubris:Spice","hubris:BundleOfHerbs"],"acts_visited":["Exordium","Exordium","Elementarium:Elementarium","TheEnding"],"potions_floor_usage":[16,41,50,55,55,55],"damage_taken":[{"damage":0,"enemies":"conspire:RoseBush","floor":1,"turns":4},{"damage":0,"enemies":"Cultist","floor":2,"turns":4},{"damage":5,"enemies":"Jaw Worm","floor":3,"turns":5},{"damage":0,"enemies":"3 Louse","floor":5,"turns":3},{"damage":20,"enemies":"HollowMod:MossKnight","floor":6,"turns":21},{"damage":3,"enemies":"Lots of Slimes","floor":7,"turns":4},{"damage":0,"enemies":"Exordium Thugs","floor":11,"turns":6},{"damage":0,"enemies":"Looter","floor":12,"turns":3},{"damage":0,"enemies":"Gremlin Nob","floor":14,"turns":3},{"damage":13,"enemies":"Fading Forest","floor":16,"turns":11},{"damage":0,"enemies":"Elementarium:MUD_AND_TAR_GOLEMS","floor":18,"turns":2},{"damage":0,"enemies":"Elementarium:2_ELEMENTALS","floor":20,"turns":1},{"damage":22,"enemies":"Elementarium:VoidBeast","floor":22,"turns":4},{"damage":0,"enemies":"Elementarium:FIRE_NOBILITY","floor":25,"turns":3},{"damage":0,"enemies":"Elementarium:Hydrostalker","floor":27,"turns":3},{"damage":0,"enemies":"Elementarium:WarGolem","floor":29,"turns":2},{"damage":0,"enemies":"Elementarium:STONE_GOLEMS","floor":31,"turns":3},{"damage":0,"enemies":"Elementarium:GolemEmperor","floor":33,"turns":5},{"damage":0,"enemies":"Gensokyo:AncientGuardian","floor":35,"turns":1},{"damage":0,"enemies":"Gensokyo:3_Boulders","floor":36,"turns":1},{"damage":0,"enemies":"Gensokyo:SeedOfUnknown","floor":37,"turns":5},{"damage":0,"enemies":"Gensokyo:4_Bats","floor":39,"turns":1},{"damage":0,"enemies":"Gensokyo:Doremy","floor":41,"turns":5},{"damage":1,"enemies":"Gensokyo:3_Boulders","floor":43,"turns":6},{"damage":0,"enemies":"Gensokyo:3_Boulders","floor":44,"turns":1},{"damage":0,"enemies":"Gensokyo:Sharpion","floor":46,"turns":1},{"damage":0,"enemies":"Gensokyo:AtlasGolem","floor":48,"turns":2},{"damage":0,"enemies":"Gensokyo:Scarlet_Devils","floor":50,"turns":5},{"damage":0,"enemies":"Shield and Spear","floor":54,"turns":1},{"damage":80,"enemies":"The Heart","floor":55,"turns":4}],"seed_played":"6500219644324394191","potions_obtained":[{"floor":1,"key":"FearPotion"},{"floor":2,"key":"EssenceOfSteel"},{"floor":7,"key":"PowerPotion"},{"floor":20,"key":"Adrenaline Potion"},{"floor":25,"key":"LiquidMemories"},{"floor":27,"key":"Guardian:BlockOnCardUsePotion"},{"floor":41,"key":"champ:CounterPotion"},{"floor":54,"key":"FearPotion"}],"is_trial":false,"path_per_floor":["M","M","M","?","M","E","M","R","T","$","M","M","R","E","R","B",null,"M","$","M","?","M","$","R","E","T","M","R","E","T","M","R","B",null,"M","M","M","COS","M","R","E","?","MIM","M","R","M","R","M","R","B",null,"R","$","E","B",null],"character_chosen":"THE_VACANT","items_purchased":["TheAbacus","theVacant:GraveDigger+1","CrazyTorch:ReiMu","ReplayTheSpireMod:CursedCoin","theVacant:SurpriseAttack","theVacant:DeathSpiral"],"campfire_rested":1,"item_purchase_floors":[10,19,19,23,23,53],"current_hp_per_floor":[56,56,51,51,51,31,28,52,52,37,37,37,37,37,37,24,80,80,80,80,80,58,58,58,58,58,58,58,58,58,58,58,58,80,80,80,80,80,80,80,80,80,79,79,79,79,79,79,79,87,88,88,88,88,8],"gold":103,"neow_bonus":"ONE_RARE_RELIC","is_daily":false,"chose_seed":false,"campfire_upgraded":9,"win_rate":0.0,"timestamp":1609024012,"path_taken":["M","M","M","?","M","E","M","R","T","?","M","M","R","E","R","BOSS","M","?","M","?","?","$","R","E","T","M","R","E","?","M","R","BOSS","M","M","M","COS","M","R","E","?","MIM","M","R","M","R","?","R","BOSS","R","$","E","BOSS"],"items_purchased_type":["Relic","Card","Relic","Relic","Card","Card"],"build_version":"2020-12-22","purchased_purges":3,"victory":true,"max_hp_per_floor":[80,80,80,80,80,80,80,80,80,80,80,80,80,80,80,80,80,80,80,80,80,80,80,80,80,80,80,80,80,80,80,80,80,80,80,80,80,80,80,80,80,80,80,80,80,80,80,80,80,88,88,88,88,88,88],"relic_stats":{"TheAbacus":[150],"counters":[30,120],"Prayer Wheel":3,"Art of War":[0],"obtain_stats":[{"Golden Egg":9,"theVacant:BrassGoblet":0,"ReplayTheSpireMod:CursedCoin":23,"hubris:SlimyHat":30,"Replay:Rubber Ducky":29,"TheAbacus":10,"hubris:Backtick":34,"Elementarium:ElementariumTrophy":33,"hubris:Spice":50,"Replay:Bronze Core":17,"CrazyTorch:ReiMu":19,"Elementarium:GolemsHeart":21,"Prayer Wheel":43,"hubris:BundleOfHerbs":54,"hubris:TenFootPole":14,"Art of War":41,"HollowMod:PaleOreRelic":6,"Bottled Lightning":34,"theSenshi:SailorFukuRelic":25,"FossilizedHelix":0},{"Golden Egg":6,"theVacant:BrassGoblet":0,"ReplayTheSpireMod:CursedCoin":13,"hubris:SlimyHat":16,"Replay:Rubber Ducky":16,"TheAbacus":6,"hubris:Backtick":18,"Elementarium:ElementariumTrophy":18,"hubris:Spice":28,"Replay:Bronze Core":10,"CrazyTorch:ReiMu":11,"Elementarium:GolemsHeart":12,"Prayer Wheel":24,"hubris:BundleOfHerbs":29,"hubris:TenFootPole":9,"Art of War":23,"HollowMod:PaleOreRelic":5,"Bottled Lightning":18,"theSenshi:SailorFukuRelic":14,"FossilizedHelix":0},{"Golden Egg":41,"theVacant:BrassGoblet":0,"ReplayTheSpireMod:CursedCoin":71,"hubris:SlimyHat":79,"Replay:Rubber Ducky":79,"TheAbacus":41,"hubris:Backtick":87,"Elementarium:ElementariumTrophy":87,"hubris:Spice":114,"Replay:Bronze Core":64,"CrazyTorch:ReiMu":66,"Elementarium:GolemsHeart":67,"Prayer Wheel":106,"hubris:BundleOfHerbs":116,"hubris:TenFootPole":53,"Art of War":100,"HollowMod:PaleOreRelic":37,"Bottled Lightning":87,"theSenshi:SailorFukuRelic":74,"FossilizedHelix":0}]},"card_choices":[{"not_picked":["theVacant:Spinshield","theVacant:BattleScars"],"picked":"theVacant:VoidEmbrace","floor":1},{"not_picked":["theVacant:Fortify","theVacant:Cower"],"picked":"theVacant:Reconnect","floor":2},{"not_picked":["theVacant:BurdenBreak","theVacant:Spinshield"],"picked":"theVacant:SurpriseAttack","floor":3},{"not_picked":["theVacant:Barrage","theVacant:GraveWave"],"picked":"theVacant:BattleScars","floor":5},{"not_picked":["theVacant:BrassMagnet","theVacant:PitOfDespair"],"picked":"theVacant:SpiritOrb","floor":6},{"not_picked":["theVacant:Thoughtseize","theVacant:WhenDarknessComes"],"picked":"theVacant:TwistFate","floor":7},{"not_picked":["theVacant:Recover","theVacant:BattleScars"],"picked":"theVacant:Dig","floor":11},{"not_picked":["theVacant:Throttle","theVacant:SurpriseAttack"],"picked":"theVacant:GraveDigger","floor":12},{"not_picked":["theVacant:LashOut","theVacant:EyePoke","theVacant:Acceptance"],"picked":"SKIP","floor":14},{"not_picked":["theVacant:Exorcise","theVacant:TimeSkip"],"picked":"theVacant:MindBreak","floor":16},{"not_picked":["theVacant:Fling+1","theVacant:Jab"],"picked":"theVacant:ShutAway","floor":18},{"not_picked":["theVacant:EmptyShield","theVacant:CursedBlast","theVacant:Jab"],"picked":"SKIP","floor":20},{"not_picked":["theVacant:Thoughtseize","theVacant:Gloom+1"],"picked":"theVacant:BrassMagnet","floor":22},{"not_picked":["theVacant:Throttle","theVacant:EmptyShield+1"],"picked":"theVacant:VoidEmbrace","floor":25},{"not_picked":["theVacant:Reconnect+1","theVacant:Cower"],"picked":"theVacant:Yeet","floor":27},{"not_picked":["theVacant:Threat+1","theVacant:BellToll"],"picked":"theVacant:ForgeSoul","floor":29},{"not_picked":["theVacant:Yeet","theVacant:Threat"],"picked":"theVacant:Return","floor":31},{"not_picked":["theVacant:Showdown","theVacant:ForgeSoul"],"picked":"theVacant:FiendFrost","floor":33},{"not_picked":["theVacant:BattleScars+1","theVacant:CursedBlast+1"],"picked":"theVacant:GraveWave","floor":35},{"not_picked":["theVacant:BattleScars","theVacant:CursedBlast+1","theVacant:Snowball"],"picked":"SKIP","floor":36},{"not_picked":["theVacant:GraveDigger","theVacant:ShutAway","theVacant:Spinshield+1"],"picked":"SKIP","floor":37},{"not_picked":["theVacant:Dig","theVacant:PitOfDespair+1","theVacant:Enrage"],"picked":"SKIP","floor":39},{"not_picked":["theVacant:Thoughtseize+1","theVacant:EyePoke+1","theVacant:Hex"],"picked":"SKIP","floor":41},{"not_picked":["theVacant:MindBreak","theVacant:TimeSkip"],"picked":"theVacant:Exorcise","floor":43},{"not_picked":["theVacant:ReaperStrike+1","theVacant:ShriekingBlast+1"],"picked":"theVacant:SurpriseAttack","floor":43},{"not_picked":["theVacant:Snowball+1","theVacant:PitOfDespair+1"],"picked":"theVacant:TimeSkip","floor":44},{"not_picked":["theVacant:Thoughtseize","theVacant:OnSecondThought","theVacant:Threat"],"picked":"SKIP","floor":44},{"not_picked":["theVacant:Yeet","theVacant:BurdenBreak"],"picked":"theVacant:SpiritOrb","floor":46},{"not_picked":["theVacant:GraveDigger","theVacant:Jab","theVacant:ShutAway+1"],"picked":"SKIP","floor":46},{"not_picked":["theVacant:LashOut+1","theVacant:BattleScars+1"],"picked":"theVacant:Barrage+1","floor":48},{"not_picked":["theVacant:Immaterialize+1","theVacant:Spinshield"],"picked":"theVacant:Necromancy+1","floor":48},{"not_picked":["theVacant:Whip","theVacant:Jab+1"],"picked":"theVacant:Voidstone","floor":54}],"player_experience":1369764,"relics_obtained":[{"floor":6,"key":"HollowMod:PaleOreRelic"},{"floor":9,"key":"Golden Egg"},{"floor":14,"key":"hubris:TenFootPole"},{"floor":25,"key":"theSenshi:SailorFukuRelic"},{"floor":29,"key":"Replay:Rubber Ducky"},{"floor":30,"key":"hubris:SlimyHat"},{"floor":41,"key":"Art of War"},{"floor":43,"key":"Prayer Wheel"},{"floor":54,"key":"hubris:BundleOfHerbs"}],"event_choices":[{"damage_healed":0,"gold_gain":0,"player_choice":"3 cards matched","damage_taken":0,"max_hp_gain":0,"max_hp_loss":0,"event_name":"Match and Keep!","floor":4,"gold_loss":0,"cards_obtained":["Replay:BasicMightCard","theVacant:TheAnvil","theVacant:Threat"]},{"damage_healed":0,"gold_gain":0,"player_choice":"3 cards matched","damage_taken":0,"max_hp_gain":0,"max_hp_loss":0,"event_name":"Match and Keep!","floor":4,"gold_loss":0,"cards_obtained":["Replay:BasicMightCard","theVacant:TheAnvil","theVacant:Threat"]},{"damage_healed":0,"gold_gain":0,"player_choice":"Chest","damage_taken":0,"relics_obtained":["Elementarium:GolemsHeart"],"max_hp_gain":0,"max_hp_loss":0,"event_name":"Elementarium:AbandonedFactory","floor":21,"gold_loss":0,"cards_obtained":["Pain"]},{"damage_healed":0,"gold_gain":0,"player_choice":"Invest 4","damage_taken":0,"max_hp_gain":0,"max_hp_loss":0,"event_name":"conspire:Investor","floor":42,"gold_loss":0}],"is_beta":false,"boss_relics":[{"not_picked":["infinitespire:Cupcake","Honey Jar"],"picked":"Replay:Bronze Core"},{"not_picked":["hubris:HollowSoul","conspire:SlowCooker"],"picked":"hubris:Backtick"}],"items_purged_floors":[10,19,23],"is_endless":false,"potions_floor_spawned":[1,2,7,11,20,25,27,31,33,35,37,41,46,48,54],"ascension_level":0}}