{"host":"od099uxc49ip1k8b","time":1609001344,"event":{"mods":["AchievementEnabler","Act Like it!","BaseMod","Downfall","Friendly Minions","Gensokyo","Hermit","Highlight Path","Koishi","KomeijiMod","Marisa????????","Minty Spire (QoL Compilation)","Quick Restart","Rare Cards Sparkle","Reimu??????","Remilia??????","StSLib","Td1madao Mod","The Administrix","The Alterego","The Animator","The Cursed","The Gatherer","The Servant 0.9.4","The Wild Card","Waifu the Spire","WarShipGirlsR/????R mod","Yohane!","Yuyuko"],"gold_per_floor":[114,124,137,153,33,33,48,48,129,149,179,179,179,192,192,295,295,305,336,351,361,374,374,400,410,410,360,360,67,81,100,100,205,205,217,236,252,34,50,50,76,76,153,165,176,201,201,215,215,215],"floor_reached":51,"playtime":4987,"items_purged":["rmod:strick"],"score":802,"play_id":"0d13368c-d30b-42d9-a6ec-d36c7ea57606","local_time":"20201226114904","is_ascension_mode":false,"campfire_choices":[{"data":"rmod:steelsupply","floor":6,"key":"SMITH"},{"data":"rmod:diamondstrike","floor":8,"key":"SMITH"},{"data":"rmod:diamondstrike","floor":13,"key":"SMITH"},{"floor":15,"key":"REST"},{"floor":23,"key":"REST"},{"data":"rmod:acesubmarine","floor":28,"key":"SMITH"},{"data":"rmod:royalracing","floor":32,"key":"SMITH"},{"data":"rmod:royalracing","floor":40,"key":"SMITH"},{"data":"rmod:diaomin","floor":42,"key":"SMITH"},{"data":"rmod:highspeedmaneuver","floor":47,"key":"SMITH"},{"data":"rmod:guardianhero","floor":49,"key":"SMITH"}],"circlet_count":0,"master_deck":["rmod:strick","rmod:strick","rmod:strick","rmod:defend","rmod:defend","rmod:defend","rmod:defend","rmod:basicallowance","rmod:maingunfire","rmod:diamondstrike+1","rmod:unsinkable","rmod:tearstotiara","rmod:diaomin+1","rmod:steelsupply+1","rmod:royalracing+1","rmod:diamondstrike+1","rmod:selfconfidence","rmod:guardianhero+1","rmod:supriseattacks","rmod:royalracing+1","rmod:acesubmarine+1","rmod:luckystar+1","rmod:fuelsupply+1","rmod:aluminumsupply+1","rmod:tearstotiara+1","rmod:guardianhero+1","rmod:unsinkable+1","rmod:auspiciousomen","rmod:supportaircraftcarrier+1","rmod:overbreakdown","rmod:robin","rmod:concentratefire","rmod:aggressivemary+1","rmod:highspeedmaneuver+1","rmod:firesupport+1","rmod:mineteam+1","rmod:firesupport+1","rmod:gendarmerie+1"],"relics":["Question Card","Odd Mushroom","rmod:mogul","Red Mask","Shovel","Eternal Feather","Lee\u0027s Waffle","Sozu","Omamori","Pear","Meat on the Bone"],"acts_visited":["Exordium","TheCity","TheBeyond"],"potions_floor_usage":[20,22,31,39,39,46],"damage_taken":[{"damage":0,"enemies":"Jaw Worm","floor":1,"turns":3},{"damage":0,"enemies":"2 Louse","floor":2,"turns":3},{"damage":0,"enemies":"Cultist","floor":3,"turns":3},{"damage":0,"enemies":"Large Slime","floor":4,"turns":5},{"damage":10,"enemies":"3 Louse","floor":7,"turns":3},{"damage":4,"enemies":"Lots of Slimes","floor":10,"turns":2},{"damage":0,"enemies":"The Mushroom Lair","floor":11,"turns":3},{"damage":5,"enemies":"Large Slime","floor":14,"turns":3},{"damage":16,"enemies":"Slime Boss","floor":16,"turns":8},{"damage":0,"enemies":"Chosen","floor":18,"turns":4},{"damage":2,"enemies":"Masked Bandits","floor":19,"turns":2},{"damage":9,"enemies":"2 Thieves","floor":20,"turns":3},{"damage":3,"enemies":"Cultist and Chosen","floor":21,"turns":3},{"damage":14,"enemies":"Centurion and Healer","floor":22,"turns":4},{"damage":13,"enemies":"Gremlin Leader","floor":24,"turns":5},{"damage":20,"enemies":"Snake Plant","floor":25,"turns":5},{"damage":0,"enemies":"Chosen and Byrds","floor":30,"turns":3},{"damage":18,"enemies":"3 Cultists","floor":31,"turns":4},{"damage":0,"enemies":"Automaton","floor":33,"turns":12},{"damage":1,"enemies":"3 Shapes","floor":35,"turns":3},{"damage":11,"enemies":"Orb Walker","floor":36,"turns":5},{"damage":0,"enemies":"Maw","floor":37,"turns":7},{"damage":0,"enemies":"Transient","floor":39,"turns":5},{"damage":7,"enemies":"Reptomancer","floor":41,"turns":6},{"damage":16,"enemies":"Spire Growth","floor":44,"turns":3},{"damage":0,"enemies":"Maw","floor":45,"turns":7},{"damage":22,"enemies":"Giant Head","floor":46,"turns":8},{"damage":0,"enemies":"Transient","floor":48,"turns":5},{"damage":67,"enemies":"Time Eater","floor":50,"turns":12}],"seed_played":"197318046951571291","potions_obtained":[{"floor":11,"key":"Explosive Potion"},{"floor":16,"key":"FearPotion"},{"floor":21,"key":"Swift Potion"},{"floor":25,"key":"ExcitationPotion"},{"floor":31,"key":"ColorlessPotion"},{"floor":33,"key":"Regen Potion"}],"is_trial":false,"path_per_floor":["M","M","M","M","$","R","M","R","T","M","?","?","R","M","R","B",null,"M","?","M","M","M","R","E","M","T","?","R","$","M","M","R","B",null,"M","M","M","$","M","R","E","R","T","M","M","E","R","M","R","B",null],"character_chosen":"PRAEFECT","items_purchased":["rmod:royalracing","rmod:diamondstrike","rmod:auspiciousomen","Lee\u0027s Waffle","rmod:highspeedmaneuver"],"campfire_rested":2,"item_purchase_floors":[5,5,29,29,38],"current_hp_per_floor":[75,75,75,75,75,75,65,65,65,61,61,61,61,56,75,59,75,75,73,64,61,47,69,56,36,36,36,51,82,82,64,82,82,82,81,70,70,70,70,82,75,82,92,76,76,69,90,90,92,37],"gold":215,"neow_bonus":"THREE_CARDS","is_daily":false,"chose_seed":false,"campfire_upgraded":9,"win_rate":0.0,"timestamp":1609001344,"path_taken":["M","M","M","M","$","R","M","R","T","M","?","?","R","?","R","BOSS","M","?","M","M","M","R","E","M","T","?","R","$","M","?","R","BOSS","M","M","M","$","M","R","E","R","T","M","M","E","R","M","R","BOSS"],"items_purchased_type":["Card","Card","Card","Relic","Card"],"build_version":"2020-12-22","purchased_purges":1,"victory":true,"max_hp_per_floor":[75,75,75,75,75,75,75,75,75,75,75,75,75,75,75,75,75,75,75,75,75,75,75,75,75,75,75,75,82,82,82,82,82,82,82,82,82,82,82,82,82,82,92,92,92,92,92,92,92,92],"card_choices":[{"not_picked":["rmod:guardianhero","rmod:highspeedshooting"],"picked":"rmod:diamondstrike","floor":0},{"not_picked":["rmod:diamondstrike","rmod:tearstotiara"],"picked":"rmod:unsinkable","floor":1},{"not_picked":["rmod:diamondstrike","rmod:combined"],"picked":"rmod:tearstotiara","floor":2},{"not_picked":["rmod:fletcherpendant","rmod:steelsupply"],"picked":"rmod:diaomin","floor":3},{"not_picked":["rmod:aggressivemary","rmod:highspeedshooting"],"picked":"rmod:steelsupply","floor":4},{"not_picked":["rmod:luckystar","rmod:royalracing"],"picked":"rmod:selfconfidence","floor":7},{"not_picked":["rmod:aviationdawn","rmod:tearstotiara","rmod:firesupport"],"picked":"rmod:guardianhero","floor":10},{"not_picked":["rmod:punchline","rmod:smokecover","rmod:overbreakdown"],"picked":"rmod:supriseattacks","floor":11},{"not_picked":["rmod:wolves","rmod:slowdown","rmod:highspeedshooting"],"picked":"rmod:royalracing","floor":14},{"not_picked":["rmod:seals","rmod:supriseattacks","rmod:u235"],"picked":"rmod:acesubmarine","floor":16},{"not_picked":["rmod:wasp","rmod:combined+1","rmod:selfconfidence"],"picked":"rmod:luckystar+1","floor":18},{"not_picked":["rmod:firesupport","rmod:aggressivemary+1","rmod:luckystar"],"picked":"rmod:fuelsupply+1","floor":19},{"not_picked":["rmod:luckystar","rmod:intelligenceanalysis","rmod:diamondstrike","rmod:victimresponsibility"],"picked":"SKIP","floor":20},{"not_picked":["rmod:luckystar","rmod:steelsupply","rmod:supportescort"],"picked":"rmod:aluminumsupply+1","floor":21},{"not_picked":["rmod:steelsupply","rmod:overbreakdown","rmod:wasp+1"],"picked":"rmod:tearstotiara+1","floor":22},{"not_picked":["rmod:generalist","rmod:supportescort","rmod:goodfighter+1"],"picked":"rmod:guardianhero+1","floor":24},{"not_picked":["rmod:aluminumsupply+1","rmod:smokecover","rmod:circuitoustactics"],"picked":"rmod:unsinkable+1","floor":25},{"not_picked":["rmod:secretscript","rmod:aggressivemary+1","rmod:garrisonisland"],"picked":"rmod:supportaircraftcarrier+1","floor":30},{"not_picked":["rmod:punchline","rmod:chargemoney","rmod:salvage"],"picked":"rmod:overbreakdown","floor":31},{"not_picked":["rmod:supportescort+1","rmod:wasp","rmod:diamondstrike"],"picked":"rmod:robin","floor":35},{"not_picked":["rmod:victimresponsibility","rmod:ring","rmod:rockthrower"],"picked":"rmod:concentratefire","floor":36},{"not_picked":["rmod:generalist","rmod:intelligenceanalysis+1","rmod:fuelsupply"],"picked":"rmod:aggressivemary+1","floor":37},{"not_picked":["rmod:fuelsupply","rmod:punchline","rmod:aluminumsupply"],"picked":"rmod:firesupport+1","floor":39},{"not_picked":["rmod:circuitoustactics+1","rmod:unsinkable+1","rmod:highspeedshooting+1"],"picked":"rmod:mineteam+1","floor":41},{"not_picked":["rmod:aluminumsupply","rmod:abidefaith","rmod:combined"],"picked":"rmod:firesupport+1","floor":44},{"not_picked":["rmod:aluminumsupply","rmod:fuelsupply","rmod:luckystar","rmod:ammunitionsupply"],"picked":"SKIP","floor":45},{"not_picked":["rmod:supportescort+1","rmod:expedition","rmod:guardianhero"],"picked":"rmod:gendarmerie+1","floor":46},{"not_picked":["rmod:wolves+1","rmod:fletcherpendant+1","rmod:fuelsupply+1","rmod:luckystar+1"],"picked":"SKIP","floor":48}],"player_experience":127728,"relics_obtained":[{"floor":9,"key":"Question Card"},{"floor":11,"key":"Odd Mushroom"},{"floor":19,"key":"Red Mask"},{"floor":24,"key":"Shovel"},{"floor":26,"key":"Eternal Feather"},{"floor":41,"key":"Omamori"},{"floor":43,"key":"Pear"},{"floor":46,"key":"Meat on the Bone"}],"event_choices":[{"damage_healed":0,"gold_gain":0,"player_choice":"Fought Mushrooms","damage_taken":0,"max_hp_gain":0,"max_hp_loss":0,"event_name":"Mushrooms","floor":11,"gold_loss":0},{"damage_healed":0,"gold_gain":0,"player_choice":"Ignored","damage_taken":0,"max_hp_gain":0,"max_hp_loss":0,"event_name":"Golden Idol","floor":12,"gold_loss":0},{"damage_healed":0,"gold_gain":0,"player_choice":"Fought Bandits","damage_taken":0,"max_hp_gain":0,"max_hp_loss":0,"event_name":"Masked Bandits","floor":19,"gold_loss":0},{"damage_healed":0,"gold_gain":0,"player_choice":"Bet on Owner","damage_taken":0,"max_hp_gain":0,"max_hp_loss":0,"event_name":"The Joust","floor":27,"gold_loss":50}],"is_beta":false,"boss_relics":[{"not_picked":["Calling Bell","Runic Dome"],"picked":"rmod:mogul"},{"not_picked":["Coffee Dripper","Cursed Key"],"picked":"Sozu"}],"items_purged_floors":[38],"is_endless":false,"potions_floor_spawned":[2,11,16,21,25,31,33,39,41,44,45],"ascension_level":0}}