{"host":"a7dhdzm3fda48fos","time":1609002631,"event":{"mods":["AchievementEnabler","BaseMod","Colored Map","Gold Saver","Minty Spire (QoL Compilation)","Remove Card Discount Mod","Shop Mod","StSLib"],"gold_per_floor":[1169,1094,1094,1108,1126,1126,1142,1152,1177,1177,1031,1056,1056,1075,1075,1171,1171,1189,1206,1206,969,980,994,1012,1002,1002,1002,1002],"floor_reached":27,"playtime":2052,"items_purged":["Biased Cognition","Defend_B","Defend_B","Defend_B","Dualcast","Redo"],"score":217,"play_id":"35728021-4da6-41ec-96a1-5d6f4537b824","local_time":"20201226181031","is_ascension_mode":false,"campfire_choices":[{"data":"Loop","floor":6,"key":"SMITH"},{"data":"Blizzard","floor":10,"key":"SMITH"},{"data":"Amplify","floor":13,"key":"SMITH"},{"data":"Capacitor","floor":15,"key":"SMITH"}],"circlet_count":0,"master_deck":["Strike_B","Strike_B","Strike_B","Strike_B","Zap","Coolheaded+1","Loop+1","Blizzard+1","Self Repair","Cold Snap","Amplify+1","Thunder Strike","Capacitor+1","All For One","Go for the Eyes","Self Repair+1","Loop","Sweeping Beam+1","Capacitor","Genetic Algorithm+1"],"relics":["Cracked Core","Orichalcum","Bronze Scales","Nunchaku","Sozu","Lantern","Molten Egg 2"],"acts_visited":["Exordium","TheCity"],"potions_floor_usage":[27],"damage_taken":[{"damage":2,"enemies":"2 Louse","floor":1,"turns":3},{"damage":0,"enemies":"Cultist","floor":4,"turns":3},{"damage":0,"enemies":"Small Slimes","floor":5,"turns":3},{"damage":7,"enemies":"Gremlin Gang","floor":7,"turns":3},{"damage":4,"enemies":"Looter","floor":8,"turns":2},{"damage":17,"enemies":"Gremlin Nob","floor":12,"turns":4},{"damage":6,"enemies":"2 Fungi Beasts","floor":14,"turns":3},{"damage":35,"enemies":"Hexaghost","floor":16,"turns":10},{"damage":8,"enemies":"3 Byrds","floor":18,"turns":3},{"damage":14,"enemies":"Spheric Guardian","floor":19,"turns":5},{"damage":28,"enemies":"Centurion and Healer","floor":22,"turns":16},{"damage":30,"enemies":"3 Cultists","floor":23,"turns":5},{"damage":2,"enemies":"Snecko","floor":24,"turns":4},{"damage":33,"enemies":"Colosseum Slavers","floor":27,"turns":4},{"damage":59,"enemies":"Colosseum Nobs","floor":27,"turns":5}],"seed_played":"2483251377325863862","potions_obtained":[{"floor":4,"key":"Ancient Potion"},{"floor":5,"key":"AttackPotion"},{"floor":12,"key":"SneckoOil"}],"is_trial":false,"path_per_floor":["M","$","?","M","M","R","M","M","T","R","$","E","R","M","R","B",null,"M","M","?","$","M","M","M","$","T","?"],"character_chosen":"DEFECT","items_purchased":["Loop","Amplify","Loop","Lantern"],"campfire_rested":0,"item_purchase_floors":[2,11,21,21],"current_hp_per_floor":[73,73,73,73,73,73,66,69,69,69,69,59,59,53,53,25,75,74,67,67,67,66,63,75,75,75,0,0],"gold":1002,"neow_bonus":"RANDOM_COMMON_RELIC","is_daily":false,"chose_seed":false,"campfire_upgraded":4,"win_rate":0.0,"timestamp":1609002631,"path_taken":["M","$","?","M","M","R","M","M","T","R","?","E","R","M","R","BOSS","M","M","?","$","M","M","?","$","T","?"],"items_purchased_type":["Card","Card","Card","Relic"],"build_version":"2020-12-22","purchased_purges":6,"victory":false,"max_hp_per_floor":[75,75,75,75,75,75,75,75,75,75,75,75,75,75,75,75,75,75,75,75,75,75,75,75,75,75,75,75],"card_choices":[{"not_picked":["Hologram","Conserve Battery"],"picked":"Coolheaded","floor":1},{"not_picked":["Steam","Hologram"],"picked":"Blizzard","floor":4},{"not_picked":["Conserve Battery","Ball Lightning"],"picked":"Redo","floor":5},{"not_picked":["Double Energy","Sweeping Beam"],"picked":"Self Repair","floor":7},{"not_picked":["Ball Lightning","Consume"],"picked":"Cold Snap","floor":8},{"not_picked":["Blizzard","Chill"],"picked":"Thunder Strike","floor":12},{"not_picked":["Force Field","Double Energy"],"picked":"Capacitor","floor":14},{"not_picked":["Fission","Rainbow"],"picked":"All For One","floor":16},{"not_picked":["Steam","Scrape"],"picked":"Go for the Eyes","floor":18},{"not_picked":["Rip and Tear","Steam"],"picked":"Self Repair+1","floor":19},{"not_picked":["Doom and Gloom","Compile Driver"],"picked":"Sweeping Beam+1","floor":22},{"not_picked":["Cold Snap+1","Glacier+1"],"picked":"Capacitor","floor":23},{"not_picked":["Conserve Battery+1","Darkness+1"],"picked":"Genetic Algorithm+1","floor":24}],"player_experience":24025,"relics_obtained":[{"floor":9,"key":"Bronze Scales"},{"floor":12,"key":"Nunchaku"},{"floor":26,"key":"Molten Egg 2"}],"event_choices":[{"damage_healed":0,"gold_gain":0,"cards_transformed":["Defend_B"],"player_choice":"Transformed","damage_taken":0,"max_hp_gain":0,"max_hp_loss":0,"event_name":"Transmorgrifier","floor":3,"gold_loss":0,"cards_obtained":["Biased Cognition"]},{"damage_healed":0,"gold_gain":0,"player_choice":"Upgraded","damage_taken":0,"max_hp_gain":0,"max_hp_loss":0,"event_name":"Upgrade Shrine","floor":20,"gold_loss":0,"cards_upgraded":["Coolheaded"]},{"damage_healed":0,"gold_gain":0,"player_choice":"Fight","damage_taken":0,"max_hp_gain":0,"max_hp_loss":0,"event_name":"Colosseum","floor":27,"gold_loss":0},{"damage_healed":0,"gold_gain":0,"player_choice":"Fought Nobs","damage_taken":0,"max_hp_gain":0,"max_hp_loss":0,"event_name":"Colosseum","floor":27,"gold_loss":0}],"is_beta":false,"boss_relics":[{"not_picked":["Calling Bell","Fusion Hammer"],"picked":"Sozu"}],"items_purged_floors":[11,25,25,25,25,25],"is_endless":false,"potions_floor_spawned":[4,5,12,16,19,22,23,27],"killed_by":"Colosseum Nobs","ascension_level":0}}