{"host":"uq7j81ocmf0ebuur","time":1609026739,"event":{"mods":["AchievementEnabler","BaseMod","Better Match","Better Note","Better Third Choice","Block Reminder","Colored Map","Colored Powertips","Defuse TimeMaze Blight","Googly Eyes","Minty Spire (QoL Compilation)","Relic Stats","StSLib","SuperFastMode","everything is the same but u backflip on backflip","slay the spire mod where everything is the same but ironclad has a cowboy hat"],"gold_per_floor":[111,111,129,146,146,146,146,146,146,146,181,181,214,18,18,119,119,130,54,67,67,78,78,3,3,3,3,37,37,57,88,88,189,189,201,219,268,268,281,316,316,241,267,267,300,45,72,92,92,92],"floor_reached":51,"playtime":2655,"items_purged":["Strike_G","Underhanded Strike+1"],"score":1122,"play_id":"fbd954e7-2f42-4765-8325-76103804c0c4","local_time":"20201227015219","is_ascension_mode":true,"campfire_choices":[{"data":"Catalyst","floor":6,"key":"SMITH"},{"data":"Neutralize","floor":8,"key":"SMITH"},{"data":"1","floor":10,"key":"LIFT"},{"data":"Glass Knife","floor":15,"key":"SMITH"},{"data":"Footwork","floor":23,"key":"SMITH"},{"data":"Wraith Form v2","floor":25,"key":"SMITH"},{"data":"Footwork","floor":27,"key":"SMITH"},{"data":"Noxious Fumes","floor":32,"key":"SMITH"},{"data":"Adrenaline","floor":41,"key":"SMITH"},{"data":"2","floor":44,"key":"LIFT"},{"data":"Survivor","floor":49,"key":"SMITH"}],"circlet_count":0,"master_deck":["Defend_G","Defend_G+1","Defend_G+1","Defend_G","Defend_G+1","Survivor+1","Neutralize+1","Slice","Deadly Poison+1","Catalyst+1","Glass Knife+1","Corpse Explosion","Noxious Fumes+1","Wraith Form v2+1","Phantasmal Killer+1","Backflip+1","Footwork+1","Footwork+1","PiercingWail+1","Deflect","Concentrate+1","Adrenaline+1","Acrobatics","Dodge and Roll+1","Calculated Gamble","Catalyst+1","Venomology","Backflip+1"],"relics":["Runic Pyramid","Meat on the Bone","Girya","Bronze Scales","Ginger","Astrolabe","Mango","War Paint","Eternal Feather","Philosopher\u0027s Stone","CaptainsWheel","Kunai","Thread and Needle","TwistedFunnel","Anchor"],"acts_visited":["Exordium","TheCity","TheBeyond"],"potions_floor_usage":[13,30,37,45],"damage_taken":[{"damage":8,"enemies":"Small Slimes","floor":1,"turns":4},{"damage":0,"enemies":"Jaw Worm","floor":3,"turns":5},{"damage":0,"enemies":"Cultist","floor":4,"turns":4},{"damage":12,"enemies":"3 Sentries","floor":11,"turns":9},{"damage":8,"enemies":"Lagavulin","floor":13,"turns":5},{"damage":3,"enemies":"The Guardian","floor":16,"turns":8},{"damage":2,"enemies":"2 Thieves","floor":18,"turns":3},{"damage":7,"enemies":"3 Byrds","floor":20,"turns":2},{"damage":11,"enemies":"Snake Plant","floor":22,"turns":4},{"damage":15,"enemies":"Book of Stabbing","floor":28,"turns":5},{"damage":12,"enemies":"Chosen and Byrds","floor":30,"turns":4},{"damage":9,"enemies":"Slavers","floor":31,"turns":3},{"damage":13,"enemies":"Collector","floor":33,"turns":7},{"damage":3,"enemies":"3 Shapes","floor":35,"turns":4},{"damage":6,"enemies":"Orb Walker","floor":36,"turns":4},{"damage":3,"enemies":"2 Orb Walkers","floor":37,"turns":5},{"damage":0,"enemies":"3 Darklings","floor":39,"turns":3},{"damage":1,"enemies":"Nemesis","floor":40,"turns":7},{"damage":0,"enemies":"Reptomancer","floor":45,"turns":5},{"damage":0,"enemies":"Nemesis","floor":47,"turns":5},{"damage":0,"enemies":"Sphere and 2 Shapes","floor":48,"turns":6},{"damage":0,"enemies":"Time Eater","floor":50,"turns":10}],"seed_played":"-5741884725896893511","potions_obtained":[{"floor":1,"key":"BlessingOfTheForge"},{"floor":13,"key":"CunningPotion"},{"floor":16,"key":"EntropicBrew"},{"floor":18,"key":"SteroidPotion"},{"floor":20,"key":"DistilledChaos"},{"floor":28,"key":"GhostInAJar"},{"floor":37,"key":"EssenceOfSteel"},{"floor":40,"key":"Fruit Juice"},{"floor":45,"key":"Poison Potion"}],"is_trial":false,"path_per_floor":["M","?","M","M","?","R","?","R","T","R","E","?","E","$","R","B",null,"M","$","M","?","M","R","$","R","T","R","E","$","M","E","R","B",null,"M","M","?","?","M","E","R","?","T","R","E","$","E","M","R","B",null],"character_chosen":"THE_SILENT","items_purchased":["Corpse Explosion","Noxious Fumes","Footwork","TwistedFunnel"],"campfire_rested":0,"item_purchase_floors":[14,14,19,46],"current_hp_per_floor":[62,67,67,67,52,52,49,49,49,49,49,49,41,41,41,38,75,73,73,66,85,74,74,74,74,88,88,73,73,61,52,64,51,99,96,90,87,87,87,86,99,99,99,99,104,104,104,104,104,104],"gold":92,"neow_bonus":"BOSS_RELIC","is_daily":false,"chose_seed":false,"campfire_upgraded":9,"win_rate":0.0,"timestamp":1609026739,"path_taken":["M","?","M","M","?","R","?","R","T","R","E","?","E","$","R","BOSS","M","$","M","?","M","R","?","R","T","R","E","$","M","E","R","BOSS","M","M","?","?","?","E","R","?","T","R","E","$","E","M","R","BOSS"],"items_purchased_type":["Card","Card","Card","Relic"],"build_version":"2020-12-22","purchased_purges":2,"victory":true,"max_hp_per_floor":[70,75,75,75,75,75,75,75,75,75,75,75,75,75,75,75,75,75,75,75,85,85,85,85,85,99,99,99,99,99,99,99,99,99,99,99,99,99,99,99,99,99,99,99,104,104,104,104,104,104],"relic_stats":{"counters":[22,112],"Bronze Scales":[326],"Astrolabe":["Envenom","Underhanded Strike","Phantasmal Killer"],"Eternal Feather":25,"Ginger":[8],"Kunai":[0],"War Paint":["Defend_G","Defend_G"],"obtain_stats":[{"TwistedFunnel":46,"Girya":9,"Astrolabe":17,"Mango":26,"Eternal Feather":31,"Thread and Needle":45,"Ginger":13,"War Paint":28,"CaptainsWheel":37,"Anchor":47,"Bronze Scales":11,"Philosopher\u0027s Stone":34,"Kunai":40,"Ring of the Snake":0,"Runic Pyramid":0,"Meat on the Bone":7},{"TwistedFunnel":19,"Girya":3,"Astrolabe":6,"Mango":9,"Eternal Feather":12,"Thread and Needle":19,"Ginger":5,"War Paint":10,"CaptainsWheel":16,"Anchor":20,"Bronze Scales":4,"Philosopher\u0027s Stone":13,"Kunai":18,"Ring of the Snake":0,"Runic Pyramid":0,"Meat on the Bone":3},{"TwistedFunnel":91,"Girya":13,"Astrolabe":35,"Mango":44,"Eternal Feather":56,"Thread and Needle":91,"Ginger":27,"War Paint":49,"CaptainsWheel":76,"Anchor":96,"Bronze Scales":22,"Philosopher\u0027s Stone":63,"Kunai":86,"Ring of the Snake":0,"Runic Pyramid":0,"Meat on the Bone":13}],"Meat on the Bone":12},"card_choices":[{"not_picked":["Infinite Blades","Acrobatics"],"picked":"Slice","floor":1},{"not_picked":["Dagger Throw","Accuracy"],"picked":"Deadly Poison","floor":3},{"not_picked":["PiercingWail","Dagger Spray"],"picked":"Catalyst","floor":4},{"not_picked":["Terror","Acrobatics"],"picked":"Underhanded Strike","floor":11},{"not_picked":["Dodge and Roll","Outmaneuver"],"picked":"Glass Knife","floor":13},{"not_picked":["Venomology","Storm of Steel"],"picked":"Wraith Form v2","floor":16},{"not_picked":["Sucker Punch","Finisher"],"picked":"Backflip+1","floor":18},{"not_picked":["PiercingWail","Reflex+1"],"picked":"Footwork","floor":20},{"not_picked":["Quick Slash+1","Deflect"],"picked":"PiercingWail+1","floor":22},{"not_picked":["Glass Knife","Cloak And Dagger","Dagger Spray"],"picked":"SKIP","floor":28},{"not_picked":["Dagger Throw","Underhanded Strike"],"picked":"Deflect","floor":30},{"not_picked":["Well Laid Plans","Slice+1"],"picked":"Concentrate+1","floor":31},{"not_picked":["Venomology","Die Die Die"],"picked":"Adrenaline","floor":33},{"not_picked":["Dagger Spray+1","Slice+1"],"picked":"Acrobatics","floor":35},{"not_picked":["Skewer","Dagger Spray+1"],"picked":"Dodge and Roll+1","floor":36},{"not_picked":["Accuracy+1","Flying Knee+1"],"picked":"Calculated Gamble","floor":37},{"not_picked":["Choke","Riddle With Holes"],"picked":"Catalyst+1","floor":39},{"not_picked":["Bane+1","Infinite Blades","Prepared"],"picked":"SKIP","floor":40},{"not_picked":["Finisher+1","Underhanded Strike","Outmaneuver+1"],"picked":"SKIP","floor":45},{"not_picked":["Deflect","Finisher"],"picked":"Venomology","floor":47},{"not_picked":["Underhanded Strike","Choke+1"],"picked":"Backflip+1","floor":48}],"player_experience":320359,"relics_obtained":[{"floor":9,"key":"Girya"},{"floor":11,"key":"Bronze Scales"},{"floor":13,"key":"Ginger"},{"floor":26,"key":"Mango"},{"floor":28,"key":"War Paint"},{"floor":31,"key":"Eternal Feather"},{"floor":37,"key":"CaptainsWheel"},{"floor":40,"key":"Kunai"},{"floor":45,"key":"Thread and Needle"},{"floor":47,"key":"Anchor"}],"event_choices":[{"damage_healed":0,"gold_gain":0,"player_choice":"Donut","damage_taken":0,"max_hp_gain":5,"max_hp_loss":0,"event_name":"Big Fish","floor":2,"gold_loss":0},{"damage_healed":67,"gold_gain":0,"player_choice":"Upgrade","damage_taken":15,"max_hp_gain":0,"max_hp_loss":75,"event_name":"betterThird:BetterShining","floor":5,"gold_loss":0,"cards_upgraded":["Defend_G","Deadly Poison"]},{"damage_healed":0,"gold_gain":0,"player_choice":"Relic ","damage_taken":3,"max_hp_gain":0,"max_hp_loss":0,"event_name":"betterThird:BetterScrap","floor":7,"gold_loss":0,"cards_obtained":["Flame Barrier"]},{"cards_removed":["Strike_G"],"damage_healed":0,"gold_gain":0,"player_choice":"Purged","damage_taken":0,"max_hp_gain":0,"max_hp_loss":0,"event_name":"Purifier","floor":12,"gold_loss":0},{"cards_removed":["Envenom"],"damage_healed":9,"gold_gain":0,"player_choice":"Offered Rare","damage_taken":0,"max_hp_gain":10,"max_hp_loss":0,"event_name":"Bonfire Elementals","floor":21,"gold_loss":0},{"damage_healed":0,"gold_gain":0,"player_choice":"Fight","damage_taken":0,"max_hp_gain":0,"max_hp_loss":0,"event_name":"Mysterious Sphere","floor":37,"gold_loss":0},{"cards_removed":["Underhanded Strike"],"damage_healed":0,"gold_gain":0,"player_choice":"Purged","damage_taken":0,"max_hp_gain":0,"max_hp_loss":0,"event_name":"Purifier","floor":38,"gold_loss":0},{"damage_healed":0,"gold_gain":0,"player_choice":"3","damage_taken":0,"max_hp_gain":0,"max_hp_loss":0,"event_name":"betterMatch:BetterMatch","floor":42,"gold_loss":0,"cards_obtained":[]}],"is_beta":false,"boss_relics":[{"not_picked":["WristBlade","Velvet Choker"],"picked":"Astrolabe"},{"not_picked":["Empty Cage","Black Star"],"picked":"Philosopher\u0027s Stone"}],"items_purged_floors":[24,46],"is_endless":false,"potions_floor_spawned":[1,13,16,18,20,28,37,40,45,48],"ascension_level":4}}