{"host":"chu2qla6oth0ebqb","time":1609009170,"event":{"mods":["AchievementEnabler","Arknights The Spire","Aspiration","BaseMod","Better Altar","Better Match","Better Sensory Stone","Better Skull","Better Third Choice","BetterRewards","Colored Map","Colored Powertips","Gold Saver","Hermit","Highlight Path","Hubris","Infinite Spire","Minty Spire (QoL Compilation)","Quick Restart","Relic Sorter","Replay The Spire","Spicy Shops","StSLib","SuperFastMode","Synergy Search","The Bug Knight","The Cursed"],"gold_per_floor":[426,376,56,72,83,83,101,101,124,124,124,124,124,143,143,266,266,290,290,290,313,337,375,375,394,394,419,212,212],"floor_reached":28,"playtime":2165,"items_purged":["hermit:Strike_Hermit","hermit:FinalCanter+1"],"score":230,"play_id":"c11d20a1-e36c-41d5-a864-3c934aab4211","local_time":"20201226205930","is_ascension_mode":false,"campfire_choices":[{"data":"hermit:Maintenance","floor":6,"key":"SMITH"},{"data":"hermit:LuckOfTheDraw","floor":8,"key":"SMITH"},{"floor":12,"key":"REST"},{"floor":15,"key":"RECALL"}],"circlet_count":0,"master_deck":["hermit:Strike_Hermit","hermit:Strike_Hermit","hermit:Strike_Hermit","hermit:Defend_Hermit","hermit:Defend_Hermit","hermit:Defend_Hermit","hermit:Snapshot","hermit:Covet","hermit:Maintenance+1","hermit:Grudge+1","hermit:LuckOfTheDraw+1","hermit:Magnum+1","CurseOfTheBell","hermit:Dive+1","hermit:LoneWolf+1","hermit:FlashPowder+1"],"relics":["hermit:Momento","aspiration:Nostalgia","Cracked Core","Membership Card","Pear","Gremlin Food","Golden Idol","Molten Egg 2","Calling Bell","HollowMod:PaleOreRelic","hubris:PeanutButter","CaptainsWheel","WarpedTongs","ats:Originium","Blue Doll","Akabeko","Ice Cream"],"acts_visited":["Exordium","TheCity"],"potions_floor_usage":[25,28,28,28],"damage_taken":[{"damage":6,"enemies":"Jaw Worm","floor":1,"turns":2},{"damage":0,"enemies":"Small Slimes","floor":4,"turns":3},{"damage":0,"enemies":"2 Louse","floor":5,"turns":3},{"damage":13,"enemies":"Exordium Wildlife","floor":7,"turns":4},{"damage":2,"enemies":"Blue Slaver","floor":14,"turns":4},{"damage":40,"enemies":"The Guardian","floor":16,"turns":7},{"damage":27,"enemies":"3 Byrds","floor":18,"turns":7},{"damage":0,"enemies":"Chosen","floor":21,"turns":3},{"damage":2,"enemies":"Centurion and Healer","floor":22,"turns":3},{"damage":47,"enemies":"Nightmare","floor":23,"turns":8},{"damage":13,"enemies":"Snake Plant","floor":25,"turns":4},{"damage":0,"enemies":"3 Cultists","floor":27,"turns":5},{"damage":6,"enemies":"hubris:Merchant","floor":28,"turns":4}],"seed_played":"-7313111741129556759","potions_obtained":[{"floor":1,"key":"FearPotion"},{"floor":4,"key":"Strength Potion"},{"floor":14,"key":"Venom Potion"},{"floor":22,"key":"SteroidPotion"},{"floor":25,"key":"BlessingOfTheForge"},{"floor":27,"key":"CultistPotion"}],"is_trial":false,"path_per_floor":["M","?","$","M","M","R","M","R","T","?","?","R","$","M","R","B",null,"M","?","?","M","M","NM","?","M","T","M","$"],"character_chosen":"HERMIT","items_purchased":["Membership Card","Pear","Ice Cream"],"campfire_rested":1,"item_purchase_floors":[3,3,28],"current_hp_per_floor":[69,69,79,79,79,79,66,66,66,66,66,85,85,83,83,43,85,58,67,67,67,65,18,18,5,5,5,0,0],"gold":212,"neow_bonus":"NOSTALGIA","is_daily":false,"chose_seed":false,"campfire_upgraded":2,"win_rate":0.0,"timestamp":1609009170,"path_taken":["M","?","$","M","M","R","M","R","T","?","?","R","$","?","R","BOSS","M","?","?","?","M","NM","?","?","T","M","$"],"items_purchased_type":["Relic","Relic","Relic"],"build_version":"2020-12-22","purchased_purges":2,"victory":false,"max_hp_per_floor":[75,75,85,85,85,85,85,85,85,85,85,85,85,85,85,85,85,85,85,85,85,85,85,85,85,85,85,85,85],"card_choices":[{"not_picked":["hermit:TrackingShot","hermit:ShadowCloak"],"picked":"hermit:Maintenance","floor":1},{"not_picked":["hermit:Ricochet","hermit:Manifest"],"picked":"hermit:Grudge","floor":4},{"not_picked":["hermit:SprayPray","hermit:Combo","hermit:WideOpen"],"picked":"SKIP","floor":5},{"not_picked":["hermit:SprayPray","hermit:Vantage"],"picked":"hermit:LuckOfTheDraw","floor":7},{"not_picked":["hermit:Enervate+1","hermit:SprayPray+1"],"picked":"hermit:Magnum+1","floor":14},{"not_picked":["hermit:Adapt","hermit:Gambit"],"picked":"hermit:FinalCanter+1","floor":16},{"not_picked":["hermit:Midnight","hermit:Desperado+1"],"picked":"hermit:Dive+1","floor":18},{"not_picked":["hermit:Manifest+1","hermit:Headshot+1","hermit:WideOpen+1"],"picked":"SKIP","floor":21},{"not_picked":["hermit:BodyArmor","hermit:HoleUp","hermit:Spite+1"],"picked":"SKIP","floor":22},{"not_picked":["hermit:Quickdraw+1","hermit:Snipe"],"picked":"hermit:LoneWolf+1","floor":23},{"not_picked":["hermit:Horror","hermit:HighCaliber+1"],"picked":"hermit:FlashPowder+1","floor":25},{"not_picked":["hermit:Coalescence+1","hermit:Dive","hermit:DeadMansHand+1"],"picked":"SKIP","floor":27}],"player_experience":277188,"relics_obtained":[{"floor":9,"key":"Gremlin Food"},{"floor":17,"key":"HollowMod:PaleOreRelic"},{"floor":17,"key":"hubris:PeanutButter"},{"floor":17,"key":"CaptainsWheel"},{"floor":23,"key":"ats:Originium"},{"floor":23,"key":"Blue Doll"},{"floor":26,"key":"Akabeko"}],"event_choices":[{"cards_removed":["hermit:Defend_Hermit"],"damage_healed":0,"gold_gain":0,"player_choice":"Card Removal","damage_taken":0,"max_hp_gain":0,"max_hp_loss":0,"event_name":"The Cleric","floor":2,"gold_loss":50},{"damage_healed":0,"gold_gain":0,"player_choice":"Take Wound","damage_taken":0,"relics_obtained":["Golden Idol"],"max_hp_gain":0,"max_hp_loss":0,"event_name":"Golden Idol","floor":10,"gold_loss":0,"cards_obtained":["Injury"]},{"damage_healed":0,"gold_gain":0,"player_choice":"Rummage","damage_taken":0,"relics_obtained":["WarpedTongs"],"max_hp_gain":0,"max_hp_loss":0,"event_name":"Accursed Blacksmith","floor":20,"gold_loss":0,"cards_obtained":["Pain"]},{"cards_removed":["Pain","Injury","Injury"],"damage_healed":0,"gold_gain":0,"player_choice":"Removed Curses","damage_taken":0,"max_hp_gain":0,"max_hp_loss":0,"event_name":"Fountain of Cleansing","floor":24,"gold_loss":0}],"is_beta":false,"boss_relics":[{"not_picked":["aspiration:SilentSkillbook","aspiration:BursterCore"],"picked":"Calling Bell"}],"items_purged_floors":[3,28],"is_endless":false,"potions_floor_spawned":[1,4,14,22,25,27],"killed_by":"hubris:Merchant","ascension_level":0}}