{"host":"1ic722xnjgzr1rh0","time":1609005321,"event":{"mods":["Act Like it!","BaseMod","BetterRewards","Challenge The Spire","Colored Powertips","Downfall","Gensokyo","KinomotoSakuraMod(木之本樱)","Lobotomy","Minty Spire (QoL Compilation)","Prisma Mod","Quick Restart","RumiaBox-露米娅的神秘盒子","StSLib","WarShipGirlsR/战舰少女R mod","[IsaacMod]以撒尖塔"],"gold_per_floor":[120,120,140,11,70,70,114,114,138,61,112,135,169,169,169,267,267,291,53,62,62,92,385,385,398,398,436,266,301,410,440,440,551,551,579,604,663,663,442,455,177,212,236,236,236,273,327,369,369,453],"floor_reached":51,"playtime":7192,"items_purged":["SpecialBullet","Injury"],"score":1179,"play_id":"75a12e44-23e6-43e3-a60f-32a9d45808b0","local_time":"20201227015521","is_ascension_mode":false,"campfire_choices":[{"floor":49,"key":"RECALL"}],"circlet_count":0,"master_deck":["SpecialBullet","SpecialBullet","SpecialBullet","SpecialBullet","SpecialBullet","SpecialBullet","InformationCode","CentralCode","TrainingCode","MHz","ParadiseLost+1","SpiderBud","Murderer","NakedNest","Wingbeat","ShyLook","Penitence","UniverseFragment","BlackSwan","OldLady","DevaForm+1","Adoration+1","WristCuter","SpecialBullet","ParadiseLost+1","Regret_ego","DisciplinaryCode","Soda","SnowQueen","Mimicry","Twilight","FieryBird","CherryBlossom","Horn+1","Regret_ego+1","Mercenary","Soda"],"relics":["CogitoBucket","HushsDoor","SteamSale","GuppysHead","Lee\u0027s Waffle","Gremlin Horn","Singing Bowl","ZombieArmy","Ginger","Potion Belt","CeramicFish","TheBible","Vajra","MagicDraw4","NineVolt","Unceasing Top","Anchor","Velvet Choker","Habit","Gensokyo:DirgeOfMelancholy","Nunchaku","TheBean","Orichalcum","BelialBook","Tiny Chest","Lantern","DoctorsRemote","Mango","BloodDonationMachine","MagicMushroom","FleshIdol","Kunai","Oddly Smooth Stone","Whetstone","Regal Pillow","Juzu Bracelet","Medical Kit","GodSword1","Strawberry","OrangePellets","Bag of Preparation","SalivaCoin","Pen Nib"],"acts_visited":["Exordium","Gensokyo:Gensokyo","TheBeyond"],"potions_floor_usage":[13,29],"damage_taken":[{"damage":0.0,"enemies":"Gensokyo:Python","floor":1.0,"turns":2.0},{"damage":7,"enemies":"Gensokyo:Gryphon","floor":3,"turns":2},{"damage":22,"enemies":"Hiden Room Battle","floor":5,"turns":4},{"damage":17,"enemies":"Gensokyo:Aya","floor":7,"turns":4},{"damage":4,"enemies":"Gensokyo:Cirno","floor":11,"turns":4},{"damage":1,"enemies":"Gensokyo:3_Fairies","floor":12,"turns":8},{"damage":5,"enemies":"Gensokyo:Aya","floor":13,"turns":3},{"damage":12,"enemies":"Gensokyo:Kokoro","floor":16,"turns":10},{"damage":0,"enemies":"Gensokyo:CosmicMonolith","floor":18,"turns":3},{"damage":4,"enemies":"Gensokyo:Chomper","floor":22,"turns":6},{"damage":0,"enemies":"Gensokyo:Reisen","floor":23,"turns":7},{"damage":40,"enemies":"Gensokyo:Slime_Group","floor":25,"turns":12},{"damage":0,"enemies":"Gensokyo:Tenshi","floor":27,"turns":5},{"damage":0,"enemies":"Gensokyo:Koishi","floor":29,"turns":6},{"damage":0,"enemies":"Gensokyo:Koishi","floor":30,"turns":8},{"damage":2,"enemies":"Gensokyo:Wraith","floor":31,"turns":6},{"damage":4,"enemies":"Gensokyo:Kaguya","floor":33,"turns":11},{"damage":79,"enemies":"3 Darklings","floor":35,"turns":11},{"damage":1,"enemies":"Orb Walker","floor":36,"turns":4},{"damage":1,"enemies":"Hiden Room Battle","floor":37,"turns":2},{"damage":12,"enemies":"Spire Growth","floor":40,"turns":4},{"damage":27,"enemies":"Giant Head","floor":42,"turns":10},{"damage":0,"enemies":"Reptomancer","floor":46,"turns":3},{"damage":10,"enemies":"Transient","floor":47,"turns":5},{"damage":21,"enemies":"Maw","floor":48,"turns":6},{"damage":83,"enemies":"FixerMidnight","floor":50,"turns":17}],"seed_played":"9003071306432463331","potions_obtained":[{"floor":3,"key":"Strength Potion"},{"floor":16,"key":"SkillPotion"},{"floor":31,"key":"GamblersBrew"},{"floor":33,"key":"Explosive Potion"},{"floor":36,"key":"SkillPotion"},{"floor":40,"key":"EssenceOfSteel"},{"floor":47,"key":"SkillPotion"}],"is_trial":false,"path_per_floor":["M","?","M","$","?","R","E","R","T","$","E","M","E","?","R","B",null,"M","COS","?","?","M","E","R","M","T","E","$","E","?","M","R","B",null,"M","M","?","T","$","M","$","E","T","R","?","E","M","M","R","B",null],"character_chosen":"Angela","items_purchased":["Lee\u0027s Waffle","Gremlin Horn","Singing Bowl","ZombieArmy","CeramicFish","NineVolt","Tiny Chest","Lantern","Regret_ego","Regal Pillow","Juzu Bracelet","Medical Kit","GodSword1","Strawberry","OrangePellets"],"campfire_rested":0,"item_purchase_floors":[0,0,0,0,4,10,28,28,28,39,39,39,41,41,41],"current_hp_per_floor":[77,77,72,72,37,37,20,20,20,20,16,17,14,14,14,4,87,89,89,89,89,85,87,87,49,49,49,49,51,69,71,71,83,116,48,48,48,48,48,40,47,42,42,42,42,48,46,36,36,39],"gold":481,"neow_bonus":"","is_daily":false,"chose_seed":false,"campfire_upgraded":0,"win_rate":0.0,"timestamp":1609005321,"path_taken":["M","?","M","$","?","R","E","R","T","?","E","M","E","?","R","BOSS","M","COS","?","?","M","E","R","M","T","E","?","E","?","M","R","BOSS","M","?","?","?","$","M","?","E","T","R","?","E","M","M","R","BOSS"],"items_purchased_type":["Relic","Relic","Relic","Relic","Relic","Relic","Relic","Card","Card","Relic","Relic","Relic","Relic","Relic","Relic"],"build_version":"2020-12-22","purchased_purges":2,"victory":true,"max_hp_per_floor":[77,77,79,79,81,81,81,81,81,81,81,83,85,85,85,87,87,89,89,89,89,89,91,91,93,93,93,93,95,109,109,109,109,116,118,118,118,118,118,120,127,127,127,127,127,129,129,131,131,131],"card_choices":[{"not_picked":[],"picked":"SuicideKing","floor":0.0},{"not_picked":["Scorched","PunishingBird"],"picked":"MHz","floor":1.0},{"not_picked":["Lantern"],"picked":"ParadiseLost","floor":1.0},{"not_picked":["CherryBlossoms","Scarecrow"],"picked":"SpiderBud","floor":3},{"not_picked":["Horn","Pleasure"],"picked":"Singing Bowl","floor":3},{"not_picked":["PunishingBird","QueenBee"],"picked":"Murderer","floor":5},{"not_picked":["Amita","Loneliness"],"picked":"Singing Bowl","floor":5},{"not_picked":["FairyFestival","CrumblingArmor"],"picked":"NakedNest","floor":7},{"not_picked":["SolemnVow"],"picked":"Wingbeat","floor":7},{"not_picked":["Bloodbath","Wellcheers"],"picked":"ShyLook","floor":11},{"not_picked":["FeatherOfHonor"],"picked":"Penitence","floor":11},{"not_picked":["Beak","Discord"],"picked":"Singing Bowl","floor":12},{"not_picked":["Scorched","Bloodbath"],"picked":"UniverseFragment","floor":12},{"not_picked":["VoidDream","QueenOfHatred"],"picked":"BlackSwan","floor":13},{"not_picked":["Beak","Pinks"],"picked":"Singing Bowl","floor":13},{"not_picked":["DaCapo","Justitia"],"picked":"Singing Bowl","floor":16},{"not_picked":["GalaxyChild","OSAHOGD"],"picked":"OldLady","floor":18},{"not_picked":["SomewhereSpear","Amita"],"picked":"Singing Bowl","floor":18},{"not_picked":["Lantern+1"],"picked":"Adoration+1","floor":22},{"not_picked":["Discord"],"picked":"WristCuter","floor":22},{"not_picked":["Tough+1","SoundOfStar"],"picked":"Singing Bowl","floor":23},{"not_picked":["WristCuter","Beak"],"picked":"Singing Bowl","floor":25},{"not_picked":["FeatherOfHonor"],"picked":"ParadiseLost","floor":27},{"not_picked":["MagicBullet","Diffraction"],"picked":"Singing Bowl","floor":29},{"not_picked":["TodaysExpression"],"picked":"Soda","floor":30},{"not_picked":["CherryBlossoms","Freischutz"],"picked":"SnowQueen","floor":31},{"not_picked":["Hornet+1"],"picked":"Mimicry","floor":31},{"not_picked":["Pinks"],"picked":"Twilight","floor":33},{"not_picked":["GalaxyChild","Freischutz"],"picked":"FieryBird","floor":35},{"not_picked":["Soda+1","TodaysExpression"],"picked":"Singing Bowl","floor":35},{"not_picked":["RedEyes"],"picked":"CherryBlossom","floor":36},{"not_picked":["Hypocrisy+1"],"picked":"Horn+1","floor":37},{"not_picked":["SomewhereSpear","RapturousDream+1"],"picked":"Singing Bowl","floor":40},{"not_picked":["Penitence+1"],"picked":"Regret_ego+1","floor":42},{"not_picked":["BigBadWolf","Variant"],"picked":"Mercenary","floor":46},{"not_picked":["WristCuter","Noise"],"picked":"Singing Bowl","floor":46},{"not_picked":["Logging"],"picked":"Soda","floor":47},{"not_picked":["WristCuter+1","Wingbeat+1"],"picked":"Singing Bowl","floor":48}],"player_experience":202643,"relics_obtained":[{"floor":5,"key":"TheBible"},{"floor":5,"key":"Vajra"},{"floor":7,"key":"MagicDraw4"},{"floor":11,"key":"Unceasing Top"},{"floor":13,"key":"Anchor"},{"floor":23,"key":"Nunchaku"},{"floor":26,"key":"TheBean"},{"floor":27,"key":"BelialBook"},{"floor":29,"key":"DoctorsRemote"},{"floor":30,"key":"Mango"},{"floor":30,"key":"BloodDonationMachine"},{"floor":37,"key":"Kunai"},{"floor":37,"key":"Oddly Smooth Stone"},{"floor":38,"key":"Whetstone"},{"floor":42,"key":"Bag of Preparation"},{"floor":43,"key":"SalivaCoin"},{"floor":46,"key":"Pen Nib"}],"event_choices":[{"damage_healed":0,"gold_gain":0,"player_choice":"Fight","damage_taken":0,"max_hp_gain":0,"max_hp_loss":0,"event_name":"HidenRoomEvent","floor":5,"gold_loss":0},{"damage_healed":0,"gold_gain":0,"player_choice":"Fight","damage_taken":0,"max_hp_gain":0,"max_hp_loss":0,"event_name":"HidenRoomEvent","floor":37,"gold_loss":0},{"cards_removed":["SuicideKing"],"damage_healed":0,"gold_gain":0,"player_choice":"Purged","damage_taken":0,"max_hp_gain":0,"max_hp_loss":0,"event_name":"Purifier","floor":45,"gold_loss":0}],"is_beta":false,"boss_relics":[{"not_picked":["Ectoplasm","Astrolabe"],"picked":"Velvet Choker"},{"not_picked":[]},{"not_picked":["Tiny House","Sozu"],"picked":"MagicMushroom"},{"not_picked":[]}],"items_purged_floors":[0,4],"is_endless":false,"potions_floor_spawned":[3,16,31,33,36,40,47,48],"ascension_level":0}}