{"host":"f5gffvlv6a66yqkd","time":1609023567,"event":{"mods":["2.2 Compatiblity","BaseMod","Colored Map","DeckTracker","Keyboard Shortcuts","Minty Spire (QoL Compilation)","Permanent Neow","Quick Restart","Relic Stats","StSLib","SuperFastMode"],"gold_per_floor":[116,116,136,136,186,186,199,199,199,233,233,248,39,53,53,149,149,69,87,87,106,106,106,6,6,60,60,4,54,70,89,89,182,182,196,196,196,262,262,262,89,89,89,14,14,57,77,102,102,102,102],"floor_reached":50,"playtime":1642,"items_purged":["Defend_B","Strike_B"],"score":1053,"play_id":"8567bc86-9043-499a-9c86-14fe8c7db0ef","local_time":"20201227075927","is_ascension_mode":true,"campfire_choices":[{"data":"Defragment","floor":6.0,"key":"SMITH"},{"floor":8.0,"key":"REST"},{"data":"Biased Cognition","floor":11.0,"key":"SMITH"},{"data":"Blizzard","floor":15.0,"key":"SMITH"},{"data":"Fission","floor":23.0,"key":"SMITH"},{"data":"Barrage","floor":25.0,"key":"SMITH"},{"data":"Zap","floor":27.0,"key":"SMITH"},{"data":"Go for the Eyes","floor":32.0,"key":"SMITH"},{"floor":40.0,"key":"REST"},{"floor":42.0,"key":"REST"},{"floor":45.0,"key":"RECALL"},{"floor":49,"key":"REST"}],"circlet_count":0,"master_deck":["AscendersBane","Strike_B","Strike_B","Defend_B","Defend_B","Defend_B","Zap+1","Dualcast","Biased Cognition+1","Glacier","Defragment+1","Ball Lightning","Blizzard+1","Fission+1","Barrage+1","Skim+1","Coolheaded","Go for the Eyes+1","Core Surge","Storm+1","Secret Weapon","Impatience","Doubt"],"relics":["Cracked Core","Golden Idol","Ice Cream","Orichalcum","Cursed Key","Nuclear Battery","TungstenRod","Medical Kit","FossilizedHelix","Letter Opener"],"acts_visited":["Exordium","TheCity","TheBeyond"],"potions_floor_usage":[],"damage_taken":[{"damage":7.0,"enemies":"Jaw Worm","floor":1.0,"turns":3.0},{"damage":0.0,"enemies":"2 Louse","floor":3.0,"turns":3.0},{"damage":0.0,"enemies":"Cultist","floor":7.0,"turns":4.0},{"damage":4.0,"enemies":"Lagavulin","floor":10.0,"turns":9.0},{"damage":5.0,"enemies":"Exordium Wildlife","floor":12.0,"turns":6.0},{"damage":18.0,"enemies":"Lots of Slimes","floor":14.0,"turns":5.0},{"damage":0.0,"enemies":"The Guardian","floor":16.0,"turns":12.0},{"damage":0.0,"enemies":"2 Thieves","floor":18.0,"turns":4.0},{"damage":7.0,"enemies":"3 Byrds","floor":19.0,"turns":4.0},{"damage":8.0,"enemies":"Centurion and Healer","floor":21.0,"turns":9.0},{"damage":16.0,"enemies":"Snake Plant","floor":30.0,"turns":3.0},{"damage":10.0,"enemies":"Shelled Parasite and Fungi","floor":31.0,"turns":5.0},{"damage":27.0,"enemies":"Champ","floor":33.0,"turns":12.0},{"damage":18.0,"enemies":"3 Darklings","floor":35.0,"turns":4.0},{"damage":19.0,"enemies":"2 Orb Walkers","floor":38.0,"turns":5.0},{"damage":44.0,"enemies":"Reptomancer","floor":46.0,"turns":9.0},{"damage":0.0,"enemies":"Orb Walker","floor":47.0,"turns":2.0},{"damage":0,"enemies":"Maw","floor":48,"turns":7},{"damage":34,"enemies":"Donu and Deca","floor":50,"turns":5}],"seed_played":"-836231913444260838","potions_obtained":[{"floor":1.0,"key":"FearPotion"},{"floor":10.0,"key":"AttackPotion"},{"floor":12.0,"key":"LiquidMemories"},{"floor":16.0,"key":"Regen Potion"},{"floor":19.0,"key":"Ancient Potion"},{"floor":31.0,"key":"FocusPotion"},{"floor":33.0,"key":"DuplicationPotion"},{"floor":47.0,"key":"Energy Potion"}],"is_trial":false,"path_per_floor":["M","?","M","?","?","R","M","R","T","E","R","M","$","M","R","B",null,"M","M","?","M","?","R","$","R","T","R","$","?","M","M","R","B",null,"M","?","?","?","?","R","$","R","T","?","R","E","M","M","R","B"],"character_chosen":"DEFECT","items_purchased":["Ball Lightning","Blizzard","Coolheaded","Medical Kit"],"campfire_rested":4,"item_purchase_floors":[13,13,28,41],"current_hp_per_floor":[57,33,33,26,26,26,26,47,47,43,43,38,38,20,20,20,58,58,51,51,43,71,71,71,71,71,71,71,71,55,57,57,30,61,43,43,33,14,14,34,34,54,54,54,54,10,10,10,30,0,0],"gold":102,"neow_bonus":"ONE_RANDOM_RARE_CARD","is_daily":false,"chose_seed":false,"campfire_upgraded":7,"win_rate":0.0,"timestamp":1609023567,"path_taken":["M","?","M","?","?","R","M","R","T","E","R","M","$","M","R","BOSS","M","?","?","?","?","R","?","R","T","R","$","?","M","M","R","BOSS","M","?","?","?","?","R","$","R","T","?","R","E","?","M","R","BOSS"],"items_purchased_type":["Card","Card","Card","Relic"],"build_version":"2020-12-22","purchased_purges":2,"victory":false,"max_hp_per_floor":[71,71,71,71,71,71,71,71,71,71,71,71,71,71,71,71,71,71,71,71,71,71,71,71,71,71,71,71,71,71,71,71,71,71,71,71,71,71,67,67,67,67,67,67,67,67,67,67,67,67,67],"relic_stats":{"counters":[19,111],"Golden Idol":110,"Letter Opener":[61],"Orichalcum":[120],"Cursed Key":2,"Medical Kit":[6],"obtain_stats":[{"Ice Cream":9,"Golden Idol":2,"Letter Opener":46,"Orichalcum":10,"Cracked Core":0,"Cursed Key":17,"Medical Kit":41,"TungstenRod":38,"FossilizedHelix":43,"Nuclear Battery":34},{"Ice Cream":3,"Golden Idol":1,"Letter Opener":16,"Orichalcum":4,"Cracked Core":0,"Cursed Key":7,"Medical Kit":15,"TungstenRod":15,"FossilizedHelix":15,"Nuclear Battery":13},{"Ice Cream":10,"Golden Idol":3,"Letter Opener":97,"Orichalcum":19,"Cracked Core":0,"Cursed Key":42,"Medical Kit":88,"TungstenRod":88,"FossilizedHelix":88,"Nuclear Battery":79}],"TungstenRod":10},"card_choices":[{"not_picked":["Tempest","Rebound"],"picked":"Glacier","floor":1.0},{"not_picked":["Gash","Reprogram"],"picked":"Defragment","floor":3.0},{"not_picked":["Aggregate","Stack"],"picked":"Heatsinks","floor":7.0},{"not_picked":["Go for the Eyes","Fusion","Multi-Cast"],"picked":"SKIP","floor":10.0},{"not_picked":["Hologram","Sunder","Redo"],"picked":"SKIP","floor":12.0},{"not_picked":["Leap","Streamline","Lockon"],"picked":"SKIP","floor":14.0},{"not_picked":["Amplify","Biased Cognition"],"picked":"Fission","floor":16.0},{"not_picked":["Conserve Battery","Cold Snap"],"picked":"Barrage","floor":18.0},{"not_picked":["Conserve Battery","Stack","Ball Lightning"],"picked":"SKIP","floor":19.0},{"not_picked":["Thunder Strike","Turbo"],"picked":"Skim+1","floor":21.0},{"not_picked":["Gash","Barrage"],"picked":"Go for the Eyes","floor":30.0},{"not_picked":["Go for the Eyes","Redo","Cold Snap"],"picked":"SKIP","floor":31.0},{"not_picked":["Hyperbeam","Thunder Strike"],"picked":"Core Surge","floor":33.0},{"not_picked":["Static Discharge","Coolheaded+1"],"picked":"Storm+1","floor":35.0},{"not_picked":["Enlightenment","Discovery"],"picked":"Secret Weapon","floor":37.0},{"not_picked":["Apotheosis","Finesse"],"picked":"Impatience","floor":37.0},{"not_picked":["Auto Shields","Go for the Eyes","Rebound"],"picked":"SKIP","floor":46.0},{"not_picked":["Turbo","Rip and Tear+1","Rebound"],"picked":"SKIP","floor":47.0},{"not_picked":["Go for the Eyes","Leap+1","BootSequence"],"picked":"SKIP","floor":48}],"player_experience":1490461,"relics_obtained":[{"floor":9.0,"key":"Ice Cream"},{"floor":10.0,"key":"Orichalcum"},{"floor":38.0,"key":"TungstenRod"},{"floor":43.0,"key":"FossilizedHelix"},{"floor":46.0,"key":"Letter Opener"}],"event_choices":[{"damage_healed":0.0,"max_hp_gain":0.0,"max_hp_loss":0.0,"gold_gain":0.0,"event_name":"Golden Idol","player_choice":"Take Damage","floor":2.0,"gold_loss":0.0,"damage_taken":24.0,"relics_obtained":["Golden Idol"]},{"cards_removed":["Strike_B"],"damage_healed":0.0,"max_hp_gain":0.0,"max_hp_loss":0.0,"gold_gain":0.0,"event_name":"Golden Wing","player_choice":"Card Removal","floor":4.0,"gold_loss":0.0,"damage_taken":7.0},{"damage_healed":0.0,"max_hp_gain":0.0,"max_hp_loss":0.0,"gold_gain":50.0,"event_name":"Golden Shrine","player_choice":"Pray","floor":5.0,"gold_loss":0.0,"damage_taken":0.0},{"damage_healed":0.0,"max_hp_gain":0.0,"max_hp_loss":0.0,"gold_gain":0.0,"event_name":"Lab","player_choice":"Got Potions","floor":20.0,"gold_loss":0.0,"damage_taken":0.0},{"cards_removed":["Heatsinks"],"damage_healed":28.0,"max_hp_gain":0.0,"max_hp_loss":0.0,"gold_gain":0.0,"event_name":"Bonfire Elementals","player_choice":"Offered Uncommon","floor":22.0,"gold_loss":0.0,"damage_taken":0.0},{"damage_healed":0.0,"max_hp_gain":0.0,"max_hp_loss":0.0,"gold_gain":50.0,"event_name":"Nest","player_choice":"Stole From Cult","floor":29.0,"gold_loss":0.0,"damage_taken":0.0},{"damage_healed":0.0,"max_hp_gain":0.0,"max_hp_loss":0.0,"gold_gain":0.0,"event_name":"Tomb of Lord Red Mask","player_choice":"Ignored","floor":36.0,"gold_loss":0.0,"damage_taken":0.0},{"damage_healed":0.0,"max_hp_gain":0.0,"max_hp_loss":0.0,"gold_gain":0.0,"event_name":"SensoryStone","player_choice":"Memory 3","floor":37.0,"gold_loss":0.0,"damage_taken":10.0},{"damage_healed":0.0,"max_hp_gain":0.0,"max_hp_loss":0.0,"gold_gain":0.0,"event_name":"Mysterious Sphere","player_choice":"Fight","floor":38.0,"gold_loss":0.0,"damage_taken":0.0},{"damage_healed":0.0,"max_hp_gain":0.0,"max_hp_loss":4.0,"gold_gain":0.0,"event_name":"Winding Halls","player_choice":"Max HP","floor":39.0,"gold_loss":0.0,"damage_taken":0.0},{"cards_removed":["Shame"],"damage_healed":0.0,"max_hp_gain":0.0,"max_hp_loss":0.0,"gold_gain":0.0,"event_name":"Designer","player_choice":"Single Remove","floor":44.0,"gold_loss":75.0,"damage_taken":0.0}],"is_beta":false,"boss_relics":[{"not_picked":["Snecko Eye","Ectoplasm"],"picked":"Cursed Key"},{"not_picked":["FrozenCore","Black Star"],"picked":"Nuclear Battery"}],"items_purged_floors":[13,24],"is_endless":false,"potions_floor_spawned":[1,10,12,16,19,31,33,38,47],"killed_by":"Donu and Deca","ascension_level":20}}