{"host":"sa7ebub27cgn5wai","time":1609000661,"event":{"mods":["BaseMod","Colored Map","Minty Spire (QoL Compilation)","SuperFastMode"],"gold_per_floor":[215,235,247,261,261,261,317,317,317,334,334,352,372,386,386,490,490,503,128,140,65,78,78,89,89,89,105,105,105,135,148,148,252,252,264,264,278,278,278],"floor_reached":38,"playtime":903,"items_purged":["Strike_R"],"score":372,"play_id":"19ff6ca6-8567-4833-9857-9d002da7a19a","local_time":"20201227013741","is_ascension_mode":false,"campfire_choices":[{"data":"Searing Blow","floor":6,"key":"SMITH"},{"data":"Searing Blow+1","floor":8,"key":"SMITH"},{"data":"Searing Blow+2","floor":11,"key":"SMITH"},{"floor":15,"key":"REST"},{"data":"Searing Blow+3","floor":23,"key":"SMITH"},{"data":"Searing Blow+4","floor":25,"key":"SMITH"},{"data":"Searing Blow+5","floor":28,"key":"SMITH"},{"floor":32,"key":"REST"}],"circlet_count":0,"master_deck":["Strike_R","Strike_R","Strike_R","Defend_R","Defend_R","Defend_R","Defend_R","Bash","Spot Weakness","Clash","Searing Blow+6","Bloodletting","Limit Break","Battle Trance","Clash","Offering","Normality","Rupture+1","Double Tap","CurseOfTheBell","Deep Breath"],"relics":["Burning Blood","Matryoshka","Oddly Smooth Stone","Art of War","Boot","Cursed Key","Ice Cream","Toy Ornithopter","Tiny Chest","Red Mask","Calling Bell","Nunchaku","Mercury Hourglass","Shovel"],"acts_visited":["Exordium","TheCity","TheBeyond"],"potions_floor_usage":[16,30,33,33,33],"damage_taken":[{"damage":10,"enemies":"Jaw Worm","floor":1,"turns":5},{"damage":3,"enemies":"Small Slimes","floor":2,"turns":3},{"damage":3,"enemies":"2 Louse","floor":3,"turns":2},{"damage":1,"enemies":"2 Fungi Beasts","floor":4,"turns":4},{"damage":45,"enemies":"Lagavulin Event","floor":7,"turns":6},{"damage":1,"enemies":"3 Louse","floor":10,"turns":3},{"damage":17,"enemies":"Exordium Thugs","floor":12,"turns":4},{"damage":11,"enemies":"Exordium Wildlife","floor":13,"turns":3},{"damage":13,"enemies":"Red Slaver","floor":14,"turns":2},{"damage":12,"enemies":"The Guardian","floor":16,"turns":6},{"damage":13,"enemies":"Shell Parasite","floor":18,"turns":2},{"damage":9,"enemies":"3 Byrds","floor":20,"turns":5},{"damage":18,"enemies":"Snecko","floor":22,"turns":5},{"damage":15,"enemies":"Shelled Parasite and Fungi","floor":24,"turns":2},{"damage":3,"enemies":"Snake Plant","floor":27,"turns":1},{"damage":42,"enemies":"Masked Bandits","floor":30,"turns":4},{"damage":6,"enemies":"Chosen and Byrds","floor":31,"turns":3},{"damage":41,"enemies":"Collector","floor":33,"turns":6},{"damage":38,"enemies":"3 Shapes","floor":35,"turns":6},{"damage":22,"enemies":"3 Darklings","floor":37,"turns":5},{"damage":33,"enemies":"Maw","floor":38,"turns":3}],"seed_played":"-3244632986693972222","potions_obtained":[{"floor":1,"key":"SkillPotion"},{"floor":7,"key":"HeartOfIron"},{"floor":10,"key":"FearPotion"},{"floor":13,"key":"Strength Potion"},{"floor":22,"key":"BloodPotion"},{"floor":30,"key":"EssenceOfSteel"},{"floor":33,"key":"Energy Potion"},{"floor":35,"key":"Ancient Potion"}],"is_trial":false,"path_per_floor":["M","M","M","M","?","R","?","R","T","M","R","M","M","M","R","B",null,"M","$","M","?","M","R","M","R","T","M","R","?","?","M","R","B",null,"M","?","M","M"],"character_chosen":"IRONCLAD","items_purchased":["Ice Cream"],"campfire_rested":2,"item_purchase_floors":[19],"current_hp_per_floor":[76,79,80,80,73,73,34,34,34,39,39,28,23,16,40,34,80,73,73,70,70,58,58,49,49,49,52,52,52,37,37,61,41,80,48,48,32,0,0],"gold":278,"neow_bonus":"HUNDRED_GOLD","is_daily":false,"chose_seed":false,"campfire_upgraded":6,"win_rate":0.0,"timestamp":1609000661,"path_taken":["M","M","M","M","?","R","?","R","T","M","R","M","M","M","R","BOSS","M","$","M","?","M","R","M","R","T","M","R","?","?","M","R","BOSS","M","?","M","M"],"items_purchased_type":["Relic"],"build_version":"2020-12-22","purchased_purges":1,"victory":false,"max_hp_per_floor":[80,80,80,80,80,80,80,80,80,80,80,80,80,80,80,80,80,80,80,80,80,80,80,80,80,80,80,80,80,80,80,80,80,80,80,80,80,80,80],"card_choices":[{"not_picked":["Rampage","Flex"],"picked":"Spot Weakness","floor":1},{"not_picked":["Dual Wield","Clothesline"],"picked":"Clash","floor":2},{"not_picked":["Entrench","Armaments"],"picked":"Searing Blow","floor":3},{"not_picked":["Anger","Searing Blow","Infernal Blade"],"picked":"SKIP","floor":4},{"not_picked":["Anger","Second Wind"],"picked":"Bloodletting","floor":7},{"not_picked":["Dropkick","Disarm"],"picked":"Limit Break","floor":10},{"not_picked":["Cleave","Anger"],"picked":"Battle Trance","floor":12},{"not_picked":["Thunderclap","Intimidate","Heavy Blade"],"picked":"SKIP","floor":13},{"not_picked":["Warcry","Brutality"],"picked":"Clash","floor":14},{"not_picked":["Immolate","Juggernaut"],"picked":"Offering","floor":16},{"not_picked":["Warcry","Havoc","Twin Strike"],"picked":"SKIP","floor":18},{"not_picked":["Thunderclap","Perfected Strike+1","Sentinel"],"picked":"SKIP","floor":20},{"not_picked":["Clash+1","Shrug It Off","Havoc"],"picked":"SKIP","floor":22},{"not_picked":["Clash+1","Shockwave+1","Anger+1"],"picked":"SKIP","floor":24},{"not_picked":["Heavy Blade+1","Rampage","Carnage"],"picked":"SKIP","floor":27},{"not_picked":["Ghostly Armor","Headbutt"],"picked":"Rupture+1","floor":31},{"not_picked":["Exhume","Reaper"],"picked":"Double Tap","floor":33},{"not_picked":["Heavy Blade","Cleave+1","Clothesline+1"],"picked":"SKIP","floor":35},{"not_picked":["Entrench","Carnage","Heavy Blade"],"picked":"SKIP","floor":37}],"player_experience":289779,"relics_obtained":[{"floor":7,"key":"Oddly Smooth Stone"},{"floor":9,"key":"Art of War"},{"floor":9,"key":"Boot"},{"floor":26,"key":"Toy Ornithopter"},{"floor":26,"key":"Tiny Chest"},{"floor":30,"key":"Red Mask"},{"floor":34,"key":"Nunchaku"},{"floor":34,"key":"Mercury Hourglass"},{"floor":34,"key":"Shovel"}],"event_choices":[{"damage_healed":0,"gold_gain":0,"player_choice":"Success","damage_taken":7,"relics_obtained":["Matryoshka"],"max_hp_gain":0,"max_hp_loss":0,"event_name":"Scrap Ooze","floor":5,"gold_loss":0},{"damage_healed":0,"gold_gain":0,"player_choice":"Searched \u00271\u0027 times","damage_taken":0,"max_hp_gain":0,"max_hp_loss":0,"event_name":"Dead Adventurer","floor":7,"gold_loss":0},{"cards_removed":["Strike_R"],"damage_healed":0,"gold_gain":0,"player_choice":"Gave Gold","damage_taken":0,"max_hp_gain":0,"max_hp_loss":0,"event_name":"Beggar","floor":21,"gold_loss":75},{"damage_healed":0,"gold_gain":0,"player_choice":"Ignored","damage_taken":0,"max_hp_gain":0,"max_hp_loss":0,"event_name":"Vampires","floor":29,"gold_loss":0},{"damage_healed":0,"gold_gain":0,"player_choice":"Fought Bandits","damage_taken":0,"max_hp_gain":0,"max_hp_loss":0,"event_name":"Masked Bandits","floor":30,"gold_loss":0},{"damage_healed":0,"gold_gain":0,"player_choice":"1 cards matched","damage_taken":0,"max_hp_gain":0,"max_hp_loss":0,"event_name":"Match and Keep!","floor":36,"gold_loss":0,"cards_obtained":["Deep Breath"]}],"is_beta":false,"boss_relics":[{"not_picked":["Empty Cage","Mark of Pain"],"picked":"Cursed Key"},{"not_picked":["Pandora\u0027s Box","SacredBark"],"picked":"Calling Bell"}],"items_purged_floors":[19],"is_endless":false,"potions_floor_spawned":[1,7,10,13,22,30,31,33,35],"killed_by":"Maw","ascension_level":0}}