{"host":"851hhqouejqwzba1","time":1609001857,"event":{"mods":["BaseMod","Minty Spire (QoL Compilation)","Permanent Neow","Shop Mod","StSLib","óô»ðÖ¸ÄÏ"],"gold_per_floor":[114,189,189,203,219,219,254,254,254,280,291,326,326,340,340,440,440,451,376,224,404,418,71,21,51,101,113,113,130,159,159,159,258,258,275,275,325,341,364,399,246,278,304,11,11,11,46,46,46,46],"floor_reached":51,"playtime":3344,"items_purged":["Defend_G","Strike_G","Defend_G","Defend_G"],"score":1138,"play_id":"179019be-35ee-4de6-b59f-326958337058","local_time":"20201227005737","is_ascension_mode":true,"campfire_choices":[{"data":"Deadly Poison","floor":6.0,"key":"SMITH"},{"floor":8.0,"key":"REST"},{"data":"Venomology","floor":13.0,"key":"SMITH"},{"floor":15.0,"key":"REST"},{"data":"Blur","floor":28.0,"key":"SMITH"},{"data":"Backflip","floor":32.0,"key":"SMITH"},{"data":"Neutralize","floor":46.0,"key":"SMITH"},{"data":"Defend_G","floor":49,"key":"SMITH"}],"circlet_count":0,"master_deck":["Defend_G+1","Survivor+1","Neutralize+1","Poisoned Stab+1","Tactician+1","Adrenaline+1","Deadly Poison+1","Blur+1","Flying Knee+1","Outmaneuver+1","Venomology+1","After Image+1","Footwork+1","Backflip+1","Bane+1","Sucker Punch+1","Tools of the Trade+1","Dagger Spray+1","Well Laid Plans+1","Noxious Fumes+1","Noxious Fumes+1","Footwork+1"],"relics":["Astrolabe","Molten Egg 2","Frozen Egg 2","Snake Skull","Pantograph","SacredBark","Smiling Mask","MealTicket","Happy Flower","Omamori","Pocketwatch","Enchiridion","Calling Bell","War Paint","Mummified Hand","Turnip","WingedGreaves","Pen Nib","Eternal Feather","Potion Belt","Lantern","Ice Cream","Girya"],"acts_visited":["Exordium","TheCity","TheBeyond"],"potions_floor_usage":[50,50,50,50,50,50,50,50,50,50,50,50],"damage_taken":[{"damage":2.0,"enemies":"2 Louse","floor":1.0,"turns":2.0},{"damage":0.0,"enemies":"Jaw Worm","floor":4.0,"turns":3.0},{"damage":0.0,"enemies":"Cultist","floor":5.0,"turns":3.0},{"damage":37.0,"enemies":"3 Sentries","floor":7.0,"turns":10.0},{"damage":1.0,"enemies":"Lagavulin","floor":10.0,"turns":7.0},{"damage":0.0,"enemies":"Exordium Wildlife","floor":11.0,"turns":3.0},{"damage":8.0,"enemies":"Gremlin Nob","floor":12.0,"turns":4.0},{"damage":8.0,"enemies":"Large Slime","floor":14.0,"turns":5.0},{"damage":11.0,"enemies":"Hexaghost","floor":16.0,"turns":8.0},{"damage":2.0,"enemies":"Chosen","floor":18.0,"turns":5.0},{"damage":7.0,"enemies":"2 Thieves","floor":22.0,"turns":5.0},{"damage":0.0,"enemies":"Book of Stabbing","floor":25.0,"turns":6.0},{"damage":7.0,"enemies":"Centurion and Healer","floor":27.0,"turns":5.0},{"damage":0.0,"enemies":"Snecko","floor":29.0,"turns":4.0},{"damage":15.0,"enemies":"Gremlin Leader","floor":30.0,"turns":8.0},{"damage":0.0,"enemies":"Automaton","floor":33.0,"turns":10.0},{"damage":0.0,"enemies":"Orb Walker","floor":35.0,"turns":4.0},{"damage":25.0,"enemies":"2 Orb Walkers","floor":37.0,"turns":7.0},{"damage":6.0,"enemies":"3 Shapes","floor":38.0,"turns":4.0},{"damage":25.0,"enemies":"Nemesis","floor":40.0,"turns":7.0},{"damage":0.0,"enemies":"Reptomancer","floor":42.0,"turns":6.0},{"damage":2,"enemies":"Giant Head","floor":47,"turns":8},{"damage":10,"enemies":"Donu and Deca","floor":50,"turns":7}],"seed_played":"226442971606421552","potions_obtained":[{"floor":7.0,"key":"ColorlessPotion"},{"floor":12.0,"key":"Fire Potion"},{"floor":14.0,"key":"SkillPotion"},{"floor":16.0,"key":"Fire Potion"},{"floor":33.0,"key":"Weak Potion"},{"floor":40.0,"key":"GamblersBrew"},{"floor":47,"key":"EssenceOfSteel"}],"is_trial":false,"path_per_floor":["M","?","?","M","M","R","E","R","T","E","M","E","R","M","R","B",null,"M","?","$","?","M","R","$","E","T","M","R","M","E","?","R","B",null,"M","?","?","M","T","E","R","E","T","R","?","R","E","$","R","B",null],"character_chosen":"THE_SILENT","items_purchased":["Footwork+1","Smiling Mask","MealTicket","EntropicBrew","Ice Cream"],"campfire_rested":2,"item_purchase_floors":[20,23,23,41,44],"current_hp_per_floor":[61,50,50,50,50,50,13,34,34,33,33,25,25,17,38,52,66,64,64,64,45,38,38,53,53,53,46,46,46,31,15,15,40,63,63,63,38,51,51,26,38,38,38,50,50,62,60,66,66,66],"gold":46,"neow_bonus":"BOSS_RELIC","is_daily":false,"chose_seed":false,"campfire_upgraded":6,"win_rate":0.0,"timestamp":1609001857,"path_taken":["M","?","?","M","M","R","E","R","T","E","?","E","R","M","R","BOSS","M","?","$","?","?","R","$","E","T","M","R","M","E","?","R","BOSS","M","?","?","M","?","E","R","E","T","R","?","R","E","$","R","BOSS"],"items_purchased_type":["Card","Relic","Relic","Potion","Relic"],"build_version":"2020-12-22","purchased_purges":4,"victory":true,"max_hp_per_floor":[70,70,70,70,70,70,70,70,70,70,70,70,70,70,70,70,70,70,70,70,70,70,70,70,70,70,70,70,70,70,70,70,70,70,70,66,66,66,66,66,66,66,66,66,66,66,66,66,66,66],"card_choices":[{"not_picked":["Flying Knee","Acrobatics"],"picked":"Deadly Poison","floor":1.0},{"not_picked":["Poisoned Stab","Masterful Stab","Outmaneuver"],"picked":"SKIP","floor":4.0},{"not_picked":["Deadly Poison","Escape Plan"],"picked":"Blur","floor":5.0},{"not_picked":["Masterful Stab+1","Bouncing Flask","Deadly Poison"],"picked":"SKIP","floor":7.0},{"not_picked":["Accuracy+1","Prepared"],"picked":"Flying Knee+1","floor":10.0},{"not_picked":["Escape Plan","Masterful Stab+1"],"picked":"Outmaneuver","floor":11.0},{"not_picked":["Caltrops+1","Acrobatics"],"picked":"Venomology","floor":12.0},{"not_picked":["Dagger Throw+1","Flying Knee+1","Underhanded Strike+1"],"picked":"SKIP","floor":14.0},{"not_picked":["Adrenaline","Glass Knife+1"],"picked":"After Image+1","floor":16.0},{"not_picked":["Choke+1","Dodge and Roll","Poisoned Stab+1"],"picked":"SKIP","floor":18.0},{"not_picked":["Heel Hook+1","Endless Agony+1"],"picked":"Backflip","floor":22.0},{"not_picked":["Underhanded Strike+1","Doppelganger"],"picked":"Bane+1","floor":25.0},{"not_picked":["Flying Knee+1","All Out Attack+1"],"picked":"Sucker Punch+1","floor":27.0},{"not_picked":["Deadly Poison","Blade Dance","Sucker Punch+1"],"picked":"SKIP","floor":29.0},{"not_picked":["Backflip","Flying Knee+1","Storm of Steel"],"picked":"SKIP","floor":30.0},{"not_picked":["Storm of Steel","Grand Finale+1"],"picked":"Tools of the Trade+1","floor":33.0},{"not_picked":["Terror+1","Dodge and Roll"],"picked":"Dagger Spray+1","floor":35.0},{"not_picked":["Deadly Poison","Underhanded Strike+1"],"picked":"Well Laid Plans+1","floor":37.0},{"not_picked":["Deadly Poison","Endless Agony+1"],"picked":"Noxious Fumes+1","floor":38.0},{"not_picked":["Slice+1","Bane+1","Cloak And Dagger"],"picked":"SKIP","floor":40.0},{"not_picked":["Prepared","Dagger Throw+1"],"picked":"Noxious Fumes+1","floor":42.0},{"not_picked":["Concentrate","Cloak And Dagger"],"picked":"Footwork+1","floor":47}],"player_experience":348047,"relics_obtained":[{"floor":7.0,"key":"Molten Egg 2"},{"floor":9.0,"key":"Frozen Egg 2"},{"floor":10.0,"key":"Snake Skull"},{"floor":12.0,"key":"Pantograph"},{"floor":25.0,"key":"Happy Flower"},{"floor":26.0,"key":"Omamori"},{"floor":30.0,"key":"Pocketwatch"},{"floor":31.0,"key":"Enchiridion"},{"floor":34.0,"key":"War Paint"},{"floor":34.0,"key":"Mummified Hand"},{"floor":34.0,"key":"Turnip"},{"floor":37.0,"key":"WingedGreaves"},{"floor":39.0,"key":"Pen Nib"},{"floor":40.0,"key":"Eternal Feather"},{"floor":42.0,"key":"Potion Belt"},{"floor":43.0,"key":"Lantern"},{"floor":47,"key":"Girya"}],"event_choices":[{"damage_healed":0.0,"max_hp_gain":0.0,"max_hp_loss":0.0,"gold_gain":75.0,"event_name":"World of Goop","player_choice":"Gather Gold","floor":2.0,"gold_loss":0.0,"damage_taken":11.0},{"cards_removed":["Defend_G"],"damage_healed":0.0,"max_hp_gain":0.0,"max_hp_loss":0.0,"gold_gain":0.0,"event_name":"Bonfire Elementals","player_choice":"Offered Basic","floor":3.0,"gold_loss":0.0,"damage_taken":0.0},{"cards_removed":["Strike_G"],"damage_healed":0.0,"max_hp_gain":0.0,"max_hp_loss":0.0,"gold_gain":0.0,"event_name":"Beggar","player_choice":"Gave Gold","floor":19.0,"gold_loss":75.0,"damage_taken":0.0},{"damage_healed":0.0,"max_hp_gain":0.0,"max_hp_loss":0.0,"gold_gain":180.0,"event_name":"Knowing Skull","player_choice":"GOLD GOLD ","floor":21.0,"potions_obtained":[],"gold_loss":0.0,"damage_taken":19.0,"cards_obtained":[]},{"damage_healed":0.0,"max_hp_gain":0.0,"max_hp_loss":0.0,"gold_gain":0.0,"event_name":"Cursed Tome","player_choice":"Obtained Book","floor":31.0,"gold_loss":0.0,"damage_taken":16.0},{"damage_healed":0.0,"max_hp_gain":0.0,"max_hp_loss":4.0,"gold_gain":0.0,"event_name":"Winding Halls","player_choice":"Max HP","floor":36.0,"gold_loss":0.0,"damage_taken":0.0},{"damage_healed":0.0,"max_hp_gain":0.0,"max_hp_loss":0.0,"gold_gain":0.0,"event_name":"Mysterious Sphere","player_choice":"Fight","floor":37.0,"gold_loss":0.0,"damage_taken":0.0},{"damage_healed":0.0,"max_hp_gain":0.0,"max_hp_loss":0.0,"gold_gain":0.0,"event_name":"SensoryStone","player_choice":"Memory 1","floor":45.0,"gold_loss":0.0,"damage_taken":0.0}],"is_beta":false,"boss_relics":[{"not_picked":["Ectoplasm","Fusion Hammer"],"picked":"SacredBark"},{"not_picked":["Cursed Key","Pandora\u0027s Box"],"picked":"Calling Bell"}],"items_purged_floors":[20,23,24,41],"is_endless":false,"potions_floor_spawned":[7,12,14,16,18,33,40,47],"ascension_level":6}}