{"host":"hz7oro4zaett5eh9","time":1609009361,"event":{"mods":["BaseMod","BetterRewards","Hubris","Infinite Spire","Minty Spire (QoL Compilation)","Replay The Spire","StSLib","The Jungle"],"gold_per_floor":[113,127,127,139,155,155,182,196,219,246,246,256,256,315,315,419,419,439,456,456,94,107,133,133,133,133,168,168,197,217,230,230,334,334,351,362,382,392,392,392,65,76,76,76,88,14,46,46,46,46,46,46,46,77,77],"floor_reached":56,"playtime":6369,"items_purged":["Delirium"],"score":1733,"play_id":"cf8e9b25-f4b2-4123-94cb-b37f01345e80","local_time":"20201226190241","is_ascension_mode":true,"campfire_choices":[{"data":"Uppercut","floor":6,"key":"SMITH"},{"floor":11,"key":"REST"},{"floor":13,"key":"REST"},{"floor":15,"key":"RECALL"},{"floor":24,"key":"REST"},{"floor":28,"key":"REST"},{"floor":40,"key":"REST"},{"data":"Metallicize","floor":44,"key":"SMITH"},{"data":"Barricade","floor":49,"key":"SMITH"},{"data":"Flame Barrier","floor":52,"key":"SMITH"}],"circlet_count":0,"master_deck":["Strike_R","Strike_R+1","Strike_R","Strike_R","Defend_R","Defend_R+1","Defend_R","Defend_R","Bash","Whirlwind","Run Through","ReplayTheSpireMod:Stacked","Uppercut+1","Flame Barrier+1","Demon Form","Metallicize+1","Juggernaut","Replay:Undeath\u0027s Touch+1","Run Through","Purity","Bash","Inflame","Shrug It Off","Iron Wave","Pommel Strike+1","Eclipse","Sword Boomerang+1","Flame Barrier","Shrug It Off+1","Intimidate","hubris:Wrath","hubris:Fate","Barricade+1","ReplayTheSpireMod:Splinters","m_Survivalism","ReplayTheSpireMod:Private Reserves","Limit Break","infinitespire:SevenWalls","Pommel Strike","Rage+1","Pommel Strike+1","Battle Trance","ReplayTheSpireMod:Black Plague","infinitespire:Execution","Disarm","Battle Trance","Twin Strike"],"relics":["Burning Blood","hubris:GlazedTorus","HandDrill","Gremlin Horn","infinitespire:Golems Mask","Replay:Ringing Soul","ChewingGum","HornCleat","Replay:WaspNest","infinitespire:CheckeredPen","Replay:Towering Pillar of Hats","hubris:IronBody","ReplayTheSpireMod:SealedPack","Shuriken","Another Sword","ReplayTheSpireMod:Spearhead","Eternal Feather"],"acts_visited":["Exordium","TheCity","TheBeyond","TheEnding"],"potions_floor_usage":[16,18,27,42,47,50,55,55],"damage_taken":[{"damage":7,"enemies":"Small Slimes","floor":1,"turns":3},{"damage":14,"enemies":"2 Louse","floor":2,"turns":2},{"damage":5,"enemies":"Cultist","floor":4,"turns":4},{"damage":8,"enemies":"Blue Slaver","floor":5,"turns":4},{"damage":37,"enemies":"3 Sentries","floor":7,"turns":6},{"damage":9,"enemies":"Exordium Thugs","floor":8,"turns":5},{"damage":0,"enemies":"Replay:BlueRogue","floor":10,"turns":6},{"damage":0,"enemies":"Looter","floor":12,"turns":3},{"damage":21,"enemies":"Lagavulin Event","floor":14,"turns":6},{"damage":8,"enemies":"Fading Forest","floor":16,"turns":11},{"damage":12,"enemies":"Spheric Guardian","floor":18,"turns":3},{"damage":14,"enemies":"Shell Parasite","floor":19,"turns":4},{"damage":27,"enemies":"Chosen and Byrds","floor":22,"turns":4},{"damage":24,"enemies":"Replay:Snechameleon","floor":23,"turns":6},{"damage":18,"enemies":"Slavers","floor":27,"turns":4},{"damage":20,"enemies":"Gremlin Leader","floor":29,"turns":5},{"damage":0,"enemies":"Snake Plant","floor":30,"turns":3},{"damage":0,"enemies":"Sentry and Sphere","floor":31,"turns":4},{"damage":26,"enemies":"Champ","floor":33,"turns":8},{"damage":10,"enemies":"3 Darklings","floor":35,"turns":5},{"damage":0,"enemies":"3 Shapes","floor":36,"turns":3},{"damage":46,"enemies":"Spire Growth","floor":37,"turns":6},{"damage":5,"enemies":"Jaw Worm Horde","floor":38,"turns":4},{"damage":19,"enemies":"Writhing Mass","floor":42,"turns":3},{"damage":4,"enemies":"Transient","floor":45,"turns":5},{"damage":21,"enemies":"Reptomancer","floor":47,"turns":4},{"damage":13,"enemies":"Awakened One","floor":50,"turns":8},{"damage":26,"enemies":"Shield and Spear","floor":54,"turns":3},{"damage":82,"enemies":"The Heart","floor":55,"turns":8}],"seed_played":"-413262443687661764","potions_obtained":[{"floor":8,"key":"FearPotion"},{"floor":10,"key":"CultistPotion"},{"floor":12,"key":"Death Potion"},{"floor":16,"key":"Elixir"},{"floor":18,"key":"ElixirPotion"},{"floor":19,"key":"Strength Potion"},{"floor":23,"key":"Adrenaline Potion"},{"floor":27,"key":"SpeedPotion"},{"floor":36,"key":"DuplicationPotion"},{"floor":37,"key":"PowerPotion"},{"floor":47,"key":"SteroidPotion"},{"floor":54,"key":"BlessingOfTheForge"}],"is_trial":false,"path_per_floor":["M","M","?","M","M","R","E","M","T","E","R","M","R","?","R","B",null,"M","M","?","$","M","E","R","?","T","E","R","E","M","M","R","B",null,"M","M","M","M","AVR","R","$","M","T","R","M","$","E","?","R","B",null,"R","$","E","B",null],"character_chosen":"IRONCLAD","items_purchased":["hubris:GlazedTorus","HandDrill","HornCleat","Shrug It Off","Iron Wave","Shuriken","Battle Trance"],"campfire_rested":5,"item_purchase_floors":[0,0,21,21,21,41,46],"current_hp_per_floor":[79,71,55,56,54,54,23,20,20,26,50,56,80,68,68,69,86,83,78,81,84,66,51,82,104,104,95,107,96,105,114,117,100,125,124,131,94,113,116,140,140,130,130,130,132,135,123,123,123,116,149,149,149,129,68],"gold":77,"neow_bonus":"","is_daily":false,"chose_seed":false,"campfire_upgraded":4,"win_rate":0.0,"timestamp":1609009361,"path_taken":["M","M","?","M","M","R","E","M","T","E","R","M","R","?","R","BOSS","M","M","?","$","?","E","R","?","T","E","R","E","M","M","R","BOSS","M","M","M","?","AVR","R","$","M","T","R","M","$","E","?","R","BOSS","R","$","E","BOSS"],"items_purchased_type":["Relic","Relic","Relic","Card","Card","Relic","Card"],"build_version":"2020-12-22","purchased_purges":1,"victory":true,"max_hp_per_floor":[80,80,80,80,80,80,80,80,80,80,80,80,80,83,83,86,86,89,92,95,98,101,104,104,104,104,107,107,110,113,116,119,122,125,128,131,134,137,140,140,140,143,143,143,143,146,149,149,149,149,149,149,149,149,149],"card_choices":[{"not_picked":["Clash","Pommel Strike"],"picked":"Whirlwind","floor":1},{"not_picked":["Blood for Blood","Sword Boomerang"],"picked":"Run Through","floor":2},{"not_picked":["Warcry","Wild Strike"],"picked":"ReplayTheSpireMod:Stacked","floor":4},{"not_picked":["Sentinel","Headbutt"],"picked":"Uppercut","floor":5},{"not_picked":["Exhume","Searing Blow","Hemokinesis"],"picked":"SKIP","floor":7},{"not_picked":["Sword Boomerang","Havoc"],"picked":"Flame Barrier","floor":8},{"not_picked":["Pommel Strike","Heavy Blade"],"picked":"Demon Form","floor":10},{"not_picked":["hubris:ReadiedAction","Havoc","Defy Death"],"picked":"SKIP","floor":12},{"not_picked":["Anger","Replay:Undeath\u0027s Touch"],"picked":"Metallicize","floor":14},{"not_picked":["Offering","Berserk"],"picked":"Juggernaut","floor":16},{"not_picked":["Entrench","Pommel Strike"],"picked":"Replay:Undeath\u0027s Touch+1","floor":18},{"not_picked":["Abandon","Second Wind"],"picked":"Run Through","floor":19},{"not_picked":["True Grit","Searing Blow"],"picked":"Pommel Strike+1","floor":22},{"not_picked":["Replay:Undeath\u0027s Touch","Clash+1"],"picked":"Eclipse","floor":23},{"not_picked":["Fire Breathing+1","Metallicize"],"picked":"Sword Boomerang+1","floor":27},{"not_picked":["hubris:CleavingFinish","Pommel Strike"],"picked":"Flame Barrier","floor":29},{"not_picked":["Perfected Strike","Anger+1"],"picked":"Shrug It Off+1","floor":30},{"not_picked":["Havoc","ReplayTheSpireMod:Strike From Hell"],"picked":"Intimidate","floor":31},{"not_picked":["infinitespire:SevenWalls","infinitespire:FinalStrike"],"picked":"hubris:Fate","floor":32},{"not_picked":["Double Tap","Brutality"],"picked":"Barricade","floor":33},{"not_picked":["Dualcast","hubris:MerchantsHand"],"picked":"m_Survivalism","floor":34},{"not_picked":["Madness","Purity"],"picked":"ReplayTheSpireMod:Private Reserves","floor":34},{"not_picked":["Bludgeon","Replay:Many Hands"],"picked":"Limit Break","floor":34},{"not_picked":["infinitespire:TheBestDefense","infinitespire:DeathsTouch"],"picked":"infinitespire:SevenWalls","floor":34},{"not_picked":["Replay:Undeath\u0027s Touch+1","ReplayTheSpireMod:Strike From Hell"],"picked":"Pommel Strike","floor":35},{"not_picked":["Seeing Red+1","Perfected Strike+1"],"picked":"Rage+1","floor":36},{"not_picked":["Flex","Twin Strike"],"picked":"Pommel Strike+1","floor":37},{"not_picked":["hubris:CleavingFinish","Feel No Pain"],"picked":"Battle Trance","floor":38},{"not_picked":["Blood for Blood","Feed"],"picked":"Disarm","floor":42},{"not_picked":["hubris:CleavingFinish+1","Second Wind+1","Sentinel"],"picked":"SKIP","floor":45},{"not_picked":["Seeing Red+1","Clothesline"],"picked":"Twin Strike","floor":47},{"not_picked":["Sword Boomerang","hubris:ReadiedAction+1","Clothesline"],"picked":"SKIP","floor":54}],"player_experience":598039,"relics_obtained":[{"floor":7,"key":"Gremlin Horn"},{"floor":10,"key":"infinitespire:Golems Mask"},{"floor":14,"key":"Replay:Ringing Soul"},{"floor":23,"key":"Replay:WaspNest"},{"floor":26,"key":"infinitespire:CheckeredPen"},{"floor":27,"key":"Replay:Towering Pillar of Hats"},{"floor":29,"key":"hubris:IronBody"},{"floor":43,"key":"Another Sword"},{"floor":47,"key":"ReplayTheSpireMod:Spearhead"},{"floor":54,"key":"Eternal Feather"}],"event_choices":[{"damage_healed":0,"gold_gain":0,"player_choice":"Entered Light","damage_taken":16,"max_hp_gain":0,"max_hp_loss":0,"event_name":"Shining Light","floor":3,"gold_loss":0,"cards_upgraded":["Defend_R","Strike_R"]},{"damage_healed":0,"gold_gain":0,"player_choice":"Searched \u00271\u0027 times","damage_taken":0,"max_hp_gain":0,"max_hp_loss":0,"event_name":"Dead Adventurer","floor":14,"gold_loss":0},{"damage_healed":0,"gold_gain":0,"player_choice":"3 cards matched","damage_taken":0,"max_hp_gain":0,"max_hp_loss":0,"event_name":"Match and Keep!","floor":20,"gold_loss":0,"cards_obtained":["Purity","Bash","Inflame"]},{"damage_healed":34,"gold_gain":0,"player_choice":"Heal","damage_taken":0,"max_hp_gain":0,"max_hp_loss":0,"event_name":"The Library","floor":25,"gold_loss":0},{"cards_removed":["Strike_R"],"damage_healed":0,"gold_gain":0,"player_choice":"Removed Attack","damage_taken":0,"max_hp_gain":0,"max_hp_loss":0,"event_name":"Falling","floor":48,"gold_loss":0}],"is_beta":false,"boss_relics":[{"not_picked":["hubris:TerracottaHorce","SlaversCollar"],"picked":"ChewingGum"},{"not_picked":["Ring of Chaos","hubris:CrackedHourglass"],"picked":"ReplayTheSpireMod:SealedPack"}],"items_purged_floors":[41],"is_endless":false,"potions_floor_spawned":[8,10,12,16,18,19,23,27,36,37,47,54],"ascension_level":3}}