{"host":"hjkuipvvowcpo8la","time":1609006544,"event":{"mods":["AchievementEnabler","BaseMod","Block Reminder","CapriCore","Colored Map","Colored Powertips","Highlight Path","Minty Spire (QoL Compilation)","Permanent Neow","Quick Restart","Rare Cards Sparkle","StSLib"],"gold_per_floor":[110,110,285,245,264,290,290,315,315,315,13,29,45,60,60,156,206,218,218,29,39,39,70,70,106,180,225,262,262,284,308,308,415,442,464,464,225,244,244,288,313,351,351,351,351,351,29,29,29,29,29,29,12,51,51],"floor_reached":56,"playtime":2670,"items_purged":["Strike_G","Doubt"],"score":1392,"play_id":"d4eb5081-bce4-4240-9331-8cab1a4b64c8","local_time":"20201226191544","is_ascension_mode":true,"campfire_choices":[{"floor":7.0,"key":"REST"},{"data":"Neutralize","floor":10,"key":"SMITH"},{"data":"Deadly Poison","floor":15,"key":"SMITH"},{"data":"Well Laid Plans","floor":24,"key":"SMITH"},{"data":"Noxious Fumes","floor":29,"key":"SMITH"},{"data":"Footwork","floor":32,"key":"SMITH"},{"floor":46,"key":"RECALL"},{"data":"Wraith Form v2","floor":49,"key":"SMITH"},{"data":"Burst","floor":52,"key":"SMITH"}],"circlet_count":0,"master_deck":["Defend_G","Defend_G","Defend_G","Defend_G+1","Survivor","Neutralize+1","Quick Slash","Dagger Throw","Finisher","PiercingWail","Deadly Poison+1","Blade Dance","Well Laid Plans+1","Adrenaline","Footwork+1","Cloak And Dagger","Noxious Fumes+1","PiercingWail","Deadly Poison+1","Necronomicurse","Adrenaline","Backstab+1","Bite+1","Bite+1","Bite+1","Burst+1","Deflect+1","Caltrops","Wraith Form v2+1","Finesse+1","Apotheosis+1","Heel Hook+1","Footwork+1","Die Die Die+1","Footwork","Blur+1","Backflip+1","Dash+1","Skewer+1","Backflip+1","PiercingWail+1"],"relics":["Philosopher\u0027s Stone","Paper Crane","Gremlin Horn","Anchor","Molten Egg 2","PreservedInsect","OrangePellets","Tiny House","Necronomicon","Happy Flower","CeramicFish","Mango","Astrolabe","DollysMirror","Bottled Lightning","Toxic Egg 2","Unceasing Top","Vajra","Bag of Marbles","Turnip"],"acts_visited":["Exordium","TheCity","TheBeyond","TheEnding"],"potions_floor_usage":[16,23,23,41,50,55,55],"damage_taken":[{"damage":1.0,"enemies":"Small Slimes","floor":1.0,"turns":5.0},{"damage":3.0,"enemies":"2 Louse","floor":5.0,"turns":4.0},{"damage":11.0,"enemies":"Gremlin Nob","floor":6.0,"turns":4.0},{"damage":12,"enemies":"3 Sentries","floor":8,"turns":7},{"damage":0,"enemies":"Jaw Worm","floor":12,"turns":3},{"damage":2,"enemies":"Red Slaver","floor":13,"turns":5},{"damage":5,"enemies":"Gremlin Gang","floor":14,"turns":6},{"damage":14,"enemies":"Hexaghost","floor":16,"turns":9},{"damage":22,"enemies":"Spheric Guardian","floor":18,"turns":5},{"damage":0,"enemies":"Chosen","floor":21,"turns":6},{"damage":7,"enemies":"Slavers","floor":23,"turns":3},{"damage":8,"enemies":"Gremlin Leader","floor":25,"turns":5},{"damage":18,"enemies":"Book of Stabbing","floor":28,"turns":5},{"damage":8,"enemies":"Centurion and Healer","floor":30,"turns":7},{"damage":5,"enemies":"Cultist and Chosen","floor":31,"turns":4},{"damage":69,"enemies":"Champ","floor":33,"turns":11},{"damage":1,"enemies":"Orb Walker","floor":35,"turns":3},{"damage":0,"enemies":"3 Shapes","floor":38,"turns":7},{"damage":0,"enemies":"Nemesis","floor":40,"turns":7},{"damage":23,"enemies":"Spire Growth","floor":41,"turns":6},{"damage":16,"enemies":"Reptomancer","floor":42,"turns":8},{"damage":11,"enemies":"Awakened One","floor":50,"turns":16},{"damage":7,"enemies":"Shield and Spear","floor":54,"turns":7},{"damage":65,"enemies":"The Heart","floor":55,"turns":11}],"seed_played":"7101834716263247540","potions_obtained":[{"floor":4.0,"key":"SmokeBomb"},{"floor":4.0,"key":"CunningPotion"},{"floor":4.0,"key":"Poison Potion"},{"floor":6.0,"key":"Energy Potion"},{"floor":8,"key":"GhostInAJar"},{"floor":17,"key":"CunningPotion"},{"floor":18,"key":"SteroidPotion"},{"floor":25,"key":"SteroidPotion"},{"floor":28,"key":"FearPotion"},{"floor":41,"key":"SkillPotion"},{"floor":42,"key":"LiquidMemories"}],"is_trial":false,"path_per_floor":["M","?","?","?","M","E","R","E","T","R","$","M","M","M","R","B",null,"M","?","$","M","?","E","R","E","T","?","E","R","M","M","R","B",null,"M","?","$","M","?","E","M","E","T","?","?","R","$","T","R","B",null,"R","$","E","B",null],"character_chosen":"THE_SILENT","items_purchased":["PreservedInsect","OrangePellets","Noxious Fumes","PiercingWail","DollysMirror","Backflip+1","Dash+1","Vajra","Skewer+1","Backflip+1"],"campfire_rested":1,"item_purchase_floors":[11,11,20,20,37,47,47,47,47,53],"current_hp_per_floor":[69,36,36,36,33,22,43,31,31,31,31,31,29,24,24,10,75,53,53,53,53,37,30,30,22,22,22,30,30,37,44,44,5,66,65,65,65,66,66,66,49,45,45,45,45,45,45,45,45,46,63,63,63,63,4],"gold":51,"neow_bonus":"BOSS_RELIC","is_daily":false,"chose_seed":false,"campfire_upgraded":7,"win_rate":0.0,"timestamp":1609006544,"path_taken":["M","?","?","?","M","E","R","E","T","R","$","?","?","M","R","BOSS","M","?","$","?","?","E","R","E","T","?","E","R","M","M","R","BOSS","M","?","$","M","?","E","?","E","T","?","?","R","?","?","R","BOSS","R","$","E","BOSS"],"items_purchased_type":["Relic","Relic","Card","Card","Relic","Card","Card","Relic","Card","Card"],"build_version":"2020-12-22","purchased_purges":2,"victory":true,"max_hp_per_floor":[70,70,70,70,70,70,70,70,70,70,70,70,70,70,70,70,75,75,75,75,75,75,75,75,75,75,52,66,66,66,66,66,66,66,66,66,66,66,66,66,66,66,66,63,63,63,63,63,63,63,63,63,63,63,63],"card_choices":[{"not_picked":["Dodge and Roll","Acrobatics"],"picked":"Quick Slash","floor":1.0},{"not_picked":["Prepared","Slice"],"picked":"Dagger Throw","floor":5.0},{"not_picked":["Dagger Spray","Doppelganger"],"picked":"Finisher","floor":6.0},{"not_picked":["Eviscerate","Underhanded Strike"],"picked":"PiercingWail","floor":8},{"not_picked":["Backflip","Outmaneuver"],"picked":"Deadly Poison","floor":12},{"not_picked":["Prepared","Choke+1"],"picked":"Blade Dance","floor":13},{"not_picked":["Escape Plan","Deflect"],"picked":"Well Laid Plans","floor":14},{"not_picked":["Doppelganger","Grand Finale+1"],"picked":"Adrenaline","floor":16},{"not_picked":["Tactician","Skewer+1"],"picked":"Footwork","floor":17},{"not_picked":["Quick Slash+1","Slice+1"],"picked":"Cloak And Dagger","floor":18},{"not_picked":["Bane+1","Dagger Spray+1"],"picked":"Deadly Poison+1","floor":21},{"not_picked":["Choke+1","PiercingWail"],"picked":"Adrenaline","floor":23},{"not_picked":["Eviscerate+1","PiercingWail"],"picked":"Backstab+1","floor":25},{"not_picked":["Escape Plan","Deflect"],"picked":"Burst","floor":28},{"not_picked":["Acrobatics","Outmaneuver"],"picked":"Deflect+1","floor":30},{"not_picked":["Acrobatics","Setup+1"],"picked":"Caltrops","floor":31},{"not_picked":["Grand Finale+1","Glass Knife+1"],"picked":"Wraith Form v2","floor":33},{"not_picked":["Blur+1","Slice+1"],"picked":"Predator+1","floor":35},{"not_picked":["Quick Slash+1","Expertise","PiercingWail"],"picked":"SKIP","floor":38},{"not_picked":["Underhanded Strike+1","Caltrops+1"],"picked":"Die Die Die+1","floor":40},{"not_picked":["Deflect+1","Endless Agony+1"],"picked":"Footwork","floor":41},{"not_picked":["Quick Slash+1","Heel Hook+1"],"picked":"Blur+1","floor":42},{"not_picked":["Expertise+1","Tactician+1"],"picked":"PiercingWail+1","floor":54}],"player_experience":251112,"relics_obtained":[{"floor":6.0,"key":"Gremlin Horn"},{"floor":8,"key":"Anchor"},{"floor":9,"key":"Molten Egg 2"},{"floor":22,"key":"Necronomicon"},{"floor":23,"key":"Happy Flower"},{"floor":25,"key":"CeramicFish"},{"floor":28,"key":"Mango"},{"floor":40,"key":"Bottled Lightning"},{"floor":42,"key":"Toxic Egg 2"},{"floor":43,"key":"Unceasing Top"},{"floor":48,"key":"Bag of Marbles"},{"floor":54,"key":"Turnip"}],"event_choices":[{"damage_healed":0.0,"max_hp_gain":0.0,"max_hp_loss":0.0,"gold_gain":0.0,"event_name":"Scrap Ooze","player_choice":"Success","floor":2.0,"gold_loss":0.0,"damage_taken":33.0,"relics_obtained":["Paper Crane"]},{"damage_healed":0.0,"max_hp_gain":0.0,"max_hp_loss":0.0,"gold_gain":175.0,"event_name":"Liars Game","player_choice":"AGREE","floor":3.0,"gold_loss":0.0,"damage_taken":0.0,"cards_obtained":["Doubt"]},{"damage_healed":0.0,"max_hp_gain":0.0,"max_hp_loss":0.0,"gold_gain":0.0,"event_name":"The Woman in Blue","player_choice":"Bought 3 Potions","floor":4.0,"gold_loss":0.0,"damage_taken":0.0},{"damage_healed":0,"gold_gain":0,"player_choice":"Got Potions","damage_taken":0,"max_hp_gain":0,"max_hp_loss":0,"event_name":"Lab","floor":19,"gold_loss":0},{"damage_healed":0,"gold_gain":0,"player_choice":"Obtained Book","damage_taken":16,"max_hp_gain":0,"max_hp_loss":0,"event_name":"Cursed Tome","floor":22,"gold_loss":0},{"damage_healed":0,"gold_gain":0,"player_choice":"Became a vampire","damage_taken":0,"max_hp_gain":0,"max_hp_loss":23,"event_name":"Vampires","floor":27,"gold_loss":0,"cards_obtained":["Bite","Bite","Bite","Bite","Bite"]},{"cards_removed":["Predator"],"damage_healed":0,"gold_gain":0,"player_choice":"Removed Attack","damage_taken":0,"max_hp_gain":0,"max_hp_loss":0,"event_name":"Falling","floor":36,"gold_loss":0},{"damage_healed":0,"gold_gain":0,"player_choice":"Ignored","damage_taken":0,"max_hp_gain":0,"max_hp_loss":0,"event_name":"NoteForYourself","floor":39,"gold_loss":0},{"damage_healed":0,"gold_gain":0,"player_choice":"Max HP","damage_taken":0,"max_hp_gain":0,"max_hp_loss":3,"event_name":"Winding Halls","floor":44,"gold_loss":0},{"damage_healed":0,"gold_gain":0,"player_choice":"Ignored","damage_taken":0,"max_hp_gain":0,"max_hp_loss":0,"event_name":"Tomb of Lord Red Mask","floor":45,"gold_loss":0}],"is_beta":false,"boss_relics":[{"not_picked":["Ectoplasm","Snecko Eye"],"picked":"Tiny House"},{"not_picked":["Busted Crown","Runic Dome"],"picked":"Astrolabe"}],"items_purged_floors":[20,37],"is_endless":false,"potions_floor_spawned":[6,8,14,18,25,28,41,42],"ascension_level":1}}