{"host":"4id8injl4bo2b6ih","time":1609024185,"event":{"mods":["Act Like it!","BaseMod","Better Third Choice","Colored Map","Downfall","Friendly Minions","Highlight Path","Ironclad Rager","Minty Spire (QoL Compilation)","Robot Space Explorer","Shop Mod","Spicy Shops","StSLib","The Necromancer","The Spell Scribe"],"gold_per_floor":[99,114,129,146,162,178,178,205,130,144,173,158,158,190,218,323,323,323,342,342,354,354,354,378,406,506,506,506,506],"floor_reached":28,"playtime":2303,"items_purged":[],"score":373,"play_id":"f95d3917-07a1-4deb-9cd1-a9029478bc3b","local_time":"20201227000945","is_ascension_mode":true,"campfire_choices":[{"data":"sneckomod:UnknownClassRED","floor":1.0,"key":"SMITH"},{"data":"sneckomod:Nope","floor":9.0,"key":"SMITH"},{"data":"sneckomod:Unknown3Cost","floor":13.0,"key":"SMITH"},{"data":"sneckomod:MorePower","floor":18.0,"key":"SMITH"},{"data":"sneckomod:MorePower","floor":23.0,"key":"SMITH"}],"circlet_count":0,"master_deck":["sneckomod:Defend","sneckomod:Defend","sneckomod:Defend","sneckomod:TailWhip","sneckomod:SnekBite","sneckomod:UnknownClassRED+1","sneckomod:UnknownUncommonPower","sneckomod:QuickBite","sneckomod:Nope+1","sneckomod:UnknownStrength","sneckomod:SoulCleanse","sneckomod:Unknown0Cost","sneckomod:UnknownEthereal","sneckomod:UnknownDexterity","sneckomod:Unknown3Cost+1","sneckomod:UnknownStrength","sneckomod:UnknownClassWHITE","sneckomod:MorePower+1","sneckomod:UnknownStrength+1","sneckomod:Unknown0Cost+1","sneckomod:UnknownColorless+1","sneckomod:UnknownClassSCRIBE_BLUE","Shame","sneckomod:UnknownDexterity+1","sneckomod:UnknownClassPURPLE","sneckomod:MorePower+1","sneckomod:UnknownClassROBOT_ORANGE_COLOR","sneckomod:UnknownRareAttack+1","sneckomod:UnknownExhaust+1","sneckomod:IronFang","sneckomod:MorePower","sneckomod:UnknownRareAttack+1","sneckomod:UnknownClassGREEN+1","sneckomod:Bewildered"],"relics":["sneckomod:SneckoSoul","Centennial Puzzle","downfall:HeartBlessingBlue","Peace Pipe","PreservedInsect","Astrolabe","Regal Pillow","Pen Nib","Kunai","MutagenicStrength","sneckomod:BabySnecko"],"acts_visited":["Exordium","TheCity"],"potions_floor_usage":[],"damage_taken":[{"damage":0.0,"enemies":"2 Louse","floor":2.0,"turns":2.0},{"damage":0.0,"enemies":"Jaw Worm","floor":3.0,"turns":1.0},{"damage":0.0,"enemies":"Small Slimes","floor":4.0,"turns":3.0},{"damage":5.0,"enemies":"2 Fungi Beasts","floor":5.0,"turns":3.0},{"damage":0.0,"enemies":"Exordium Thugs","floor":6.0,"turns":3.0},{"damage":42.0,"enemies":"3 Sentries","floor":8.0,"turns":7.0},{"damage":3.0,"enemies":"Blue Slaver","floor":10.0,"turns":4.0},{"damage":11.0,"enemies":"Lagavulin","floor":11.0,"turns":7.0},{"damage":10.0,"enemies":"downfall:FleeingMerchant","floor":12.0,"turns":4.0},{"damage":0.0,"enemies":"Gremlin Nob","floor":14.0,"turns":4.0},{"damage":0.0,"enemies":"3 Louse","floor":15.0,"turns":3.0},{"damage":88.0,"enemies":"downfall:Defect","floor":16.0,"turns":8.0},{"damage":33.0,"enemies":"Chosen","floor":19.0,"turns":8.0},{"damage":12.0,"enemies":"Shell Parasite","floor":21.0,"turns":4.0},{"damage":40.0,"enemies":"Slavers","floor":25.0,"turns":7.0},{"damage":38.0,"enemies":"downfall:Augmenter","floor":26.0,"turns":6.0},{"damage":20,"enemies":"Sentry and Sphere","floor":28,"turns":5}],"seed_played":"-6584044214456054045","potions_obtained":[{"floor":3.0,"key":"Fruit Juice"},{"floor":4.0,"key":"FairyPotion"},{"floor":6.0,"key":"LiquidBronze"},{"floor":15.0,"key":"CultistPotion"},{"floor":16.0,"key":"Strength Potion"}],"is_trial":false,"path_per_floor":["R","M","M","M","M","M","T","E","R","M","E","$","R","E","M","B",null,"R","M","?","M","?","R","T","E","?","?","M"],"character_chosen":"THE_SNECKO","items_purchased":[],"campfire_rested":0,"item_purchase_floors":[],"current_hp_per_floor":[91,92,92,97,93,93,93,52,62,60,57,48,48,49,50,2,117,117,92,92,82,82,82,82,52,19,19,0,0],"gold":506,"neow_bonus":"THREE_CARDS","is_daily":false,"chose_seed":false,"campfire_upgraded":5,"win_rate":0.0,"timestamp":1609024185,"path_taken":["R","M","M","M","M","M","T","E","R","M","E","$","R","E","M","BOSS","R","M","?","M","?","R","T","E","?","?","M"],"items_purchased_type":[],"build_version":"2020-12-22","purchased_purges":0,"victory":false,"max_hp_per_floor":[91,92,92,97,98,98,98,99,109,110,111,112,112,113,114,114,117,117,118,118,120,120,120,120,123,125,125,125,125],"card_choices":[{"not_picked":["sneckomod:DiceCrush","sneckomod:UnknownUncommonSkill"],"picked":"sneckomod:UnknownClassRED","floor":0.0},{"not_picked":["sneckomod:DiceBoulder","sneckomod:UnknownUncommonSkill"],"picked":"sneckomod:UnknownUncommonPower","floor":2.0},{"not_picked":["sneckomod:IronFang","sneckomod:UnknownCommonSkill"],"picked":"sneckomod:QuickBite","floor":3.0},{"not_picked":["sneckomod:RainOfDice","sneckomod:MixItUp"],"picked":"sneckomod:Nope","floor":4.0},{"not_picked":["sneckomod:Nope","sneckomod:WideSting"],"picked":"sneckomod:UnknownStrength","floor":5.0},{"not_picked":["sneckomod:IronFang","sneckomod:SoulDraw"],"picked":"sneckomod:SoulCleanse","floor":6.0},{"not_picked":["sneckomod:PureSnecko","sneckomod:QuickBite"],"picked":"sneckomod:Unknown0Cost","floor":8.0},{"not_picked":["sneckomod:QuickBite","sneckomod:IronFang"],"picked":"sneckomod:UnknownEthereal","floor":10.0},{"not_picked":["sneckomod:UnknownCommonSkill","sneckomod:ImprovisedGuard"],"picked":"sneckomod:UnknownDexterity","floor":11.0},{"not_picked":["sneckomod:DiceCrush","sneckomod:UnknownCommonAttack"],"picked":"sneckomod:Unknown3Cost","floor":12.0},{"not_picked":["sneckomod:WideSting","sneckomod:IronFang"],"picked":"sneckomod:UnknownStrength","floor":14.0},{"not_picked":["sneckomod:UnknownBlock","sneckomod:SoulDraw"],"picked":"sneckomod:UnknownClassWHITE","floor":15.0},{"not_picked":["sneckomod:SoulExchange","sneckomod:UnknownRareAttack"],"picked":"sneckomod:MorePower","floor":16.0},{"not_picked":["sneckomod:UnknownCommonAttack","sneckomod:Unknown1Cost"],"picked":"sneckomod:UnknownClassSCRIBE_BLUE","floor":19.0},{"not_picked":["sneckomod:UnknownStrike+1","sneckomod:UnknownX+1","sneckomod:UnknownCommonAttack+1"],"picked":"SKIP","floor":19.0},{"not_picked":["sneckomod:Unknown1Cost+1","sneckomod:UnknownUncommonSkill+1"],"picked":"sneckomod:UnknownDexterity+1","floor":21.0},{"not_picked":["sneckomod:RainOfDice","sneckomod:UnknownStrike"],"picked":"sneckomod:UnknownClassPURPLE","floor":21.0},{"not_picked":["sneckomod:UnknownBlock","sneckomod:UnknownVulnerable"],"picked":"sneckomod:UnknownClassROBOT_ORANGE_COLOR","floor":25.0},{"not_picked":["sneckomod:UnknownCommonSkill+1","sneckomod:UnknownDexterity+1"],"picked":"sneckomod:UnknownRareAttack+1","floor":25.0},{"not_picked":["sneckomod:UnknownStrength+1","sneckomod:UnknownClassSLIMEBOUND+1"],"picked":"sneckomod:UnknownExhaust+1","floor":25.0},{"not_picked":["sneckomod:UnknownClassSLIMEBOUND+1","sneckomod:Unknown1Cost+1"],"picked":"sneckomod:UnknownRareAttack+1","floor":26.0},{"not_picked":["sneckomod:Unknown+1","sneckomod:UnknownUncommonAttack+1"],"picked":"sneckomod:UnknownClassGREEN+1","floor":26.0}],"player_experience":393868,"relics_obtained":[{"floor":8.0,"key":"Centennial Puzzle"},{"floor":11.0,"key":"Peace Pipe"},{"floor":14.0,"key":"PreservedInsect"},{"floor":24.0,"key":"Pen Nib"},{"floor":25.0,"key":"Kunai"},{"floor":26.0,"key":"MutagenicStrength"}],"event_choices":[{"damage_healed":0.0,"max_hp_gain":0.0,"max_hp_loss":0.0,"gold_gain":0.0,"event_name":"Addict","player_choice":"Stole Relic","floor":20.0,"gold_loss":0.0,"damage_taken":0.0,"relics_obtained":["Regal Pillow"],"cards_obtained":["Shame"]},{"damage_healed":0.0,"max_hp_gain":0.0,"max_hp_loss":0.0,"gold_gain":0.0,"event_name":"The Library","player_choice":"Read","floor":22.0,"gold_loss":0.0,"damage_taken":0.0,"cards_obtained":["sneckomod:MorePower"]}],"is_beta":false,"boss_relics":[{"not_picked":["Coffee Dripper","Black Star"],"picked":"Astrolabe"}],"items_purged_floors":[],"is_endless":false,"potions_floor_spawned":[3,4,6,15,16,19],"killed_by":"Sentry and Sphere","ascension_level":1}}