{"host":"avjwtc49fhlk6kym","time":1609003259,"event":{"mods":["AchievementEnabler","BaseMod","Better Match","Better Note","Better Third Choice","Colored Map","Colored Powertips","Displayed Cursed Tome","Highlight Path","Minty Spire (QoL Compilation)","Permanent Neow","Quick Restart","StSLib"],"gold_per_floor":[111,124,143,143,157,157,191,191,265,265,51,66,66,80,80,180,180,191,116,31,31,31,59,59,79,79,79,92,92,110,124,124,124,124],"floor_reached":33,"playtime":1280,"items_purged":[],"score":294,"play_id":"43ed9e8e-d0e3-4e1b-a0f8-ee7b7dbd406d","local_time":"20201226122059","is_ascension_mode":true,"campfire_choices":[{"floor":6.0,"key":"REST"},{"floor":8.0,"key":"REST"},{"floor":10.0,"key":"REST"},{"data":"Apotheosis","floor":15.0,"key":"SMITH"},{"floor":24.0,"key":"REST"},{"floor":32,"key":"REST"}],"circlet_count":0,"master_deck":["Strike_P","Strike_P","Strike_P","Defend_P","Defend_P","Eruption","Vigilance","Swivel","CrushJoints","InnerPeace","Consecrate","CrushJoints+1","CutThroughFate","Apotheosis+1","ThirdEye","FlurryOfBlows","BattleHymn","LessonLearned","CurseOfTheBell","CutThroughFate+1","WindmillStrike","PathToVictory+1","ClearTheMind","Perseverance+1"],"relics":["PureWater","Torii","Matryoshka","Calling Bell","Smiling Mask","StrikeDummy","FossilizedHelix","Akabeko","Happy Flower","Boot","Omamori","Ice Cream","WarpedTongs"],"acts_visited":["Exordium","TheCity"],"potions_floor_usage":[30],"damage_taken":[{"damage":0.0,"enemies":"Small Slimes","floor":1.0,"turns":2.0},{"damage":0.0,"enemies":"Cultist","floor":2.0,"turns":2.0},{"damage":0.0,"enemies":"2 Louse","floor":3.0,"turns":2.0},{"damage":14.0,"enemies":"Exordium Thugs","floor":5.0,"turns":3.0},{"damage":46.0,"enemies":"3 Sentries","floor":7.0,"turns":9.0},{"damage":0.0,"enemies":"2 Fungi Beasts","floor":12.0,"turns":2.0},{"damage":0.0,"enemies":"Exordium Wildlife","floor":14.0,"turns":2.0},{"damage":29.0,"enemies":"Hexaghost","floor":16.0,"turns":7.0},{"damage":7.0,"enemies":"Shell Parasite","floor":18.0,"turns":5.0},{"damage":43.0,"enemies":"Book of Stabbing","floor":23.0,"turns":5.0},{"damage":7.0,"enemies":"Chosen","floor":25.0,"turns":4.0},{"damage":12,"enemies":"Sentry and Sphere","floor":28,"turns":5},{"damage":11,"enemies":"Centurion and Healer","floor":30,"turns":5},{"damage":0,"enemies":"Snecko","floor":31,"turns":5},{"damage":69,"enemies":"Automaton","floor":33,"turns":6}],"seed_played":"-1536326915067006192","potions_obtained":[{"floor":1.0,"key":"LiquidMemories"},{"floor":5.0,"key":"Dexterity Potion"},{"floor":14.0,"key":"SmokeBomb"},{"floor":16.0,"key":"Swift Potion"},{"floor":18.0,"key":"SteroidPotion"},{"floor":28,"key":"Block Potion"}],"is_trial":false,"path_per_floor":["M","M","M","?","M","R","E","R","T","R","$","M","?","M","R","B",null,"M","?","?","?","$","E","R","M","T","T","M","?","M","M","R","B"],"character_chosen":"WATCHER","items_purchased":["Apotheosis","ThirdEye"],"campfire_rested":5,"item_purchase_floors":[11,11],"current_hp_per_floor":[51,51,51,51,37,58,12,33,33,54,54,54,72,72,72,43,72,65,65,65,65,65,22,43,36,36,36,24,24,13,13,34,0,0],"gold":124,"neow_bonus":"TRANSFORM_TWO_CARDS","is_daily":false,"chose_seed":false,"campfire_upgraded":1,"win_rate":0.0,"timestamp":1609003259,"path_taken":["M","M","M","?","M","R","E","R","T","R","?","M","?","?","R","BOSS","M","?","?","?","$","E","R","M","T","?","?","?","M","?","R","BOSS"],"items_purchased_type":["Card","Card"],"build_version":"2020-12-22","purchased_purges":0,"victory":false,"max_hp_per_floor":[72,72,72,72,72,72,72,72,72,72,72,72,72,72,72,72,72,72,72,72,72,72,72,72,72,72,72,72,72,72,72,72,72,72],"card_choices":[{"not_picked":["SashWhip","Wireheading"],"picked":"InnerPeace","floor":1.0},{"not_picked":["Wireheading","FollowUp"],"picked":"Consecrate","floor":2.0},{"not_picked":["FlyingSleeves","Crescendo"],"picked":"CrushJoints","floor":3.0},{"not_picked":["Nirvana","Fasting2"],"picked":"CutThroughFate","floor":5.0},{"not_picked":["Consecrate","Adaptation"],"picked":"CarveReality","floor":7.0},{"not_picked":["FearNoEvil","Fasting2"],"picked":"FlurryOfBlows","floor":12.0},{"not_picked":["Omniscience","BowlingBash"],"picked":"BattleHymn","floor":14.0},{"not_picked":["Blasphemy","Vault"],"picked":"LessonLearned","floor":16.0},{"not_picked":["SashWhip","EmptyMind+1"],"picked":"CutThroughFate+1","floor":18.0},{"not_picked":["Adaptation+1","SashWhip"],"picked":"WindmillStrike","floor":23.0},{"not_picked":["Conclude","EmptyFist"],"picked":"PathToVictory+1","floor":25},{"not_picked":["FlyingSleeves","SignatureMove"],"picked":"ClearTheMind","floor":28},{"not_picked":["Crescendo","EmptyFist"],"picked":"Perseverance+1","floor":30},{"not_picked":["CutThroughFate","Consecrate","Crescendo"],"picked":"SKIP","floor":31}],"player_experience":368409,"relics_obtained":[{"floor":7.0,"key":"Torii"},{"floor":9.0,"key":"Matryoshka"},{"floor":17.0,"key":"Smiling Mask"},{"floor":17.0,"key":"StrikeDummy"},{"floor":17.0,"key":"FossilizedHelix"},{"floor":23.0,"key":"Happy Flower"},{"floor":26,"key":"Boot"},{"floor":27,"key":"Omamori"},{"floor":27,"key":"Ice Cream"}],"event_choices":[{"damage_healed":0.0,"max_hp_gain":0.0,"max_hp_loss":0.0,"gold_gain":0.0,"event_name":"Upgrade Shrine","player_choice":"Upgraded","floor":4.0,"gold_loss":0.0,"damage_taken":0.0,"cards_upgraded":["CrushJoints"]},{"cards_removed":["CarveReality"],"damage_healed":18.0,"max_hp_gain":0.0,"max_hp_loss":0.0,"gold_gain":0.0,"event_name":"Bonfire Elementals","player_choice":"Offered Uncommon","floor":13.0,"gold_loss":0.0,"damage_taken":0.0},{"cards_removed":["Strike_P"],"damage_healed":0.0,"max_hp_gain":0.0,"max_hp_loss":0.0,"gold_gain":0.0,"event_name":"Beggar","player_choice":"Gave Gold","floor":19.0,"gold_loss":75.0,"damage_taken":0.0},{"damage_healed":0.0,"max_hp_gain":0.0,"max_hp_loss":0.0,"gold_gain":0.0,"event_name":"Addict","player_choice":"Obtained Relic","floor":20.0,"gold_loss":85.0,"damage_taken":0.0,"relics_obtained":["Akabeko"]},{"damage_healed":0.0,"max_hp_gain":0.0,"max_hp_loss":0.0,"gold_gain":0.0,"event_name":"Ghosts","player_choice":"Ignored","floor":21.0,"gold_loss":0.0,"damage_taken":0.0},{"damage_healed":0,"gold_gain":0,"player_choice":"Rummage","damage_taken":0,"relics_obtained":["WarpedTongs"],"max_hp_gain":0,"max_hp_loss":0,"event_name":"Accursed Blacksmith","floor":29,"gold_loss":0,"cards_obtained":["Pain"]}],"is_beta":false,"boss_relics":[{"not_picked":["SlaversCollar","Tiny House"],"picked":"Calling Bell"}],"items_purged_floors":[],"is_endless":false,"potions_floor_spawned":[1,5,14,16,18,28],"killed_by":"Automaton","ascension_level":2}}