{"host":"r4e4q8yhb91dmdr8","time":1609022687,"event":{"mods":["AchievementEnabler","BaseMod","Better Note","Better Skull","Colored Map","Colored Powertips","Duelist Mod","GifTheSpireLib","Highlight Path","Jorbs\u0027s Wanderer Trilogy","Minty Spire (QoL Compilation)","Nova Terra(??·??)","Quick Restart","Random Character Button","Rare Cards Sparkle","Relic Stats","Remove Card Discount Mod","Shop Mod","StSLib","The Alterego","The Death Knight","The Fake Hero","The Marked","The Mystic","The Necromancer","The Wild Card","TheHero","TheWitcher"],"gold_per_floor":[3109,3109,3059,1708,1726,1759,1759,1335,1386,1401,1401,1416,1416,1433,1433,1536,1536,1552,1552,1567,1578,1214,1214,1244,1280,1303,1143,1156,1156,1174,1187,1187,1290,1290,1309,2308,2308,2308],"floor_reached":39,"playtime":4043,"items_purged":["Strike_B"],"score":676,"play_id":"1c4fe40f-7ad0-45c3-8c9e-312ee35654da","local_time":"20201226144447","is_ascension_mode":false,"campfire_choices":[{"data":"Storm","floor":7.0,"key":"SMITH"},{"data":"Auto Shields","floor":11.0,"key":"SMITH"},{"floor":15,"key":"REST"},{"data":"Magnetism","floor":23,"key":"SMITH"},{"data":"Loop","floor":29,"key":"SMITH"},{"data":"Creative AI","floor":32,"key":"SMITH"}],"circlet_count":0,"master_deck":["Defend_B","Defend_B","Defend_B","Zap","Dualcast","Coolheaded","Thinking Ahead","Jack Of All Trades","Doom and Gloom","Coolheaded","Storm+1","Double Energy","Redo","Heatsinks","Auto Shields+1","BootSequence","Heatsinks","Creative AI+1","Streamline","Compile Driver","Static Discharge","Conserve Battery","Magnetism+1","Storm","Self Repair+1","White Noise","Lockon","Secret Technique","Storm","Machine Learning","Ball Lightning","Self Repair+1","Loop+1","Self Repair","Seek","Chill","Thunder Strike","Beam Cell+1"],"relics":["Cracked Core","Frozen Eye","HornCleat","Torii","MerchantsRug","Happy Flower","Membership Card","Thread and Needle","Pen Nib","Omamori","Empty Cage","Toolbox","Anchor","Vajra","Orrery","Coffee Dripper"],"acts_visited":["Exordium","TheCity","TheBeyond"],"potions_floor_usage":[16,16,16,31,33,33],"damage_taken":[{"damage":7.0,"enemies":"Small Slimes","floor":1.0,"turns":4.0},{"damage":11.0,"enemies":"Jaw Worm","floor":5.0,"turns":2.0},{"damage":43.0,"enemies":"Gremlin Nob","floor":6.0,"turns":5.0},{"damage":1.0,"enemies":"2 Louse","floor":10.0,"turns":2.0},{"damage":1.0,"enemies":"Red Slaver","floor":12.0,"turns":3.0},{"damage":6,"enemies":"Exordium Thugs","floor":14,"turns":5},{"damage":8,"enemies":"Hexaghost","floor":16,"turns":14},{"damage":1,"enemies":"Shell Parasite","floor":18,"turns":8},{"damage":11,"enemies":"Spheric Guardian","floor":20,"turns":5},{"damage":1,"enemies":"Centurion and Healer","floor":21,"turns":10},{"damage":18,"enemies":"Book of Stabbing","floor":24,"turns":4},{"damage":12,"enemies":"Cultist and Chosen","floor":25,"turns":5},{"damage":1,"enemies":"Snake Plant","floor":28,"turns":3},{"damage":1,"enemies":"Centurion and Healer","floor":30,"turns":7},{"damage":19,"enemies":"Cultist and Chosen","floor":31,"turns":5},{"damage":45,"enemies":"Automaton","floor":33,"turns":8},{"damage":0,"enemies":"3 Shapes","floor":35,"turns":3},{"damage":60,"enemies":"Time Eater","floor":38,"turns":9}],"seed_played":"-20681419896247120","potions_obtained":[{"floor":1.0,"key":"Block Potion"},{"floor":10.0,"key":"Fruit Juice"},{"floor":12.0,"key":"SneckoOil"},{"floor":21,"key":"SteroidPotion"},{"floor":30,"key":"Energy Potion"},{"floor":31,"key":"Fruit Juice"}],"is_trial":false,"path_per_floor":["M","?","?","$","M","E","R","$","T","M","R","M","?","M","R","B",null,"M","?","M","M","$","R","E","M","T","$","M","R","M","M","R","B",null,"M","?","?","B",null],"character_chosen":"DEFECT","items_purchased":["Frozen Eye","HornCleat","Torii","Thinking Ahead","Jack Of All Trades","Doom and Gloom","Coolheaded","Storm","MerchantsRug","Membership Card","Thread and Needle","Pen Nib","Heatsinks","Magnetism","Storm","Toolbox","Strawberry","EntropicBrew","PotionOfCapacity","Lockon","Secret Technique","Orrery"],"campfire_rested":1,"item_purchase_floors":[4,4,4,4,4,4,4,4,4,8,8,8,8,22,22,22,22,22,22,27,27,27],"current_hp_per_floor":[68,68,68,68,57,14,14,14,14,13,13,12,12,6,28,25,80,79,79,68,67,74,74,56,54,54,54,53,53,79,82,82,47,92,92,92,92,42],"gold":2308,"neow_bonus":"REMOVE_CARD","is_daily":false,"chose_seed":false,"campfire_upgraded":5,"win_rate":0.0,"timestamp":1609022687,"path_taken":["M","?","?","$","M","E","R","$","T","M","R","M","?","?","R","BOSS","M","?","M","M","$","R","E","?","T","$","M","R","M","M","R","BOSS","M","?","?","BOSS"],"items_purchased_type":["Relic","Relic","Relic","Card","Card","Card","Card","Card","Relic","Relic","Relic","Relic","Card","Card","Card","Relic","Relic","Potion","Potion","Card","Card","Relic"],"build_version":"2020-12-22","purchased_purges":1,"victory":true,"max_hp_per_floor":[75,75,75,75,75,75,75,75,75,75,75,75,75,75,75,80,80,80,80,80,80,87,87,87,87,87,87,87,87,87,92,92,92,92,92,92,92,92],"relic_stats":{"Torii":40,"Happy Flower":[30],"counters":[18,102],"Pen Nib":[5],"obtain_stats":[{"MerchantsRug":4,"Torii":4,"Happy Flower":6,"Vajra":26,"Thread and Needle":8,"Pen Nib":8,"Omamori":9,"Empty Cage":17,"Frozen Eye":4,"Anchor":24,"HornCleat":4,"Strawberry":22,"Toolbox":22,"Orrery":27,"Coffee Dripper":34,"Membership Card":8,"Cracked Core":0},{"MerchantsRug":1,"Torii":1,"Happy Flower":3,"Vajra":12,"Thread and Needle":3,"Pen Nib":3,"Omamori":3,"Empty Cage":7,"Frozen Eye":1,"Anchor":11,"HornCleat":1,"Strawberry":10,"Toolbox":10,"Orrery":12,"Coffee Dripper":16,"Membership Card":3,"Cracked Core":0},{"MerchantsRug":4,"Torii":4,"Happy Flower":11,"Vajra":67,"Thread and Needle":11,"Pen Nib":11,"Omamori":11,"Empty Cage":35,"Frozen Eye":4,"Anchor":62,"HornCleat":4,"Strawberry":58,"Toolbox":58,"Orrery":67,"Coffee Dripper":90,"Membership Card":11,"Cracked Core":0}]},"card_choices":[{"not_picked":["Fusion","FTL"],"picked":"Coolheaded","floor":1.0},{"not_picked":["Rip and Tear","Steam"],"picked":"Double Energy","floor":5.0},{"not_picked":["Barrage","Steam"],"picked":"Redo","floor":6.0},{"not_picked":["Go for the Eyes","Hologram"],"picked":"Auto Shields","floor":10.0},{"not_picked":["Steam","Cold Snap"],"picked":"All For One","floor":12.0},{"not_picked":["Melter","Steam"],"picked":"Heatsinks","floor":14},{"not_picked":["Buffer","Thunder Strike"],"picked":"Creative AI","floor":16},{"not_picked":["Sweeping Beam","Steam+1"],"picked":"Streamline","floor":18},{"not_picked":["Reinforced Body+1","Sweeping Beam"],"picked":"Static Discharge","floor":20},{"not_picked":["Beam Cell+1","Leap+1"],"picked":"Conserve Battery","floor":21},{"not_picked":["All For One","Redo+1"],"picked":"Self Repair+1","floor":24},{"not_picked":["Redo","Darkness"],"picked":"White Noise","floor":25},{"not_picked":["Defragment+1","Ball Lightning"],"picked":"Storm","floor":27},{"not_picked":["Chaos","Cold Snap"],"picked":"Machine Learning","floor":27},{"not_picked":["Cold Snap","Stack"],"picked":"Ball Lightning","floor":27},{"not_picked":["Chaos","Gash"],"picked":"Self Repair+1","floor":27},{"not_picked":["Conserve Battery","Consume"],"picked":"Loop","floor":27},{"not_picked":["Redo","Leap"],"picked":"Self Repair","floor":28},{"not_picked":["Redo","Coolheaded"],"picked":"Seek","floor":30},{"not_picked":["Go for the Eyes","Beam Cell"],"picked":"Chill","floor":31},{"not_picked":["Reboot","All For One"],"picked":"Thunder Strike","floor":33},{"not_picked":["BootSequence","Reinforced Body+1"],"picked":"Beam Cell+1","floor":35}],"player_experience":25335,"relics_obtained":[{"floor":6.0,"key":"Happy Flower"},{"floor":9.0,"key":"Omamori"},{"floor":24,"key":"Anchor"},{"floor":26,"key":"Vajra"}],"event_choices":[{"damage_healed":0.0,"max_hp_gain":0.0,"max_hp_loss":0.0,"gold_gain":0.0,"event_name":"Shining Light","player_choice":"Ignored","floor":2.0,"gold_loss":0.0,"damage_taken":0.0},{"cards_removed":["Strike_B"],"damage_healed":0.0,"max_hp_gain":0.0,"max_hp_loss":0.0,"gold_gain":0.0,"event_name":"The Cleric","player_choice":"Card Removal","floor":3.0,"gold_loss":50.0,"damage_taken":0.0},{"damage_healed":0.0,"max_hp_gain":0.0,"max_hp_loss":0.0,"gold_gain":0.0,"event_name":"Match and Keep!","player_choice":"1 cards matched","floor":13.0,"gold_loss":0.0,"damage_taken":0.0,"cards_obtained":["BootSequence"]},{"damage_healed":0,"gold_gain":0,"cards_transformed":["All For One"],"player_choice":"Transformed","damage_taken":0,"max_hp_gain":0,"max_hp_loss":0,"event_name":"Transmorgrifier","floor":19,"gold_loss":0,"cards_obtained":["Compile Driver"]},{"damage_healed":0,"gold_gain":999,"player_choice":"Gold","damage_taken":0,"max_hp_gain":0,"max_hp_loss":0,"event_name":"MindBloom","floor":36,"gold_loss":0,"cards_obtained":["Normality","Normality"]},{"damage_healed":0,"gold_gain":0,"player_choice":"Took Portal","damage_taken":0,"max_hp_gain":0,"max_hp_loss":0,"event_name":"SecretPortal","floor":37,"gold_loss":0}],"is_beta":false,"boss_relics":[{"not_picked":["Runic Pyramid","Inserter"],"picked":"Empty Cage"},{"not_picked":["Velvet Choker","Runic Dome"],"picked":"Coffee Dripper"}],"items_purged_floors":[4],"is_endless":false,"potions_floor_spawned":[1,10,12,21,24,30,31],"ascension_level":0}}