{"host":"p9ipwvgp8zk1gu4u","time":1609008387,"event":{"mods":["Act Like it!","BaseMod","BetterRewards","Block Reminder","Colored Map","Colored Powertips","DeckTracker","Downfall","Gensokyo","Gold Saver","Hermit","Marisa????????","Minty Spire (QoL Compilation)","Nova Terra(??·??)","Relic Filter","Replay The Spire","StSLib","The Alterego","The Bladedancer","The Hierophant","The Servant 0.9.4","TheSwordswoman","Yakumo Yukari mod","Yuri Mod"],"gold_per_floor":[113,113,113,64,76,105,105,105,130,145,145,172,184,215,215,320,420,431,431,317,317,331,360,360,373,400,400,434,447,467,483,483,580,580,596,613,538,538,555,555,555,455,505,516,516,516,545,563,563,563,563],"floor_reached":50,"playtime":5433,"items_purged":["sneckomod:Bewildered","Doubt"],"score":611,"play_id":"8a908c77-3082-4763-bfbb-cf877172afbe","local_time":"20201226134627","is_ascension_mode":true,"campfire_choices":[{"data":"Distraction","floor":7,"key":"SMITH"},{"floor":15,"key":"REST"},{"floor":24,"key":"REST"},{"floor":27,"key":"REST"},{"floor":32,"key":"REST"},{"floor":40,"key":"REST"},{"data":"Burst","floor":46,"key":"SMITH"},{"floor":49,"key":"REST"}],"circlet_count":0,"master_deck":["Strike_G","Strike_G+1","Strike_G","Strike_G","Strike_G+1","Defend_G","Defend_G","Defend_G+1","Defend_G","Defend_G","Survivor","Neutralize","Reflex+1","Slice","Crippling Poison","Backflip","Bane+1","Slice","Noxious Fumes","Leg Sweep","Noxious Fumes","Deflect","Burst+1","Terror","Bane+1","Noxious Fumes","Catalyst+1","Die Die Die","Poisoned Stab+1","Endless Agony+1","Bane+1"],"relics":["Ring of the Snake","ReplayFunnel","Whetstone","Snake Skull","Anchor","Replay:Grab Bag","Replay:Wanted Poster","ChewingGum","Runic Pyramid","HoveringKite","Regal Pillow","War Paint","Lantern","Replay:Mystery Machine","Kintsugi","Replay:Multitool","Ancient Tea Set","Blue Doll"],"acts_visited":["Exordium","TheCity","TheBeyond"],"potions_floor_usage":[16,50,50,50,50,50],"damage_taken":[{"damage":2,"enemies":"Small Slimes","floor":1,"turns":4},{"damage":1,"enemies":"Jaw Worm","floor":5,"turns":3},{"damage":3,"enemies":"Replay:BlueRogue","floor":6,"turns":5},{"damage":4,"enemies":"2 Louse","floor":10,"turns":3},{"damage":18,"enemies":"Gremlin Nob","floor":12,"turns":4},{"damage":1,"enemies":"Looter","floor":13,"turns":5},{"damage":18,"enemies":"Lagavulin","floor":14,"turns":7},{"damage":35,"enemies":"Fading Forest","floor":16,"turns":11},{"damage":15,"enemies":"3 Byrds","floor":18,"turns":5},{"damage":10,"enemies":"2 Thieves","floor":22,"turns":4},{"damage":45,"enemies":"Book of Stabbing","floor":23,"turns":7},{"damage":7,"enemies":"3 Cultists","floor":25,"turns":5},{"damage":21,"enemies":"Slavers","floor":28,"turns":5},{"damage":18,"enemies":"Snake Plant","floor":29,"turns":4},{"damage":4,"enemies":"Cultist and Chosen","floor":30,"turns":5},{"damage":0,"enemies":"Chosen and Byrds","floor":31,"turns":3},{"damage":28,"enemies":"Collector","floor":33,"turns":5},{"damage":18,"enemies":"3 Darklings","floor":35,"turns":4},{"damage":9,"enemies":"Orb Walker","floor":36,"turns":4},{"damage":24,"enemies":"Jaw Worm Horde","floor":39,"turns":5},{"damage":6,"enemies":"4 Shapes","floor":44,"turns":3},{"damage":0,"enemies":"4 Shapes","floor":45,"turns":2},{"damage":4,"enemies":"R_Hoarder","floor":47,"turns":5},{"damage":24,"enemies":"Sphere and 2 Shapes","floor":48,"turns":5},{"damage":76,"enemies":"Awakened One","floor":50,"turns":10}],"seed_played":"-1543213748043863038","potions_obtained":[{"floor":1,"key":"Dexterity Potion"},{"floor":6,"key":"EntropicBrew"},{"floor":10,"key":"SneckoOil"},{"floor":14,"key":"Poison Potion"},{"floor":22,"key":"ColorlessPotion"},{"floor":23,"key":"Toxic Potion"},{"floor":36,"key":"FearPotion"}],"is_trial":false,"path_per_floor":["M","?","?","$","M","E","R","?","T","M","?","E","M","E","R","B",null,"M","?","$","?","M","E","R","M","T","R","E","M","M","M","R","B",null,"M","M","$","?","M","R","T","$","T","M","?","R","E","M","R","B"],"character_chosen":"THE_SILENT","items_purchased":["Bane","Envenom"],"campfire_rested":6,"item_purchase_floors":[4,20],"current_hp_per_floor":[75,75,75,75,74,71,71,71,71,67,72,54,53,35,59,34,82,67,67,67,67,57,12,51,44,44,82,61,43,39,39,78,50,82,64,55,55,55,31,70,70,70,70,64,64,64,60,36,75,0,0],"gold":563,"neow_bonus":"TEN_PERCENT_HP_BONUS","is_daily":false,"chose_seed":false,"campfire_upgraded":2,"win_rate":0.0,"timestamp":1609008387,"path_taken":["M","?","?","?","M","E","R","?","T","M","?","E","?","E","R","BOSS","M","?","?","?","M","E","R","M","T","R","E","M","?","M","R","BOSS","M","M","$","?","M","R","?","$","T","M","?","R","E","M","R","BOSS"],"items_purchased_type":["Card","Card"],"build_version":"2020-12-22","purchased_purges":2,"victory":false,"max_hp_per_floor":[77,77,77,77,77,77,77,77,77,77,82,82,82,82,82,82,82,82,82,82,82,82,82,82,82,82,82,82,82,82,82,82,82,82,82,82,82,82,82,82,82,82,82,82,82,82,82,82,82,82,82],"card_choices":[{"not_picked":["ReplayTheSpireMod:Exploit Weakness","PiercingWail","Sneak Up"],"picked":"SKIP","floor":1},{"not_picked":["Cloak And Dagger","Outmaneuver"],"picked":"Slice","floor":5},{"not_picked":["Dagger Spray","Concentrate"],"picked":"Distraction","floor":6},{"not_picked":["Underhanded Strike","Finisher"],"picked":"Noxious Fumes","floor":10},{"not_picked":["Acrobatics","Flying Knee"],"picked":"Leg Sweep","floor":12},{"not_picked":["Accuracy","Acrobatics"],"picked":"Noxious Fumes","floor":13},{"not_picked":["Concentrate","After Image"],"picked":"Deflect","floor":14},{"not_picked":["A Thousand Cuts","Malaise"],"picked":"Burst","floor":16},{"not_picked":["Dagger Throw","Hidden Blade+1"],"picked":"Poisoned Stab","floor":18},{"not_picked":["ReplayTheSpireMod:Exploit Weakness","Dagger Spray+1"],"picked":"Terror","floor":22},{"not_picked":["PiercingWail","Tactician","Acrobatics+1"],"picked":"SKIP","floor":23},{"not_picked":["Bouncing Flask","Quick Slash"],"picked":"Bane+1","floor":25},{"not_picked":["Hidden Blade","ReplayTheSpireMod:Scrap Shanks"],"picked":"Toxin Wave","floor":28},{"not_picked":["Dagger Spray","Calculated Gamble+1","Quick Slash+1"],"picked":"SKIP","floor":29},{"not_picked":["Blade Dance+1","Cloak And Dagger"],"picked":"Noxious Fumes","floor":30},{"not_picked":["Sucker Punch","ReplayTheSpireMod:Exploit Weakness"],"picked":"Catalyst+1","floor":31},{"not_picked":["A Thousand Cuts","Glass Knife"],"picked":"Die Die Die","floor":33},{"not_picked":["Calculated Gamble+1","Quick Slash+1"],"picked":"Poisoned Stab+1","floor":35},{"not_picked":["Acrobatics+1","Blade Dance+1"],"picked":"Endless Agony+1","floor":36},{"not_picked":["PiercingWail+1","ReplayTheSpireMod:Scrap Shanks","Prepared"],"picked":"SKIP","floor":39},{"not_picked":["Flying Knee+1","Underhanded Strike+1","Prepared+1"],"picked":"SKIP","floor":44},{"not_picked":["Outmaneuver","Deadly Poison"],"picked":"Bane+1","floor":47},{"not_picked":["Well Laid Plans+1","Dagger Throw+1","Reflex+1"],"picked":"SKIP","floor":48}],"player_experience":306407,"relics_obtained":[{"floor":6,"key":"ReplayFunnel"},{"floor":9,"key":"Whetstone"},{"floor":12,"key":"Snake Skull"},{"floor":14,"key":"Anchor"},{"floor":23,"key":"War Paint"},{"floor":26,"key":"Lantern"},{"floor":28,"key":"Replay:Mystery Machine"},{"floor":41,"key":"Replay:Multitool"},{"floor":43,"key":"Ancient Tea Set"},{"floor":47,"key":"Blue Doll"}],"event_choices":[{"damage_healed":0,"gold_gain":0,"player_choice":"Ignored","damage_taken":0,"max_hp_gain":0,"max_hp_loss":0,"event_name":"Golden Idol","floor":3,"gold_loss":0},{"damage_healed":0,"gold_gain":0,"player_choice":"Donut","damage_taken":0,"max_hp_gain":5,"max_hp_loss":0,"event_name":"Big Fish","floor":11,"gold_loss":0},{"damage_healed":0,"gold_gain":0,"player_choice":"Gave Potion","damage_taken":0,"relics_obtained":["Regal Pillow"],"max_hp_gain":0,"max_hp_loss":0,"event_name":"WeMeetAgain","floor":21,"gold_loss":0},{"damage_healed":0,"gold_gain":0,"player_choice":"Ignored","damage_taken":0,"max_hp_gain":0,"max_hp_loss":0,"event_name":"Tomb of Lord Red Mask","floor":38,"gold_loss":0}],"is_beta":false,"boss_relics":[{"not_picked":["Black Star","Sozu"],"picked":"Replay:Grab Bag"},{"not_picked":["Painkiller Herb","Velvet Choker"],"picked":"Replay:Wanted Poster"},{"not_picked":["Replay:Bronze Core","Ectoplasm"],"picked":"ChewingGum"},{"not_picked":["Calling Bell","Empty Cage"],"picked":"Runic Pyramid"},{"not_picked":["Snecko Scales","Pandora\u0027s Box"],"picked":"HoveringKite"},{"not_picked":["Tiny House","Snecko Eye"],"picked":"Kintsugi"}],"items_purged_floors":[37,42],"is_endless":false,"potions_floor_spawned":[1,6,10,14,22,23,25,29,31,36,47],"killed_by":"Awakened One","ascension_level":2}}