{"host":"92108ef2q9tm8rod","time":1609011627,"event":{"mods":["BaseMod","Defuse TimeMaze Blight","Minty Spire (QoL Compilation)","StSLib","The Jungle"],"gold_per_floor":[119,139,64,139,158,158,158,187,187,137,137,150,150,165,165,265,265,283,33,33,33,50,50,50,50,100,134,134,134,134,167,167,270,320,335,335,355,355,78,78,106,132,155,175,175,190,209,209,209,304,304,321,351,365,208,228,228,259,269,295,295,306,306,306,339,339,436,436,454,454,154,172,186,186,186,186,221,46,56,89,101,132,132,230,230,250,94,105,123,143,143,168,168,197,247,247,59,59,59,59,161,161,181,195,208,219,219,252,284,284,316,316,316,331,347,36,36,136,136,147,166,186,36,36,36,62,62,96,0,0,0,0,18,18,123,123,135,185,196,207,207,207,217,236,264,278,203,203,203,220,220,321,321,331,346,425,425,425,454,364,364,397,397,432,444,444,456,456,557,557,571,571,438,455,225,258,258,258,286,286,318,318,334,334,334,434,434,445,357,232,79,79,79,112,112,145,158,0,0,28,42,42,42,42],"floor_reached":203,"playtime":9954,"items_purged":["Dodge and Roll","Poisoned Stab+1","Forethought+1","J.A.X.+1","Backflip+1"],"score":5886,"play_id":"0bf2839d-5385-47ae-bc48-111e7fa88b6e","local_time":"20201226194027","daily_mods":["SealedDeck","Colorless Cards","Heirloom","Time Dilation","Flight"],"is_ascension_mode":false,"campfire_choices":[{"data":"Footwork","floor":6.0,"key":"SMITH"},{"data":"Blind","floor":7.0,"key":"SMITH"},{"data":"Forethought","floor":11.0,"key":"SMITH"},{"data":"Deadly Poison","floor":13.0,"key":"SMITH"},{"data":"Deep Breath","floor":15.0,"key":"SMITH"},{"data":"Blur","floor":23.0,"key":"SMITH"},{"data":"Backflip","floor":24.0,"key":"SMITH"},{"data":"Poisoned Stab","floor":25.0,"key":"SMITH"},{"data":"Bane","floor":28.0,"key":"SMITH"},{"data":"Leg Sweep","floor":29.0,"key":"SMITH"},{"data":"Choke","floor":32.0,"key":"SMITH"},{"floor":40.0,"key":"REST"},{"data":"Madness","floor":49.0,"key":"SMITH"},{"data":"Madness","floor":57.0,"key":"SMITH"},{"floor":63.0,"key":"REST"},{"floor":66.0,"key":"REST"},{"data":"Adrenaline","floor":74.0,"key":"SMITH"},{"data":"Panacea","floor":76.0,"key":"SMITH"},{"floor":83.0,"key":"REST"},{"floor":91.0,"key":"REST"},{"floor":93.0,"key":"REST"},{"data":"Catalyst","floor":98.0,"key":"SMITH"},{"floor":100.0,"key":"REST"},{"floor":110.0,"key":"REST"},{"floor":113.0,"key":"REST"},{"floor":117,"key":"REST"},{"floor":125,"key":"REST"},{"floor":127,"key":"REST"},{"floor":130,"key":"REST"},{"data":"J.A.X.","floor":134,"key":"SMITH"},{"floor":142,"key":"REST"},{"floor":148,"key":"REST"},{"floor":149,"key":"REST"},{"floor":151,"key":"REST"},{"floor":166,"key":"REST"},{"floor":168,"key":"REST"},{"data":"Escape Plan","floor":177,"key":"SMITH"},{"floor":180,"key":"REST"},{"floor":185,"key":"REST"},{"floor":193,"key":"REST"},{"floor":195,"key":"REST"},{"floor":199,"key":"REST"},{"floor":202,"key":"REST"}],"circlet_count":0,"master_deck":["Bane+1","Choke+1","Leg Sweep+1","Deep Breath+1","Blind+1","Blur+1","Footwork+1","Deadly Poison+1","Noxious Fumes+1","Madness+1","Madness+1","Envenom+1","Sadistic Nature+1","Panacea+1","Adrenaline+1","Sadistic Nature+1","Catalyst+1","Heel Hook+1","Panache+1","Panache+1","Escape Plan+1","Adrenaline+1","Blur+1"],"relics":["Ring of the Serpent","Bird Faced Urn","Letter Opener","Incense Burner","SlaversCollar","Vajra","theJungle:BirthdayCakeSlice","Art of War","Frozen Egg 2","Tiny House","ClockworkSouvenir","Dream Catcher","Orichalcum","Boot","WristBlade","Odd Mushroom","Bronze Scales","TwistedFunnel","Omamori","theJungle:ShellPeas","Busted Crown","Snake Skull","Prayer Wheel","Lee\u0027s Waffle","HoveringKite","Bottled Lightning","Membership Card","Nloth\u0027s Gift","Torii","Black Star","DollysMirror","TungstenRod","Matryoshka","Ice Cream","Red Mask"],"acts_visited":["Exordium","Exordium","TheBeyond","Exordium","Exordium","TheBeyond","Exordium","TheCity","TheBeyond","Exordium","Exordium","TheBeyond"],"potions_floor_usage":[122,126,135,145,152,152,169,171,194,196,203,203],"damage_taken":[{"damage":0.0,"enemies":"2 Louse","floor":1.0,"turns":2.0},{"damage":0.0,"enemies":"Small Slimes","floor":2.0,"turns":4.0},{"damage":0.0,"enemies":"Jaw Worm","floor":5.0,"turns":2.0},{"damage":0.0,"enemies":"Lagavulin","floor":8.0,"turns":6.0},{"damage":0.0,"enemies":"Exordium Thugs","floor":12.0,"turns":2.0},{"damage":0.0,"enemies":"3 Louse","floor":14.0,"turns":3.0},{"damage":0.0,"enemies":"The Guardian","floor":16.0,"turns":7.0},{"damage":0.0,"enemies":"theJungle:GiantWrat","floor":18.0,"turns":4.0},{"damage":0.0,"enemies":"theJungle:Flameango_and_Byrd","floor":22.0,"turns":4.0},{"damage":3.0,"enemies":"theJungle:Cassacara","floor":27.0,"turns":5.0},{"damage":0.0,"enemies":"theJungle:2_Phrogs","floor":31.0,"turns":5.0},{"damage":0.0,"enemies":"theJungle:FunGuy","floor":33.0,"turns":7.0},{"damage":0.0,"enemies":"3 Shapes","floor":35.0,"turns":5.0},{"damage":3.0,"enemies":"3 Darklings","floor":37.0,"turns":4.0},{"damage":0.0,"enemies":"Giant Head","floor":41.0,"turns":8.0},{"damage":4.0,"enemies":"Nemesis","floor":42.0,"turns":7.0},{"damage":0.0,"enemies":"Writhing Mass","floor":44.0,"turns":6.0},{"damage":0.0,"enemies":"Maw","floor":46.0,"turns":6.0},{"damage":9.0,"enemies":"4 Shapes","floor":47.0,"turns":5.0},{"damage":0.0,"enemies":"Donu and Deca","floor":50.0,"turns":8.0},{"damage":0.0,"enemies":"Cultist","floor":52.0,"turns":2.0},{"damage":0.0,"enemies":"The Mushroom Lair","floor":53.0,"turns":3.0},{"damage":0.0,"enemies":"2 Louse","floor":54.0,"turns":2.0},{"damage":0.0,"enemies":"Jaw Worm","floor":56.0,"turns":1.0},{"damage":0.0,"enemies":"Lagavulin","floor":58.0,"turns":4.0},{"damage":0.0,"enemies":"Blue Slaver","floor":59.0,"turns":1.0},{"damage":0.0,"enemies":"Gremlin Nob","floor":60.0,"turns":2.0},{"damage":9.0,"enemies":"Large Slime","floor":62.0,"turns":3.0},{"damage":2.0,"enemies":"3 Sentries","floor":65.0,"turns":3.0},{"damage":0.0,"enemies":"Slime Boss","floor":67.0,"turns":3.0},{"damage":0.0,"enemies":"theJungle:Flameango_and_Byrd","floor":69.0,"turns":3.0},{"damage":0.0,"enemies":"theJungle:GiantWrat","floor":72.0,"turns":1.0},{"damage":8.0,"enemies":"theJungle:2_Flameangoes","floor":73.0,"turns":4.0},{"damage":0.0,"enemies":"theJungle:2_Phrogs","floor":77.0,"turns":3.0},{"damage":0.0,"enemies":"theJungle:SlimyTreeVines","floor":79.0,"turns":3.0},{"damage":0.0,"enemies":"theJungle:Cassacara","floor":80.0,"turns":3.0},{"damage":14.0,"enemies":"theJungle:JungleHuntersEncounter","floor":81.0,"turns":4.0},{"damage":0.0,"enemies":"theJungle:2_Phrogs","floor":82.0,"turns":3.0},{"damage":22.0,"enemies":"theJungle:TotemBoss","floor":84.0,"turns":4.0},{"damage":0.0,"enemies":"Orb Walker","floor":86.0,"turns":2.0},{"damage":0.0,"enemies":"3 Shapes","floor":88.0,"turns":1.0},{"damage":0.0,"enemies":"Jaw Worm Horde","floor":89.0,"turns":3.0},{"damage":11.0,"enemies":"Writhing Mass","floor":90.0,"turns":3.0},{"damage":38.0,"enemies":"Nemesis","floor":92.0,"turns":5.0},{"damage":0.0,"enemies":"Giant Head","floor":94.0,"turns":5.0},{"damage":0.0,"enemies":"Mind Bloom Boss Battle","floor":95.0,"turns":2.0},{"damage":30.0,"enemies":"Awakened One","floor":101.0,"turns":7.0},{"damage":0.0,"enemies":"Cultist","floor":103.0,"turns":1.0},{"damage":0.0,"enemies":"Jaw Worm","floor":104.0,"turns":2.0},{"damage":0.0,"enemies":"2 Louse","floor":105.0,"turns":2.0},{"damage":0.0,"enemies":"Looter","floor":106.0,"turns":1.0},{"damage":0.0,"enemies":"Lagavulin","floor":108.0,"turns":2.0},{"damage":0.0,"enemies":"Gremlin Nob","floor":109.0,"turns":2.0},{"damage":0.0,"enemies":"3 Sentries","floor":111.0,"turns":3.0},{"damage":0,"enemies":"Blue Slaver","floor":114,"turns":2},{"damage":9,"enemies":"Red Slaver","floor":115,"turns":2},{"damage":0,"enemies":"The Guardian","floor":118,"turns":4},{"damage":19,"enemies":"Shell Parasite","floor":120,"turns":2},{"damage":53,"enemies":"2 Thieves","floor":121,"turns":3},{"damage":25,"enemies":"Centurion and Healer","floor":122,"turns":2},{"damage":35,"enemies":"Book of Stabbing","floor":126,"turns":3},{"damage":0,"enemies":"Slavers","floor":128,"turns":2},{"damage":0,"enemies":"3 Cultists","floor":133,"turns":3},{"damage":1,"enemies":"Collector","floor":135,"turns":3},{"damage":9,"enemies":"3 Shapes","floor":137,"turns":3},{"damage":0,"enemies":"Mind Bloom Boss Battle","floor":138,"turns":4},{"damage":14,"enemies":"Orb Walker","floor":139,"turns":2},{"damage":0,"enemies":"Maw","floor":140,"turns":4},{"damage":18,"enemies":"Jaw Worm Horde","floor":143,"turns":3},{"damage":25,"enemies":"Spire Growth","floor":144,"turns":3},{"damage":0,"enemies":"Giant Head","floor":145,"turns":5},{"damage":27,"enemies":"Sphere and 2 Shapes","floor":146,"turns":3},{"damage":0,"enemies":"Writhing Mass","floor":150,"turns":3},{"damage":31,"enemies":"Time Eater","floor":152,"turns":9},{"damage":0,"enemies":"Jaw Worm","floor":154,"turns":2},{"damage":0,"enemies":"Small Slimes","floor":155,"turns":2},{"damage":0,"enemies":"Gremlin Nob","floor":159,"turns":2},{"damage":0,"enemies":"3 Sentries","floor":162,"turns":3},{"damage":14,"enemies":"Gremlin Nob","floor":164,"turns":3},{"damage":0,"enemies":"2 Louse","floor":165,"turns":1},{"damage":0,"enemies":"2 Fungi Beasts","floor":167,"turns":2},{"damage":0,"enemies":"Slime Boss","floor":169,"turns":4},{"damage":0,"enemies":"theJungle:5_Spyders","floor":171,"turns":3},{"damage":18,"enemies":"theJungle:Flameango_and_Byrd","floor":174,"turns":2},{"damage":0,"enemies":"theJungle:Cassacara","floor":176,"turns":3},{"damage":0,"enemies":"theJungle:MamaSnecko","floor":179,"turns":3},{"damage":0,"enemies":"theJungle:Cassacara","floor":181,"turns":3},{"damage":0,"enemies":"theJungle:JungleHuntersEncounter","floor":183,"turns":3},{"damage":0,"enemies":"theJungle:QueenSpyder","floor":186,"turns":4},{"damage":21,"enemies":"Orb Walker","floor":188,"turns":3},{"damage":0,"enemies":"Giant Head","floor":194,"turns":5},{"damage":11,"enemies":"Reptomancer","floor":196,"turns":4},{"damage":12,"enemies":"3 Darklings","floor":197,"turns":3},{"damage":0,"enemies":"Giant Head","floor":200,"turns":5},{"damage":0,"enemies":"Sphere and 2 Shapes","floor":201,"turns":3},{"damage":113,"enemies":"Awakened One","floor":203,"turns":3}],"seed_played":"5258678675201660492","potions_obtained":[{"floor":5.0,"key":"Dexterity Potion"},{"floor":8.0,"key":"SkillPotion"},{"floor":14.0,"key":"AttackPotion"},{"floor":27.0,"key":"SteroidPotion"},{"floor":31.0,"key":"Fire Potion"},{"floor":34.0,"key":"FairyPotion"},{"floor":37.0,"key":"CunningPotion"},{"floor":47.0,"key":"ColorlessPotion"},{"floor":50.0,"key":"AttackPotion"},{"floor":54.0,"key":"ColorlessPotion"},{"floor":56.0,"key":"DuplicationPotion"},{"floor":72.0,"key":"Strength Potion"},{"floor":73.0,"key":"Strength Potion"},{"floor":82.0,"key":"Poison Potion"},{"floor":84.0,"key":"SpeedPotion"},{"floor":90.0,"key":"SteroidPotion"},{"floor":95.0,"key":"BlessingOfTheForge"},{"floor":101.0,"key":"Poison Potion"},{"floor":104.0,"key":"Swift Potion"},{"floor":105.0,"key":"PowerPotion"},{"floor":111.0,"key":"Dexterity Potion"},{"floor":114,"key":"FearPotion"},{"floor":121,"key":"Regen Potion"},{"floor":126,"key":"Dexterity Potion"},{"floor":128,"key":"LiquidMemories"},{"floor":143,"key":"EssenceOfSteel"},{"floor":145,"key":"FearPotion"},{"floor":159,"key":"Energy Potion"},{"floor":164,"key":"AttackPotion"},{"floor":169,"key":"Swift Potion"},{"floor":200,"key":"AttackPotion"},{"floor":201,"key":"Fire Potion"}],"is_trial":true,"path_per_floor":["M","M","$","?","M","R","R","E","T","?","R","M","R","M","R","B",null,"M","$","?","$","M","R","R","R","T","E","R","R","$","E","R","B",null,"M","$","M","?","$","R","E","E","T","M","$","M","M","?","R","B",null,"M","?","M","$","M","R","E","M","E","$","M","R","?","E","R","B",null,"M","?","$","M","M","R","?","R","E","?","M","E","M","E","R","B",null,"M","$","M","M","M","R","E","R","E","?","?","$","R","?","R","B",null,"M","M","M","M","?","E","E","R","E","?","R","M","M","$","R","B",null,"M","M","M","$","?","R","E","R","E","?","R","?","?","M","R","B",null,"M","?","M","M","?","R","M","M","E","M","$","R","R","M","R","B",null,"M","M","?","?","$","E","$","?","E","?","E","M","R","M","R","B",null,"M","?","$","M","$","E","R","?","E","R","E","?","M","$","R","B",null,"M","$","$","$","?","R","E","R","E","M","?","R","E","M","R","B"],"character_chosen":"THE_SILENT","items_purchased":["Vajra","Fruit Juice","Noxious Fumes+1","ClockworkSouvenir","Bronze Scales","TwistedFunnel","Omamori","Snake Skull","Lee\u0027s Waffle","Catalyst","Bottled Lightning","Membership Card","Panache+1","Panache+1","GhostInAJar","DollysMirror","TungstenRod","Matryoshka","Ice Cream"],"campfire_rested":25,"item_purchase_floors":[19,19,39,39,55,71,71,87,97,97,116,123,160,173,173,175,175,190,191],"current_hp_per_floor":[70,70,70,59,59,59,59,61,61,61,61,63,63,65,65,67,70,70,75,80,80,80,80,80,80,80,77,77,77,77,79,79,80,85,85,85,82,82,82,85,85,81,81,85,85,85,76,65,65,69,85,85,85,85,85,85,85,85,85,85,85,76,85,90,90,90,90,90,90,90,90,90,82,82,90,90,90,90,90,90,80,90,90,74,90,90,90,90,90,83,90,56,83,90,90,90,97,97,97,97,73,97,97,97,97,97,97,97,97,97,97,97,97,97,90,90,97,97,97,78,37,31,31,31,60,37,66,76,76,97,97,97,97,97,96,97,90,97,87,97,92,92,74,61,73,58,58,85,92,92,92,67,92,92,92,92,92,92,92,92,92,92,92,78,82,92,92,92,92,92,92,92,92,75,75,82,82,82,89,92,92,92,92,92,92,92,92,72,72,72,72,72,85,92,92,81,75,75,88,92,92,92,0,0],"gold":42,"neow_bonus":"","is_daily":false,"chose_seed":false,"campfire_upgraded":18,"win_rate":0.0,"timestamp":1609011627,"path_taken":["M","M","$","?","M","R","R","E","T","?","R","M","R","M","R","BOSS","M","$","?","$","M","R","R","R","T","E","R","R","$","E","R","BOSS","M","$","M","?","$","R","E","E","T","M","?","M","M","?","R","BOSS","M","?","M","$","M","R","E","M","E","$","M","R","?","E","R","BOSS","M","?","$","M","M","R","?","R","E","?","M","E","M","E","R","BOSS","M","$","M","M","M","R","E","R","E","?","?","$","R","?","R","BOSS","M","?","M","M","?","E","E","R","E","?","R","M","M","$","R","BOSS","M","M","M","$","?","R","E","R","E","?","R","?","?","?","R","BOSS","M","?","M","M","?","R","M","M","E","M","$","R","R","M","R","BOSS","M","M","?","?","$","E","$","?","E","?","E","M","R","M","R","BOSS","M","?","$","M","$","E","R","?","E","R","E","?","?","?","R","BOSS","M","$","$","$","?","R","E","R","E","?","?","R","E","M","R","BOSS"],"items_purchased_type":["Relic","Potion","Card","Relic","Relic","Relic","Relic","Relic","Relic","Card","Relic","Relic","Card","Card","Potion","Relic","Relic","Relic","Relic"],"build_version":"2020-12-22","purchased_purges":5,"victory":false,"max_hp_per_floor":[70,70,70,70,70,70,70,70,70,70,70,70,70,70,70,70,70,70,75,80,80,80,80,80,80,80,80,80,80,80,80,80,80,85,85,85,85,85,85,85,85,85,85,85,85,85,85,85,85,85,85,85,85,85,85,85,85,85,85,85,85,85,85,90,90,90,90,90,90,90,90,90,90,90,90,90,90,90,90,90,90,90,90,90,90,90,90,90,90,90,90,90,90,90,90,90,97,97,97,97,97,97,97,97,97,97,97,97,97,97,97,97,97,97,97,97,97,97,97,97,97,97,97,97,97,97,97,97,97,97,97,97,97,97,97,97,97,97,97,97,92,92,92,92,92,92,92,92,92,92,92,92,92,92,92,92,92,92,92,92,92,92,92,92,92,92,92,92,92,92,92,92,92,92,92,92,92,92,92,92,92,92,92,92,92,92,92,92,92,92,92,92,92,92,92,92,92,92,92,92,92,92,92,92],"card_choices":[{"not_picked":["Cloak And Dagger","Flying Knee"],"picked":"Blur","floor":1.0},{"not_picked":["Finisher","Flying Knee","Forethought"],"picked":"SKIP","floor":2.0},{"not_picked":["PiercingWail","Riddle With Holes"],"picked":"Footwork","floor":5.0},{"not_picked":["Sucker Punch","Quick Slash","Crippling Poison"],"picked":"SKIP","floor":8.0},{"not_picked":["Bane","Prepared"],"picked":"Deadly Poison","floor":12.0},{"not_picked":["Crippling Poison","Dodge and Roll","Deep Breath"],"picked":"SKIP","floor":14.0},{"not_picked":["Flechettes","PiercingWail","Sucker Punch"],"picked":"SKIP","floor":18.0},{"not_picked":["Slice","Underhanded Strike","Deep Breath"],"picked":"SKIP","floor":22.0},{"not_picked":["Poisoned Stab","Dagger Throw","Night Terror"],"picked":"SKIP","floor":27.0},{"not_picked":["Deflect","Dagger Throw","Terror"],"picked":"SKIP","floor":31.0},{"not_picked":["Madness","Blade Dance","Acrobatics"],"picked":"SKIP","floor":35.0},{"not_picked":["Dagger Spray+1","Reflex","PanicButton"],"picked":"SKIP","floor":37.0},{"not_picked":["Leg Sweep","Acrobatics+1","Slice+1"],"picked":"SKIP","floor":41.0},{"not_picked":["Deflect","Bane","Dagger Spray"],"picked":"SKIP","floor":42.0},{"not_picked":["Calculated Gamble","Tactician+1","Trip"],"picked":"SKIP","floor":44.0},{"not_picked":["Calculated Gamble","Tactician+1","Trip"],"picked":"SKIP","floor":44.0},{"not_picked":["Good Instincts+1","Prepared","Masterful Stab"],"picked":"SKIP","floor":46.0},{"not_picked":["PiercingWail+1","Dagger Spray+1","Slice+1"],"picked":"SKIP","floor":47.0},{"not_picked":["Master of Strategy","Violence"],"picked":"Envenom+1","floor":50.0},{"not_picked":["Dagger Spray","Eviscerate","Concentrate"],"picked":"SKIP","floor":52.0},{"not_picked":["Dagger Throw","Dash","Reflex"],"picked":"SKIP","floor":54.0},{"not_picked":["Tactician","Blade Dance","Dodge and Roll"],"picked":"SKIP","floor":56.0},{"not_picked":["Dagger Spray","Blade Dance","Flying Knee"],"picked":"SKIP","floor":58.0},{"not_picked":["Dagger Spray","Blade Dance","Flying Knee"],"picked":"SKIP","floor":58.0},{"not_picked":["Caltrops+1","Deadly Poison"],"picked":"Sadistic Nature+1","floor":59.0},{"not_picked":["Flying Knee","Cloak And Dagger","Finisher"],"picked":"SKIP","floor":60.0},{"not_picked":["Jack Of All Trades","Bane","Outmaneuver"],"picked":"SKIP","floor":62.0},{"not_picked":["Eviscerate","Blade Dance","Forethought"],"picked":"SKIP","floor":65.0},{"not_picked":["Predator","Reflex"],"picked":"Panacea","floor":66.0},{"not_picked":["Mayhem+1","Master of Strategy"],"picked":"Adrenaline","floor":67.0},{"not_picked":["Bane+1","Backflip","Dodge and Roll"],"picked":"SKIP","floor":69.0},{"not_picked":["Reflex","Deep Breath","Blade Dance"],"picked":"SKIP","floor":72.0},{"not_picked":["Blade Dance","Cloak And Dagger","Flying Knee"],"picked":"SKIP","floor":73.0},{"not_picked":["Doppelganger","Escape Plan"],"picked":"A Thousand Cuts+1","floor":77.0},{"not_picked":["Slice","PiercingWail","Prepared+1"],"picked":"SKIP","floor":79.0},{"not_picked":["Slice","Dagger Spray","Panacea"],"picked":"SKIP","floor":80.0},{"not_picked":["Noxious Fumes+1","Mind Blast","PiercingWail"],"picked":"SKIP","floor":81.0},{"not_picked":["Madness","Dagger Spray+1","Cloak And Dagger+1"],"picked":"SKIP","floor":82.0},{"not_picked":["Mayhem+1","Night Terror"],"picked":"Sadistic Nature+1","floor":84.0},{"not_picked":["Outmaneuver+1"],"picked":"SKIP","floor":86.0},{"not_picked":["Calculated Gamble"],"picked":"SKIP","floor":88.0},{"not_picked":["Dark Shackles"],"picked":"SKIP","floor":89.0},{"not_picked":["Deflect"],"picked":"SKIP","floor":90.0},{"not_picked":["Cloak And Dagger+1"],"picked":"SKIP","floor":92.0},{"not_picked":["Prepared+1"],"picked":"SKIP","floor":94.0},{"not_picked":["Deadly Poison"],"picked":"SKIP","floor":103.0},{"not_picked":["Mind Blast"],"picked":"SKIP","floor":103.0},{"not_picked":["Deflect"],"picked":"SKIP","floor":104.0},{"not_picked":["Slice"],"picked":"SKIP","floor":104.0},{"not_picked":["Terror"],"picked":"SKIP","floor":105.0},{"not_picked":["Poisoned Stab"],"picked":"SKIP","floor":105.0},{"not_picked":["Terror"],"picked":"SKIP","floor":106.0},{"not_picked":["Noxious Fumes+1"],"picked":"SKIP","floor":106.0},{"not_picked":["Panacea"],"picked":"SKIP","floor":108.0},{"not_picked":["Panacea"],"picked":"SKIP","floor":108.0},{"not_picked":["Bouncing Flask"],"picked":"SKIP","floor":109.0},{"not_picked":["Flying Knee"],"picked":"SKIP","floor":111.0},{"not_picked":["PiercingWail"],"picked":"SKIP","floor":114},{"not_picked":["Well Laid Plans+1"],"picked":"SKIP","floor":114},{"not_picked":["Underhanded Strike"],"picked":"SKIP","floor":115},{"not_picked":["PiercingWail"],"picked":"SKIP","floor":115},{"not_picked":[],"picked":"Heel Hook+1","floor":120},{"not_picked":["Outmaneuver"],"picked":"SKIP","floor":120},{"not_picked":["Crippling Poison+1"],"picked":"SKIP","floor":121},{"not_picked":["Acrobatics"],"picked":"SKIP","floor":121},{"not_picked":["Terror+1"],"picked":"SKIP","floor":122},{"not_picked":["Flash of Steel"],"picked":"SKIP","floor":122},{"not_picked":["Secret Weapon"],"picked":"SKIP","floor":126},{"not_picked":["Trip+1"],"picked":"SKIP","floor":128},{"not_picked":["Noxious Fumes+1"],"picked":"SKIP","floor":133},{"not_picked":["PiercingWail"],"picked":"SKIP","floor":133},{"not_picked":["Poisoned Stab+1"],"picked":"SKIP","floor":137},{"not_picked":["Forethought+1"],"picked":"SKIP","floor":137},{"not_picked":["Underhanded Strike"],"picked":"SKIP","floor":139},{"not_picked":["Backflip"],"picked":"SKIP","floor":139},{"not_picked":["Distraction"],"picked":"SKIP","floor":140},{"not_picked":["Distraction+1"],"picked":"SKIP","floor":140},{"not_picked":["Bane"],"picked":"SKIP","floor":143},{"not_picked":["Madness"],"picked":"SKIP","floor":143},{"not_picked":["Dagger Throw+1"],"picked":"SKIP","floor":144},{"not_picked":["Dagger Throw+1"],"picked":"SKIP","floor":144},{"not_picked":["Setup+1"],"picked":"SKIP","floor":145},{"not_picked":["Finisher+1"],"picked":"SKIP","floor":146},{"not_picked":["Flying Knee"],"picked":"SKIP","floor":146},{"not_picked":["Backflip+1"],"picked":"SKIP","floor":150},{"not_picked":["Prepared+1"],"picked":"SKIP","floor":150},{"not_picked":["Deadly Poison"],"picked":"SKIP","floor":154},{"not_picked":["Outmaneuver"],"picked":"SKIP","floor":154},{"not_picked":["Dagger Spray"],"picked":"SKIP","floor":155},{"not_picked":["Leg Sweep"],"picked":"SKIP","floor":155},{"not_picked":["Heel Hook"],"picked":"SKIP","floor":159},{"not_picked":["Violence"],"picked":"SKIP","floor":162},{"not_picked":["Deflect"],"picked":"SKIP","floor":164},{"not_picked":["Quick Slash"],"picked":"SKIP","floor":165},{"not_picked":["Impatience"],"picked":"SKIP","floor":165},{"not_picked":["Quick Slash"],"picked":"SKIP","floor":167},{"not_picked":["Setup"],"picked":"SKIP","floor":167},{"not_picked":["Reflex"],"picked":"SKIP","floor":171},{"not_picked":["Riddle With Holes+1"],"picked":"SKIP","floor":171},{"not_picked":[],"picked":"Escape Plan","floor":174},{"not_picked":["Quick Slash"],"picked":"SKIP","floor":174},{"not_picked":["Bullet Time"],"picked":"SKIP","floor":176},{"not_picked":["Finisher"],"picked":"SKIP","floor":179},{"not_picked":["Quick Slash"],"picked":"SKIP","floor":181},{"not_picked":["Calculated Gamble"],"picked":"SKIP","floor":183},{"not_picked":["Underhanded Strike"],"picked":"SKIP","floor":183},{"not_picked":[],"picked":"Blur+1","floor":188},{"not_picked":["Poisoned Stab+1"],"picked":"SKIP","floor":188},{"not_picked":["Glass Knife"],"picked":"SKIP","floor":194},{"not_picked":["Predator+1"],"picked":"SKIP","floor":196},{"not_picked":["Prepared"],"picked":"SKIP","floor":197},{"not_picked":["Unload"],"picked":"SKIP","floor":197},{"not_picked":["Dodge and Roll+1"],"picked":"SKIP","floor":200},{"not_picked":["Flying Knee+1"],"picked":"SKIP","floor":201},{"not_picked":["Dagger Throw"],"picked":"SKIP","floor":201}],"player_experience":3193880,"relics_obtained":[{"floor":8.0,"key":"Letter Opener"},{"floor":9.0,"key":"Incense Burner"},{"floor":26.0,"key":"Art of War"},{"floor":27.0,"key":"Smiling Mask"},{"floor":31.0,"key":"Frozen Egg 2"},{"floor":41.0,"key":"Dream Catcher"},{"floor":42.0,"key":"Orichalcum"},{"floor":43.0,"key":"Boot"},{"floor":53.0,"key":"Odd Mushroom"},{"floor":95.0,"key":"Prayer Wheel"},{"floor":138,"key":"Torii"}],"event_choices":[{"damage_healed":0.0,"max_hp_gain":0.0,"max_hp_loss":0.0,"gold_gain":75.0,"event_name":"World of Goop","player_choice":"Gather Gold","floor":4.0,"gold_loss":0.0,"damage_taken":11.0},{"cards_removed":["Prepared"],"damage_healed":0.0,"max_hp_gain":0.0,"max_hp_loss":0.0,"gold_gain":0.0,"event_name":"The Cleric","player_choice":"Card Removal","floor":10.0,"gold_loss":50.0,"damage_taken":0.0},{"damage_healed":0.0,"max_hp_gain":0.0,"max_hp_loss":0.0,"gold_gain":0.0,"event_name":"Transmorgrifier","player_choice":"Ignored","floor":38.0,"gold_loss":0.0,"damage_taken":0.0},{"damage_healed":0.0,"max_hp_gain":0.0,"max_hp_loss":0.0,"gold_gain":0.0,"event_name":"Winding Halls","player_choice":"Embrace Madness","floor":48.0,"gold_loss":0.0,"damage_taken":11.0,"cards_obtained":["Madness","Madness"]},{"damage_healed":0.0,"max_hp_gain":0.0,"max_hp_loss":0.0,"gold_gain":0.0,"event_name":"Mushrooms","player_choice":"Fought Mushrooms","floor":53.0,"gold_loss":0.0,"damage_taken":0.0},{"damage_healed":0.0,"max_hp_gain":5.0,"max_hp_loss":0.0,"gold_gain":0.0,"event_name":"Big Fish","player_choice":"Donut","floor":64.0,"gold_loss":0.0,"damage_taken":0.0},{"damage_healed":0.0,"max_hp_gain":0.0,"max_hp_loss":0.0,"gold_gain":0.0,"event_name":"MindBloom","player_choice":"Fight","floor":95.0,"gold_loss":0.0,"damage_taken":0.0},{"damage_healed":0.0,"max_hp_gain":0.0,"max_hp_loss":0.0,"gold_gain":0.0,"event_name":"SensoryStone","player_choice":"Memory 1","floor":96.0,"gold_loss":0.0,"damage_taken":0.0},{"damage_healed":0.0,"max_hp_gain":0.0,"max_hp_loss":0.0,"gold_gain":0.0,"event_name":"Purifier","player_choice":"Ignored","floor":99.0,"gold_loss":0.0,"damage_taken":0.0},{"damage_healed":0.0,"max_hp_gain":0.0,"max_hp_loss":0.0,"gold_gain":0.0,"event_name":"Golden Idol","player_choice":"Ignored","floor":107.0,"gold_loss":0.0,"damage_taken":0.0},{"damage_healed":0.0,"max_hp_gain":0.0,"max_hp_loss":0.0,"gold_gain":0.0,"event_name":"Purifier","player_choice":"Ignored","floor":112.0,"gold_loss":0.0,"damage_taken":0.0},{"damage_healed":0,"gold_gain":0,"player_choice":"Ignored","damage_taken":0,"max_hp_gain":0,"max_hp_loss":0,"event_name":"Cursed Tome","floor":124,"gold_loss":0},{"damage_healed":0,"gold_gain":0,"player_choice":"Paid Fearfully","damage_taken":0,"max_hp_gain":0,"max_hp_loss":0,"event_name":"Masked Bandits","floor":129,"gold_loss":96},{"damage_healed":0,"gold_gain":0,"player_choice":"Obtain J.A.X.","damage_taken":0,"max_hp_gain":0,"max_hp_loss":0,"event_name":"Drug Dealer","floor":131,"gold_loss":0,"cards_obtained":["J.A.X."]},{"damage_healed":0,"gold_gain":0,"player_choice":"Traded Relic","damage_taken":0,"relics_obtained":["Nloth\u0027s Gift"],"max_hp_gain":0,"max_hp_loss":0,"event_name":"N\u0027loth","floor":132,"relics_lost":["Smiling Mask"],"gold_loss":0},{"damage_healed":0,"gold_gain":0,"player_choice":"Fight","damage_taken":0,"max_hp_gain":0,"max_hp_loss":0,"event_name":"MindBloom","floor":138,"gold_loss":0},{"damage_healed":0,"gold_gain":0,"player_choice":"Max HP","damage_taken":0,"max_hp_gain":0,"max_hp_loss":5,"event_name":"Winding Halls","floor":141,"gold_loss":0},{"damage_healed":0,"gold_gain":79,"player_choice":"Gained Gold","damage_taken":0,"max_hp_gain":0,"max_hp_loss":0,"event_name":"Golden Wing","floor":156,"gold_loss":0},{"cards_removed":["A Thousand Cuts"],"damage_healed":0,"gold_gain":0,"player_choice":"Forget","damage_taken":0,"max_hp_gain":0,"max_hp_loss":0,"event_name":"Living Wall","floor":157,"gold_loss":0},{"damage_healed":0,"gold_gain":0,"player_choice":"Searched \u00270\u0027 times","damage_taken":0,"max_hp_gain":0,"max_hp_loss":0,"event_name":"Dead Adventurer","floor":161,"gold_loss":0},{"damage_healed":0,"gold_gain":0,"player_choice":"Fled","damage_taken":0,"max_hp_gain":0,"max_hp_loss":0,"event_name":"Scrap Ooze","floor":163,"gold_loss":0},{"damage_healed":0,"gold_gain":0,"player_choice":"Bought 0 Potions","damage_taken":0,"max_hp_gain":0,"max_hp_loss":0,"event_name":"The Woman in Blue","floor":192,"gold_loss":0},{"damage_healed":0,"gold_gain":0,"player_choice":"Paid","damage_taken":0,"relics_obtained":["Red Mask"],"max_hp_gain":0,"max_hp_loss":0,"event_name":"Tomb of Lord Red Mask","floor":198,"gold_loss":158}],"is_beta":false,"boss_relics":[{"not_picked":["Empty Cage","Runic Dome"],"picked":"SlaversCollar"},{"not_picked":["HoveringKite","SacredBark"],"picked":"Tiny House"},{"not_picked":["Fusion Hammer","Sozu"],"picked":"WristBlade"},{"not_picked":["Snecko Eye","Runic Dome","Calling Bell"]},{"not_picked":["Fusion Hammer","Cursed Key"],"picked":"Busted Crown"},{"not_picked":["Velvet Choker","Philosopher\u0027s Stone"],"picked":"HoveringKite"},{"not_picked":["Snecko Eye","Cursed Key","Runic Dome"]},{"not_picked":["Black Star","Fusion Hammer"],"picked":"Ring of the Serpent"},{"not_picked":["Sozu","Empty Cage","Coffee Dripper"]},{"not_picked":["Sozu","Calling Bell"],"picked":"Black Star"},{"not_picked":["Coffee Dripper","Astrolabe","Empty Cage"]}],"items_purged_floors":[3,39,116,147,189],"is_endless":true,"potions_floor_spawned":[5,8,14,27,31,37,47,50,54,56,58,67,72,73,82,84,86,90,95,101,104,105,111,114,121,126,128,143,144,145,150,159,164,169,176,183,186,194,200,201],"killed_by":"Awakened One","ascension_level":0}}