{"host":"foq4mrde4mssg7vt","time":1609004425,"event":{"mods":["AchievementEnabler","BaseMod","Colored Map","Colored Powertips","Highlight Path","Minty Spire (QoL Compilation)","Relic Stats","everything is the same but u backflip on backflip"],"gold_per_floor":[363,363,376,263,273,300,300,331,331,331,27,53,64,83,83,155,155,173,173,188,202,202,229,256,256,256,256,271,281,281,331,331,409,409,424,442,442,30,46,46,74,84,84,103,135,148,163,198,198,198,198,198,25,59,59],"floor_reached":56,"playtime":3245,"items_purged":["Pain"],"score":2287,"play_id":"cea54b07-c29f-4396-a950-dbb06f693e52","local_time":"20201227014025","is_ascension_mode":true,"campfire_choices":[{"data":"CrushJoints","floor":7.0,"key":"SMITH"},{"floor":15.0,"key":"REST"},{"floor":25.0,"key":"REST"},{"floor":32.0,"key":"REST"},{"floor":40.0,"key":"REST"},{"floor":49.0,"key":"RECALL"},{"floor":52.0,"key":"REST"}],"circlet_count":0,"master_deck":["AscendersBane","Strike_P+1","Defend_P+1","Defend_P+1","Defend_P+1","Defend_P+1","Eruption+1","Vigilance+1","MentalFortress+1","CrushJoints+1","FlyingSleeves","ThirdEye+1","InnerPeace","EmptyMind","BowlingBash+1","CutThroughFate+1","Meditate+1","Wireheading+1","LessonLearned+1","FollowUp","Establishment+1","EmptyFist+1","RitualDagger+1","Halt+1","Tantrum+1","EmptyBody","LikeWater","Vault+1","Meditate+1","WindmillStrike+1","Scrawl","ClearTheMind+1","CutThroughFate+1","MentalFortress+1","FearNoEvil+1","Protect","SpiritShield+1"],"relics":["PureWater","Gremlin Horn","Bronze Scales","Mercury Hourglass","WarpedTongs","Bottled Tornado","VioletLotus","Molten Egg 2","Red Mask","Vajra","Fusion Hammer","Orrery","Pen Nib","Regal Pillow","Darkstone Periapt","Lizard Tail","CeramicFish","Bag of Preparation","Orichalcum"],"acts_visited":["Exordium","TheCity","TheBeyond","TheEnding"],"potions_floor_usage":[55],"damage_taken":[{"damage":0.0,"enemies":"2 Louse","floor":1.0,"turns":3.0},{"damage":0.0,"enemies":"Cultist","floor":3.0,"turns":4.0},{"damage":2.0,"enemies":"Jaw Worm","floor":5.0,"turns":3.0},{"damage":7.0,"enemies":"Lagavulin","floor":6.0,"turns":7.0},{"damage":0.0,"enemies":"Gremlin Nob","floor":8.0,"turns":2.0},{"damage":15.0,"enemies":"Lagavulin","floor":12.0,"turns":6.0},{"damage":0.0,"enemies":"Gremlin Gang","floor":13.0,"turns":3.0},{"damage":0.0,"enemies":"3 Louse","floor":14.0,"turns":2.0},{"damage":5.0,"enemies":"The Guardian","floor":16.0,"turns":8.0},{"damage":0.0,"enemies":"3 Byrds","floor":18.0,"turns":4.0},{"damage":0.0,"enemies":"Shell Parasite","floor":20.0,"turns":3.0},{"damage":10.0,"enemies":"Centurion and Healer","floor":21.0,"turns":5.0},{"damage":33.0,"enemies":"Gremlin Leader","floor":23.0,"turns":5.0},{"damage":0.0,"enemies":"Masked Bandits","floor":24.0,"turns":3.0},{"damage":10.0,"enemies":"Snake Plant","floor":28.0,"turns":3.0},{"damage":0.0,"enemies":"Sentry and Sphere","floor":29.0,"turns":3.0},{"damage":32.0,"enemies":"Automaton","floor":33.0,"turns":8.0},{"damage":5.0,"enemies":"Orb Walker","floor":35.0,"turns":3.0},{"damage":5.0,"enemies":"3 Darklings","floor":36.0,"turns":4.0},{"damage":0.0,"enemies":"4 Shapes","floor":39.0,"turns":6.0},{"damage":0.0,"enemies":"Giant Head","floor":41.0,"turns":4.0},{"damage":0.0,"enemies":"Transient","floor":42.0,"turns":5.0},{"damage":0.0,"enemies":"Maw","floor":44.0,"turns":6.0},{"damage":0.0,"enemies":"Reptomancer","floor":45.0,"turns":5.0},{"damage":1.0,"enemies":"Jaw Worm Horde","floor":46.0,"turns":4.0},{"damage":0.0,"enemies":"3 Darklings","floor":47.0,"turns":4.0},{"damage":0.0,"enemies":"Giant Head","floor":48.0,"turns":5.0},{"damage":24.0,"enemies":"Donu and Deca","floor":50.0,"turns":8.0},{"damage":0.0,"enemies":"Shield and Spear","floor":54.0,"turns":3.0},{"damage":62,"enemies":"The Heart","floor":55,"turns":10}],"seed_played":"-4726211818567508831","potions_obtained":[{"floor":5.0,"key":"LiquidMemories"},{"floor":12.0,"key":"DistilledChaos"},{"floor":28.0,"key":"ColorlessPotion"},{"floor":33.0,"key":"SpeedPotion"},{"floor":41.0,"key":"DuplicationPotion"}],"is_trial":false,"path_per_floor":["M","?","M","$","M","E","R","E","T","?","$","E","M","M","R","B",null,"M","?","M","M","?","E","?","R","T","?","M","M","?","T","R","B",null,"M","M","?","$","M","R","E","M","T","M","E","M","M","E","R","B",null,"R","$","E","B",null],"character_chosen":"WATCHER","items_purchased":["FlyingSleeves","Explosive Potion","BowlingBash","CutThroughFate","Meditate","Wireheading","Regen Potion","Orrery","Pen Nib","Bag of Preparation"],"campfire_rested":5,"item_purchase_floors":[4,4,11,11,11,11,38,38,38,53],"current_hp_per_floor":[43,43,43,43,41,34,34,34,34,34,34,19,19,19,39,34,60,60,54,54,44,44,11,11,31,31,31,21,21,21,21,41,9,53,48,43,43,43,43,62,62,62,62,62,62,61,61,61,61,52,62,65,65,65,3],"gold":59,"neow_bonus":"TWO_FIFTY_GOLD","is_daily":false,"chose_seed":false,"campfire_upgraded":1,"win_rate":0.0,"timestamp":1609004425,"path_taken":["M","?","?","$","M","E","R","E","T","?","$","E","M","?","R","BOSS","M","?","M","M","?","E","?","R","T","?","M","?","?","?","R","BOSS","M","M","?","$","M","R","E","M","T","M","E","M","M","E","R","BOSS","R","$","E","BOSS"],"items_purchased_type":["Card","Potion","Card","Card","Card","Card","Potion","Relic","Relic","Relic"],"build_version":"2020-12-22","purchased_purges":1,"victory":true,"max_hp_per_floor":[68,68,68,68,68,68,68,68,68,68,68,68,68,68,68,68,68,68,68,68,68,68,68,68,68,68,68,68,68,68,68,68,68,68,68,68,65,65,65,65,65,65,65,65,65,65,65,65,65,65,65,65,65,65,65],"relic_stats":{"Darkstone Periapt":0,"Regal Pillow":0,"Gremlin Horn":[33,33],"counters":[30,139],"CeramicFish":0,"Pen Nib":[15],"Bag of Preparation":[4],"Orichalcum":[0],"Mercury Hourglass":[453],"WarpedTongs":[114],"Lizard Tail":0,"Bronze Scales":[381],"VioletLotus":[49],"obtain_stats":[{"Darkstone Periapt":43,"Regal Pillow":41,"Gremlin Horn":6,"CeramicFish":48,"Vajra":31,"Pen Nib":38,"Bag of Preparation":53,"Bottled Tornado":12,"Orichalcum":54,"Mercury Hourglass":9,"WarpedTongs":10,"Lizard Tail":45,"Bronze Scales":8,"Orrery":38,"Molten Egg 2":23,"VioletLotus":17,"Fusion Hammer":34,"Red Mask":24,"PureWater":0},{"Darkstone Periapt":22,"Regal Pillow":21,"Gremlin Horn":4,"CeramicFish":27,"Vajra":16,"Pen Nib":19,"Bag of Preparation":28,"Bottled Tornado":6,"Orichalcum":29,"Mercury Hourglass":5,"WarpedTongs":5,"Lizard Tail":24,"Bronze Scales":5,"Orrery":19,"Molten Egg 2":13,"VioletLotus":9,"Fusion Hammer":17,"Red Mask":14,"PureWater":0},{"Darkstone Periapt":94,"Regal Pillow":89,"Gremlin Horn":17,"CeramicFish":118,"Vajra":64,"Pen Nib":79,"Bag of Preparation":126,"Bottled Tornado":25,"Orichalcum":129,"Mercury Hourglass":19,"WarpedTongs":19,"Lizard Tail":105,"Bronze Scales":19,"Orrery":79,"Molten Egg 2":55,"VioletLotus":38,"Fusion Hammer":72,"Red Mask":58,"PureWater":0}]},"card_choices":[{"not_picked":["Prostrate","Protect"],"picked":"MentalFortress","floor":1.0},{"not_picked":["PathToVictory","ClearTheMind"],"picked":"CrushJoints","floor":3.0},{"not_picked":["Vengeance","Prostrate"],"picked":"ThirdEye","floor":5.0},{"not_picked":["CrushJoints","Sanctity"],"picked":"InnerPeace","floor":6.0},{"not_picked":["ForeignInfluence","ThirdEye"],"picked":"EmptyMind","floor":8.0},{"not_picked":["ThirdEye","Meditate"],"picked":"LessonLearned","floor":12.0},{"not_picked":["JustLucky","CutThroughFate"],"picked":"FollowUp","floor":13.0},{"not_picked":["EmptyMind","CrushJoints","WheelKick"],"picked":"SKIP","floor":14.0},{"not_picked":["Devotion","Ragnarok"],"picked":"Establishment","floor":16.0},{"not_picked":["PathToVictory","Swivel"],"picked":"EmptyFist","floor":18.0},{"not_picked":["CutThroughFate","JustLucky","BowlingBash"],"picked":"SKIP","floor":20.0},{"not_picked":["Vengeance+1","ClearTheMind"],"picked":"Halt","floor":21.0},{"not_picked":["DeceiveReality","LikeWater"],"picked":"Tantrum+1","floor":23.0},{"not_picked":["Wireheading","ThirdEye"],"picked":"EmptyBody","floor":24.0},{"not_picked":["Consecrate+1","Protect"],"picked":"LikeWater","floor":28.0},{"not_picked":["FlyingSleeves+1","FollowUp+1"],"picked":"Vault","floor":29.0},{"not_picked":["Blasphemy","ConjureBlade"],"picked":"Scrawl","floor":33.0},{"not_picked":["Halt+1","Swivel"],"picked":"ClearTheMind+1","floor":35.0},{"not_picked":["EmptyBody+1","Halt+1"],"picked":"CutThroughFate+1","floor":36.0},{"not_picked":["Devotion","ThirdEye"],"picked":"MentalFortress","floor":38.0},{"not_picked":["Fasting2","ClearTheMind"],"picked":"FearNoEvil+1","floor":38.0},{"not_picked":["Consecrate+1","Vengeance","Nirvana+1"],"picked":"SKIP","floor":39.0},{"not_picked":["WindmillStrike+1","EmptyBody","CutThroughFate+1"],"picked":"SKIP","floor":41.0},{"not_picked":["ClearTheMind","Prostrate"],"picked":"Protect","floor":42.0},{"not_picked":["FollowUp+1","JustLucky+1","Protect"],"picked":"SKIP","floor":44.0},{"not_picked":["Study+1","Halt"],"picked":"SpiritShield","floor":45.0},{"not_picked":["Wireheading","Protect","SignatureMove+1"],"picked":"SKIP","floor":46.0},{"not_picked":["MentalFortress+1","SashWhip+1","Evaluate"],"picked":"SKIP","floor":47.0},{"not_picked":["JustLucky+1","BowlingBash+1","ThirdEye"],"picked":"SKIP","floor":48.0},{"not_picked":["WindmillStrike+1","FlurryOfBlows+1","ReachHeaven+1"],"picked":"SKIP","floor":54.0}],"player_experience":286197,"relics_obtained":[{"floor":6.0,"key":"Gremlin Horn"},{"floor":8.0,"key":"Bronze Scales"},{"floor":9.0,"key":"Mercury Hourglass"},{"floor":12.0,"key":"Bottled Tornado"},{"floor":23.0,"key":"Molten Egg 2"},{"floor":24.0,"key":"Red Mask"},{"floor":31.0,"key":"Vajra"},{"floor":41.0,"key":"Regal Pillow"},{"floor":43.0,"key":"Darkstone Periapt"},{"floor":45.0,"key":"Lizard Tail"},{"floor":48.0,"key":"CeramicFish"},{"floor":54.0,"key":"Orichalcum"}],"event_choices":[{"cards_removed":["Strike_P"],"damage_healed":0.0,"max_hp_gain":0.0,"max_hp_loss":0.0,"gold_gain":0.0,"event_name":"Bonfire Elementals","player_choice":"Offered Basic","floor":2.0,"gold_loss":0.0,"damage_taken":0.0},{"damage_healed":0.0,"max_hp_gain":0.0,"max_hp_loss":0.0,"gold_gain":0.0,"event_name":"Accursed Blacksmith","player_choice":"Rummage","floor":10.0,"gold_loss":0.0,"damage_taken":0.0,"relics_obtained":["WarpedTongs"],"cards_obtained":["Pain"]},{"damage_healed":0.0,"max_hp_gain":0.0,"max_hp_loss":0.0,"gold_gain":0.0,"event_name":"Nest","player_choice":"Joined the Cult","floor":19.0,"gold_loss":0.0,"damage_taken":6.0,"cards_obtained":["RitualDagger"]},{"damage_healed":0.0,"max_hp_gain":0.0,"max_hp_loss":0.0,"gold_gain":0.0,"event_name":"Back to Basics","player_choice":"Simplicity","floor":22.0,"gold_loss":0.0,"damage_taken":0.0,"cards_upgraded":["Strike_P","Strike_P","Defend_P","Defend_P","Defend_P"]},{"damage_healed":0.0,"max_hp_gain":0.0,"max_hp_loss":0.0,"gold_gain":0.0,"event_name":"Masked Bandits","player_choice":"Fought Bandits","floor":24.0,"gold_loss":0.0,"damage_taken":0.0},{"damage_healed":0.0,"max_hp_gain":0.0,"max_hp_loss":0.0,"gold_gain":0.0,"event_name":"Vampires","player_choice":"Ignored","floor":27.0,"gold_loss":0.0,"damage_taken":0.0},{"damage_healed":0.0,"max_hp_gain":0.0,"max_hp_loss":0.0,"gold_gain":0.0,"cards_transformed":["Strike_P","Strike_P"],"event_name":"Drug Dealer","player_choice":"Became Test Subject","floor":30.0,"gold_loss":0.0,"damage_taken":0.0,"cards_obtained":["Meditate","WindmillStrike"]},{"damage_healed":0.0,"max_hp_gain":0.0,"max_hp_loss":3.0,"gold_gain":0.0,"event_name":"Winding Halls","player_choice":"Max HP","floor":37.0,"gold_loss":0.0,"damage_taken":0.0}],"is_beta":false,"boss_relics":[{"not_picked":["Busted Crown","Coffee Dripper"],"picked":"VioletLotus"},{"not_picked":["Pandora\u0027s Box","SacredBark"],"picked":"Fusion Hammer"}],"items_purged_floors":[11],"is_endless":false,"potions_floor_spawned":[5,12,13,16,18,28,33,39,41,42,45],"ascension_level":16}}