{"host":"z4j51vjvl4ssilsu","time":1609025242,"event":{"mods":["AchievementEnabler","Act Like it!","Aspiration","BaseMod","Better Altar","Better Match","Better Note","Better Sensory Stone","Better Silent Start","Better Skull","Better Synergies","Better Third Choice","Better Vampires","Better-Laid Plans","BetterRewards","Block Reminder","CapriCore","Colored Powertips","Conspire","DeckTracker","Disable Question Mark Monsters","Elementarium","Emptier Cage","Energized Spire","Gensokyo","GifTheSpireLib","Gold Saver","Halation","Hallownest","Hubris","Infinite Spire","Ironclad Rager","Marisa????????","Minty Spire (QoL Compilation)","MostiFishMod","Permanent Neow","Quick Restart","RRrroohrrRGHHhhh!!","Replay The Spire","SCP261 Mod","SacredBarkPlus","Spicy Shops","StSLib","Stuff the Spire","The Servant 0.9.4","Transform Curses","Unceasing Turn Reminder"],"gold_per_floor":[118,118,135,154,172,172,102,116,116,20,20,48,48,81,81,186,186,202,221,221,65,80,80,92,92,92,92,92,120,120,135,135,232,232,251,268,278,296,112,112,140,156,182,107,107,133,133,56,56,160,160,160,160,34,34,34,34,35,47,47,47,47,52,50,64,64,143,143,150,150,150,152,149,149,161,161,161,174,134,61,68,68,68,130,130,124,129,129,129,126,126,127,126,126,123,118,118,118,116,116,181,181,181],"floor_reached":102,"playtime":5567,"items_purged":["Strike_G"],"score":2692,"play_id":"c46496f2-dfd3-46f0-9d0a-bd34c87e7745","local_time":"20201226202722","is_ascension_mode":true,"campfire_choices":[{"data":"rorgmod:Accuracy","floor":6,"key":"SMITH"},{"floor":15,"key":"REST"},{"floor":23,"key":"REST"},{"floor":27,"key":"REST"},{"floor":30,"key":"REST"},{"floor":32,"key":"REST"},{"data":"Gensokyo:Kunekune","floor":45,"key":"SMITH"},{"data":"hubris:InfiniteBlow+1","floor":47,"key":"SMITH"},{"floor":49,"key":"REST"},{"data":"hubris:InfiniteBlow+2","floor":57,"key":"SMITH"},{"data":"Caltrops","floor":61,"key":"SMITH"},{"data":"hubris:InfiniteBlow+3","floor":66,"key":"SMITH"},{"data":"MostiFishMod:ShivMaster","floor":74,"key":"SMITH"},{"data":"Gensokyo:SevenSchoolMysteries","floor":83,"key":"SMITH"},{"data":"MostiFishMod:WinterMarkForm","floor":91,"key":"SMITH"},{"floor":98,"key":"RECALL"},{"data":"hubris:InfiniteBlow+5","floor":100,"key":"SMITH"}],"circlet_count":0,"master_deck":["Strike_G","Strike_G+1","Strike_G","Defend_G","Defend_G+1","Defend_G","Defend_G","Survivor","Neutralize","Die Die Die","Cloak And Dagger+1","ReplayTheSpireMod:Shiv Toss","Blade Dance","rorgmod:Accuracy+1","Hidden Blade","Glass Knife+1","MostiFishMod:VineMother","Infinite Blades+1","rorgmod:Prepared","rorgmod:Accuracy+1","StuffTheSpire:BrimstoneBlast+1","hubris:InfiniteBlow+6","infinitespire:Punishment+1","After Image","StuffTheSpire:Incantation+1","Gensokyo:Kunekune+1","rorgmod:Accuracy+1","Caltrops+1","MostiFishMod:ShivMaster+1","Gensokyo:SevenSchoolMysteries+1","MostiFishMod:WinterMarkForm+1","infinitespire:Gouge+1","ReplayTheSpireMod:Scrap Shanks+1"],"relics":["Ring of the Snake","DaveBox","SynthV:TestCard","Molten Egg 2","OriginationStaff","Ice Cream","halation:PrussianBluePaint","aspiration:RunicSpoon","Strawberry","halation:TrafficLight","hubris:MysteriousPyramids","RhineSuit","StuffTheSpire:RubySignet","Replay:Bottled Eggs","Quantum Egg","ChiXiaoBlade","hubris:Icosahedron","aspiration:FetidBarrel","Lantern","Replay:Rubber Ducky","Vampiric Spirits","StuffTheSpire:RunicHypercube","aspiration:ChemicalBlood","Snack Pack","Pondfish Scales","Garlic","StuffTheSpire:ForceGauntlet","PatriotShield","Vajra","hubris:AncientText","ThornShield","hubris:BottledRain","conspire:Boomerang","ReplayTheSpireMod:TigerMarble","infinitespire:Eraser","aspiration:SecretTechniqueScroll","hubris:Towel","ReplayTheSpireMod:Ninjato","Onion Ring","HaiYi:Twilight"],"acts_visited":["Gensokyo:Gensokyo","Gensokyo:Gensokyoer","Gensokyo:Gensokyoest","Gensokyo:Gensokyo","Gensokyo:Gensokyoer","Gensokyo:Gensokyoest","Hallownest:Greenpath"],"potions_floor_usage":[16,73],"damage_taken":[{"damage":0,"enemies":"Gensokyo:Python","floor":1,"turns":4},{"damage":2,"enemies":"Gensokyo:2_Kodama","floor":3,"turns":3},{"damage":0,"enemies":"Gensokyo:3_Fairies","floor":4,"turns":4},{"damage":1,"enemies":"Gensokyo:VengefulSpirit","floor":5,"turns":5},{"damage":0,"enemies":"Gensokyo:LivingMonolith","floor":8,"turns":2},{"damage":24,"enemies":"Gensokyo:Cirno","floor":12,"turns":6},{"damage":9,"enemies":"Gensokyo:Mamizou","floor":14,"turns":6},{"damage":10,"enemies":"Gensokyo:Kokoro","floor":16,"turns":6},{"damage":35,"enemies":"Gensokyo:3_Dogs","floor":18,"turns":5},{"damage":2,"enemies":"Gensokyo:2_Gloops","floor":19,"turns":4},{"damage":14,"enemies":"Gensokyo:Swordslinger","floor":22,"turns":6},{"damage":49,"enemies":"Gensokyo:Slime_Group","floor":24,"turns":5},{"damage":13,"enemies":"Gensokyo:Reisen","floor":29,"turns":3},{"damage":18,"enemies":"Gensokyo:Monolith_and_Dog","floor":31,"turns":3},{"damage":0,"enemies":"Gensokyo:Eternal_Rivals","floor":33,"turns":5},{"damage":1,"enemies":"Gensokyo:3_Bats","floor":35,"turns":3},{"damage":0,"enemies":"Gensokyo:AncientGuardian","floor":36,"turns":1},{"damage":0,"enemies":"Gensokyo:3_Boulders","floor":37,"turns":2},{"damage":0,"enemies":"Gensokyo:Rafflesia","floor":38,"turns":3},{"damage":10,"enemies":"Gensokyo:Kasen","floor":41,"turns":4},{"damage":2,"enemies":"Gensokyo:SeedOfUnknown","floor":42,"turns":3},{"damage":35,"enemies":"Nightmare","floor":46,"turns":5},{"damage":0,"enemies":"Gensokyo:Yuyuko","floor":50,"turns":4},{"damage":0,"enemies":"Gensokyo:2_Kodama","floor":52,"turns":2},{"damage":5,"enemies":"Gensokyo:Cirno","floor":58,"turns":4},{"damage":0,"enemies":"Gensokyo:3_Fairies","floor":59,"turns":2},{"damage":0,"enemies":"Gensokyo:Python","floor":62,"turns":3},{"damage":0,"enemies":"Gensokyo:LivingMonolith","floor":63,"turns":2},{"damage":0,"enemies":"Gensokyo:Python_and_Kodama","floor":64,"turns":2},{"damage":0,"enemies":"Gensokyo:Aya","floor":65,"turns":2},{"damage":0,"enemies":"Gensokyo:Yukari","floor":67,"turns":2},{"damage":0,"enemies":"Gensokyo:CosmicMonolith","floor":69,"turns":1},{"damage":0,"enemies":"Gensokyo:3_Dogs","floor":72,"turns":2},{"damage":0,"enemies":"Gensokyo:Swordslinger","floor":73,"turns":2},{"damage":0,"enemies":"Gensokyo:Tenshi","floor":75,"turns":1},{"damage":0,"enemies":"Gensokyo:Reisen","floor":78,"turns":2},{"damage":0,"enemies":"Gensokyo:Tenshi","floor":81,"turns":1},{"damage":0,"enemies":"Gensokyo:Eternal_Rivals","floor":84,"turns":4},{"damage":0,"enemies":"Gensokyo:AncientGuardian","floor":86,"turns":1},{"damage":0,"enemies":"Gensokyo:3_Boulders","floor":87,"turns":3},{"damage":0,"enemies":"Gensokyo:AtlasGolem","floor":89,"turns":2},{"damage":0,"enemies":"Gensokyo:Dusk_and_Dawn","floor":90,"turns":1},{"damage":0,"enemies":"Gensokyo:Kasen","floor":92,"turns":3},{"damage":0,"enemies":"Gensokyo:Sharpion","floor":93,"turns":2},{"damage":0,"enemies":"Gensokyo:Doremy","floor":95,"turns":2},{"damage":0,"enemies":"Gensokyo:SeedOfUnknown","floor":96,"turns":2},{"damage":0,"enemies":"Gensokyo:Rafflesia","floor":99,"turns":2},{"damage":0,"enemies":"Gensokyo:Scarlet_Devils","floor":101,"turns":4}],"seed_played":"-8501001467537527832","potions_obtained":[{"floor":4,"key":"BlessingOfTheForge"},{"floor":12,"key":"PowerPotion"},{"floor":14,"key":"Venom Potion"},{"floor":22,"key":"SCP261:SweetSwarmPotion"},{"floor":38,"key":"Ancient Potion"},{"floor":58,"key":"Poison Potion"},{"floor":62,"key":"AttackPotion"},{"floor":72,"key":"Regen Potion"},{"floor":84,"key":"FearPotion"}],"is_trial":false,"path_per_floor":["M","?","M","M","M","R","?","M","T","COS","?","E","$","E","R","B",null,"M","M","?","COS","M","R","M","AVR","T","R","T","E","R","M","R","B",null,"M","M","M","M","COS","?","E","M","T","?","R","NM","R","$","R","B",null,"M","?","$","?","?","R","E","M","T","R","M","M","M","?","R","B",null,"M","?","?","M","M","R","E","T","T","E","?","$","E","$","R","B",null,"M","M","?","M","M","R","E","M","T","E","M","?","R","M","R","B",null],"character_chosen":"THE_SILENT","items_purchased":["Vampiric Spirits","Snack Pack","ReplayTheSpireMod:TigerMarble"],"campfire_rested":6,"item_purchase_floors":[48,54,80],"current_hp_per_floor":[70,70,68,68,67,67,67,67,67,67,70,46,46,37,58,48,70,42,40,44,44,30,53,4,4,4,27,27,14,37,19,42,42,77,76,76,76,77,77,77,67,65,65,65,65,30,30,30,53,53,77,77,62,62,62,62,62,72,77,77,77,77,77,77,77,77,77,77,77,71,64,64,64,64,64,64,64,64,64,64,64,64,64,64,64,64,64,64,64,64,64,64,64,64,64,64,64,64,64,64,64,64,64],"gold":181,"neow_bonus":"ONE_RANDOM_RARE_CARD","is_daily":false,"chose_seed":false,"campfire_upgraded":10,"win_rate":0.0,"timestamp":1609025242,"path_taken":["M","?","M","M","M","R","?","M","T","COS","?","E","$","E","R","BOSS","M","M","?","COS","?","R","M","AVR","T","R","?","E","R","M","R","BOSS","M","M","M","M","COS","?","E","M","T","?","R","NM","R","?","R","BOSS","M","?","?","?","?","R","E","?","T","R","M","M","?","?","R","BOSS","M","?","?","M","M","R","E","?","T","E","?","?","E","$","R","BOSS","M","?","?","M","M","R","E","M","T","E","M","?","R","M","R","BOSS"],"items_purchased_type":["Relic","Relic","Relic"],"build_version":"2020-12-22","purchased_purges":1,"victory":false,"max_hp_per_floor":[70,70,70,70,70,70,70,70,70,70,70,70,70,70,70,70,70,77,77,77,77,77,77,77,77,77,77,77,77,77,77,77,77,77,77,77,77,77,77,77,77,77,77,77,77,77,77,77,77,77,77,77,77,77,77,77,77,77,77,77,77,77,77,77,77,77,77,77,77,71,64,64,64,64,64,64,64,64,64,64,64,64,64,64,64,64,64,64,64,64,64,64,64,64,64,64,64,64,64,64,64,64,64],"card_choices":[{"not_picked":["Backflip","Sucker Punch"],"picked":"Cloak And Dagger","floor":1},{"not_picked":["Acrobatics","rorgmod:Slice","Outmaneuver","Hidden Blade"],"picked":"ReplayTheSpireMod:Shiv Toss","floor":2},{"not_picked":["Blur","ReplayTheSpireMod:Speed Training","rorgmod:Slice","hubris:SlightOfHand"],"picked":"Blade Dance","floor":2},{"not_picked":["hubris:TrickCloak","Terror","PiercingWail","Tactician","Poisoned Stab"],"picked":"SKIP","floor":3},{"not_picked":["Sucker Punch","PiercingWail","Backflip","Dagger Spray","rorgmod:Slice"],"picked":"SKIP","floor":4},{"not_picked":["rorgmod:Tools of the Trade","Concentrate","Quick Slash","Outmaneuver"],"picked":"rorgmod:Accuracy","floor":5},{"not_picked":["StuffTheSpire:BumpUp","Flying Knee","Dagger Spray","StuffTheSpire:ClusterCrunch","ReplayTheSpireMod:Tripwire"],"picked":"SKIP","floor":8},{"not_picked":["Tactician","Dagger Throw+1","Dagger Spray+1","StuffTheSpire:BumpUp+1"],"picked":"Hidden Blade","floor":12},{"not_picked":["MostiFishMod:FullyArmed","infinitespire:Neurotoxin","MostiFishMod:Opportunism","A Thousand Cuts"],"picked":"rorgmod:Wraith Form","floor":14},{"not_picked":["MostiFishMod:PerfectParry","StuffTheSpire:BumpUp+1","StuffTheSpire:Injection+1","Replay:Bag of Tricks"],"picked":"Glass Knife+1","floor":14},{"not_picked":["infinitespire:Neurotoxin","Unload+1","Poison Darts","MostiFishMod:FullyArmed"],"picked":"MostiFishMod:VineMother","floor":16},{"not_picked":["hubris:TrickCloak","StuffTheSpire:ClusterCrunch+1","StuffTheSpire:BrimstoneBlast+1","Hidden Blade"],"picked":"Infinite Blades+1","floor":18},{"not_picked":["Dagger Throw+1","Masterful Stab+1","StuffTheSpire:Repulse+1","Poisoned Stab+1"],"picked":"rorgmod:Prepared","floor":19},{"not_picked":["StuffTheSpire:Python","MostiFishMod:InvigoratingSolution","MostiFishMod:PerfectParry+1","PiercingWail"],"picked":"rorgmod:Accuracy","floor":22},{"not_picked":["Heel Hook+1","rorgmod:Slice+1","hubris:TrickCloak","Dagger Throw+1"],"picked":"StuffTheSpire:BrimstoneBlast+1","floor":24},{"not_picked":["hubris:SlightOfHand","Hidden Blade","PiercingWail","ReplayTheSpireMod:Shiv Toss","rorgmod:Catalyst"],"picked":"SKIP","floor":29},{"not_picked":["Replay:Bag of Tricks","Backflip","Deadly Poison+1","rorgmod:Reflex","conspire:PoisonWeapons+1"],"picked":"SKIP","floor":31},{"not_picked":["A Thousand Cuts","ReplayTheSpireMod:Necrosis","MostiFishMod:GrandStart+1","MostiFishMod:WinterMarkForm"],"picked":"After Image","floor":33},{"not_picked":["StuffTheSpire:ClusterCrunch+1","rorgmod:Prepared","Calculated Gamble","Skewer+1","StuffTheSpire:BumpUp+1"],"picked":"SKIP","floor":35},{"not_picked":["Deflect+1","ReplayTheSpireMod:Shiv Toss","StuffTheSpire:BumpUp+1","Flying Knee+1","Setup"],"picked":"SKIP","floor":36},{"not_picked":["Bouncing Flask","rorgmod:Prepared","Acrobatics","hubris:Sniper+1"],"picked":"StuffTheSpire:Incantation+1","floor":37},{"not_picked":["StuffTheSpire:Python","Blade Dance","PiercingWail","Concentrate+1","Bane+1"],"picked":"SKIP","floor":38},{"not_picked":["Finisher+1","MostiFishMod:ThornCasing+1","MostiFishMod:Opportunism","Deflect"],"picked":"rorgmod:Accuracy+1","floor":41},{"not_picked":["Acrobatics","MostiFishMod:ThornCasing+1","MostiFishMod:PerfectParry+1","StuffTheSpire:Python","StuffTheSpire:Injection+1"],"picked":"SKIP","floor":42},{"not_picked":["Skewer+1","rorgmod:Tendon Slice+1","Deflect+1","Deadly Poison+1","Blade Dance"],"picked":"SKIP","floor":46},{"not_picked":["MostiFishMod:Listen","rorgmod:Phantasmal Killer","After Image","Atom Bomb+1"],"picked":"MostiFishMod:FullyArmed","floor":50},{"not_picked":["MostiFishMod:PerfectParry","Dagger Spray+1","Bane+1","Poisoned Stab+1","rorgmod:Slice+1"],"picked":"SKIP","floor":52},{"not_picked":["Blade Dance","Acrobatics","Dodge and Roll","StuffTheSpire:Incantation"],"picked":"Caltrops","floor":58},{"not_picked":["Flying Knee+1","hubris:Counter+1","Quick Slash+1","Bane+1","conspire:DoublingDagger"],"picked":"SKIP","floor":59},{"not_picked":["MostiFishMod:InvigoratingSolution","StuffTheSpire:Incursion","StuffTheSpire:BumpUp+1","Acrobatics","Bane+1"],"picked":"SKIP","floor":62},{"not_picked":["Bouncing Flask","MostiFishMod:PreservedThorns","StuffTheSpire:Incursion","StuffTheSpire:Python","Noxious Fumes"],"picked":"SKIP","floor":63},{"not_picked":["rorgmod:Slice+1","Dodge and Roll","MostiFishMod:HiddenBlade","Sucker Punch+1","StuffTheSpire:BumpUp+1"],"picked":"SKIP","floor":64},{"not_picked":["Outmaneuver","Terror","rorgmod:Slice+1","hubris:SlightOfHand","StuffTheSpire:MirrorStance"],"picked":"SKIP","floor":65},{"not_picked":["Night Terror","Burst","Malaise","MostiFishMod:FullyArmed"],"picked":"MostiFishMod:ShivMaster","floor":67},{"not_picked":["StuffTheSpire:Python","Heel Hook+1","Outmaneuver","rorgmod:Slice+1","StuffTheSpire:BrimstoneBlast+1"],"picked":"SKIP","floor":69},{"not_picked":["Gensokyo:EightFeetTall","Gensokyo:MenInBlack","Gensokyo:TurboGranny","Gensokyo:Apocalypse+1"],"picked":"Gensokyo:SevenSchoolMysteries","floor":71},{"not_picked":["Deadly Poison","Bouncing Flask+1","Dagger Spray+1","StuffTheSpire:ClusterCrunch+1","hubris:Counter+1"],"picked":"SKIP","floor":72},{"not_picked":["rorgmod:Prepared","StuffTheSpire:Injection+1","MostiFishMod:PerfectParry","StuffTheSpire:DoubleShiv","Blade Dance"],"picked":"SKIP","floor":73},{"not_picked":["MostiFishMod:PreservedThorns","Fluid Movement","Caltrops","Backflip+1","StuffTheSpire:Python"],"picked":"SKIP","floor":75},{"not_picked":["ReplayTheSpireMod:Shiv Toss","Infinite Blades+1","rorgmod:Tendon Slice+1","Burst","Atom Bomb+1"],"picked":"SKIP","floor":78},{"not_picked":["StuffTheSpire:Injection+1","PiercingWail","MostiFishMod:AdrenalineArouse","Bane+1","rorgmod:Prepared"],"picked":"SKIP","floor":81},{"not_picked":["Poison Darts","Malaise","MostiFishMod:ShivMaster","Glass Knife+1"],"picked":"MostiFishMod:WinterMarkForm","floor":84},{"not_picked":["ReplayTheSpireMod:Haul","ReplayTheSpireMod:Black Plague"],"picked":"infinitespire:Gouge","floor":85},{"not_picked":["Dodge and Roll+1","ReplayTheSpireMod:Tripwire","Blade Dance+1","StuffTheSpire:Python+1","Cloak And Dagger+1"],"picked":"SKIP","floor":86},{"not_picked":["StuffTheSpire:BumpUp+1","Setup+1","Blur+1","Poisoned Stab+1","Calculated Gamble+1"],"picked":"SKIP","floor":87},{"not_picked":["conspire:DoublingDagger","Noxious Fumes+1","rorgmod:Accuracy","ReplayTheSpireMod:The Works","rorgmod:Prepared+1"],"picked":"SKIP","floor":89},{"not_picked":["rorgmod:Prepared+1","Poisoned Stab+1","StuffTheSpire:BumpUp+1","Setup+1","PiercingWail"],"picked":"SKIP","floor":90},{"not_picked":["Backflip","StuffTheSpire:Injection+1","Tactician","Toxin Wave+1","rorgmod:Tendon Slice+1"],"picked":"SKIP","floor":92},{"not_picked":["Cloak And Dagger+1","StuffTheSpire:ClusterCrunch+1","Dagger Spray+1","Hidden Blade+1","Acrobatics"],"picked":"SKIP","floor":93},{"not_picked":["Cloak And Dagger","MostiFishMod:PerfectParry+1","Infinite Blades+1","Grand Finale+1"],"picked":"ReplayTheSpireMod:Scrap Shanks+1","floor":95},{"not_picked":["Distraction+1","hubris:TrickCloak+1","Dodge and Roll","StuffTheSpire:BumpUp+1","Toxin Wave"],"picked":"SKIP","floor":96},{"not_picked":["PiercingWail+1","StuffTheSpire:BumpUp+1","Blur","Deadly Poison","Acrobatics"],"picked":"SKIP","floor":99}],"player_experience":262256,"relics_obtained":[{"floor":1,"key":"SynthV:TestCard"},{"floor":9,"key":"Molten Egg 2"},{"floor":12,"key":"Ice Cream"},{"floor":14,"key":"halation:PrussianBluePaint"},{"floor":26,"key":"StuffTheSpire:RubySignet"},{"floor":28,"key":"Replay:Bottled Eggs"},{"floor":29,"key":"Quantum Egg"},{"floor":41,"key":"aspiration:FetidBarrel"},{"floor":43,"key":"Lantern"},{"floor":46,"key":"Replay:Rubber Ducky"},{"floor":58,"key":"Pondfish Scales"},{"floor":60,"key":"Garlic"},{"floor":65,"key":"StuffTheSpire:ForceGauntlet"},{"floor":75,"key":"hubris:AncientText"},{"floor":76,"key":"ThornShield"},{"floor":77,"key":"hubris:BottledRain"},{"floor":78,"key":"conspire:Boomerang"},{"floor":81,"key":"infinitespire:Eraser"},{"floor":92,"key":"ReplayTheSpireMod:Ninjato"},{"floor":95,"key":"Onion Ring"}],"event_choices":[{"damage_healed":4,"gold_gain":0,"player_choice":"LEAVE ","damage_taken":0,"relics_obtained":[],"max_hp_gain":0,"max_hp_loss":0,"event_name":"betterSkull:BetterSkull","floor":11,"gold_loss":0,"cards_upgraded":[]},{"damage_healed":4,"gold_gain":0,"player_choice":"LEAVE ","damage_taken":0,"relics_obtained":[],"max_hp_gain":0,"max_hp_loss":0,"event_name":"betterSkull:BetterSkull","floor":20,"gold_loss":0,"cards_upgraded":[]},{"damage_healed":0,"gold_gain":0,"player_choice":"2","damage_taken":0,"max_hp_gain":0,"max_hp_loss":0,"event_name":"betterMatch:BetterMatch","floor":44,"gold_loss":0,"cards_obtained":["betterMatch:UncommonCard"]},{"damage_healed":0,"gold_gain":0,"player_choice":"RE ","damage_taken":17,"relics_obtained":["aspiration:ChemicalBlood"],"max_hp_gain":0,"max_hp_loss":0,"event_name":"betterSkull:BetterSkull","floor":53,"gold_loss":0,"cards_upgraded":[]}],"is_beta":false,"boss_relics":[{"not_picked":["SacredBark","rorgmod:Empty Cage"],"picked":"aspiration:RunicSpoon"},{"not_picked":["ShadowXiaoBlade","Sozu"],"picked":"ChiXiaoBlade"},{"not_picked":["hubris:CrackedHourglass","hubris:GrandSneckoEye"],"picked":"StuffTheSpire:RunicHypercube"},{"not_picked":["conspire:SeveredTorchhead","energizedSpire:RedRose"],"picked":"PatriotShield"},{"not_picked":["energizedSpire:SpiderWeb","StuffTheSpire:Kangaroo"],"picked":"aspiration:SecretTechniqueScroll"},{"not_picked":["Runic Pyramid","Busted Crown"],"picked":"HaiYi:Twilight"}],"items_purged_floors":[25],"is_endless":true,"potions_floor_spawned":[4,12,14,22,24,31,38,46,50,58,62,64,65,72,84,89,90,93,95],"ascension_level":3}}