{"host":"ya062ahhhuj9au1o","time":1609012629,"event":{"mods":["BaseMod","Better Third Choice","Filter the Spire","Hermit","Minty Spire (QoL Compilation)","Random Character Button","Robot Space Explorer","Somnambulant","StSLib","The Bug Knight","The Cursed","The Servant 0.9.4"],"gold_per_floor":[116,116,129,149,99,99,99,137,161,177,177,75,91,91,91,200,200,220,145,172,182,224,224,266,266,266,304,329,354,354,453,453,460,460],"floor_reached":33,"playtime":1911,"items_purged":["hermit:Defend_Hermit"],"score":356,"play_id":"2d8f520b-a42a-4e9f-9801-721f558fc472","local_time":"20201226145709","is_ascension_mode":true,"campfire_choices":[{"data":"hermit:WideOpen","floor":6.0,"key":"SMITH"},{"data":"hermit:Scavenge","floor":11.0,"key":"SMITH"},{"data":"hermit:CursedWeapon","floor":15.0,"key":"SMITH"},{"data":"hermit:FlashPowder","floor":23,"key":"SMITH"},{"floor":25,"key":"REST"},{"floor":32,"key":"REST"}],"circlet_count":0,"master_deck":["hermit:Strike_Hermit","hermit:Strike_Hermit","hermit:Defend_Hermit","hermit:Defend_Hermit","hermit:Snapshot","hermit:Covet","Panache","hermit:WideOpen+1","hermit:Scavenge+1","hermit:CursedWeapon+1","hermit:Headshot","hermit:FlashPowder+1","CurseOfTheBell","hermit:CalledShot","hermit:Glare","hermit:CursedWeapon","hermit:BodyArmor+1","hermit:Scavenge","hermit:CalledShot","hermit:Virtue+1"],"relics":["hermit:Momento","Oddly Smooth Stone","Anchor","Calling Bell","Vajra","Letter Opener","Pocketwatch","Red Mask","Boot","hermit:Horseshoe","Turnip"],"acts_visited":["Exordium","TheCity"],"potions_floor_usage":[24,29],"damage_taken":[{"damage":5.0,"enemies":"Small Slimes","floor":1.0,"turns":3.0},{"damage":1.0,"enemies":"Cultist","floor":3.0,"turns":3.0},{"damage":5.0,"enemies":"2 Louse","floor":4.0,"turns":3.0},{"damage":18.0,"enemies":"3 Sentries","floor":8.0,"turns":8.0},{"damage":3.0,"enemies":"Looter","floor":10.0,"turns":4.0},{"damage":2.0,"enemies":"Exordium Wildlife","floor":13.0,"turns":2.0},{"damage":34.0,"enemies":"The Guardian","floor":16.0,"turns":11.0},{"damage":2.0,"enemies":"Spheric Guardian","floor":18.0,"turns":4.0},{"damage":11.0,"enemies":"Shell Parasite","floor":20.0,"turns":4.0},{"damage":4.0,"enemies":"Centurion and Healer","floor":21.0,"turns":4.0},{"damage":6,"enemies":"Masked Bandits","floor":22,"turns":4},{"damage":34,"enemies":"Gremlin Leader","floor":24,"turns":3},{"damage":10,"enemies":"HollowMod:Nosk","floor":27,"turns":6},{"damage":7,"enemies":"3 Cultists","floor":28,"turns":4},{"damage":4,"enemies":"Chosen and Byrds","floor":29,"turns":5},{"damage":47,"enemies":"Collector","floor":33,"turns":5}],"seed_played":"5519537267417161418","potions_obtained":[{"floor":4.0,"key":"Fire Potion"},{"floor":8.0,"key":"Swift Potion"},{"floor":10.0,"key":"Block Potion"},{"floor":16.0,"key":"ColorlessPotion"},{"floor":21.0,"key":"EssenceOfSteel"},{"floor":27,"key":"Weak Potion"},{"floor":28,"key":"Regen Potion"},{"floor":29,"key":"FearPotion"}],"is_trial":false,"path_per_floor":["M","?","M","M","?","R","?","E","T","M","R","$","M","$","R","B",null,"M","?","M","M","?","R","E","R","T","E","M","M","?","?","R","B"],"character_chosen":"HERMIT","items_purchased":["hermit:Headshot"],"campfire_rested":2,"item_purchase_floors":[12],"current_hp_per_floor":[49,49,48,43,43,43,68,50,50,47,47,47,45,45,45,11,59,57,57,46,42,36,36,2,24,24,14,7,3,3,3,25,0,0],"gold":460,"neow_bonus":"RANDOM_COLORLESS_2","is_daily":false,"chose_seed":false,"campfire_upgraded":4,"win_rate":0.0,"timestamp":1609012629,"path_taken":["M","?","?","M","?","R","?","E","T","M","R","?","M","$","R","BOSS","M","?","M","M","?","R","E","R","T","E","M","M","?","?","R","BOSS"],"items_purchased_type":["Card"],"build_version":"2020-12-22","purchased_purges":1,"victory":false,"max_hp_per_floor":[75,75,75,75,75,75,75,75,75,75,75,75,75,75,75,75,75,75,75,75,75,75,75,75,75,75,75,75,75,75,75,75,75,75],"card_choices":[{"not_picked":["Magnetism","Chrysalis"],"picked":"Panache","floor":0.0},{"not_picked":["hermit:Shortfuse","hermit:Midnight"],"picked":"hermit:WideOpen","floor":1.0},{"not_picked":["hermit:Cheat","hermit:ItchyTrigger"],"picked":"hermit:Scavenge","floor":3.0},{"not_picked":["hermit:Gestalt","hermit:LowProfile","hermit:Coalescence"],"picked":"SKIP","floor":4.0},{"not_picked":["hermit:Snipe","hermit:Headshot"],"picked":"hermit:CursedWeapon","floor":8.0},{"not_picked":["hermit:BigShot","hermit:Roulette","hermit:LowProfile"],"picked":"SKIP","floor":10.0},{"not_picked":["hermit:Ricochet","hermit:Coalescence"],"picked":"hermit:FlashPowder","floor":13.0},{"not_picked":["hermit:HoleUp+1","hermit:Feint"],"picked":"hermit:CalledShot","floor":18.0},{"not_picked":["hermit:WideOpen","hermit:Combo","hermit:DeadMansHand"],"picked":"SKIP","floor":20.0},{"not_picked":["hermit:Reprieve","hermit:LuckOfTheDraw"],"picked":"hermit:Glare","floor":21.0},{"not_picked":["hermit:Headshot","hermit:Horror+1"],"picked":"hermit:CursedWeapon","floor":22},{"not_picked":["hermit:Snipe+1","hermit:Headshot"],"picked":"hermit:BodyArmor+1","floor":24},{"not_picked":["hermit:Dive","hermit:CursedWeapon"],"picked":"hermit:Scavenge","floor":27},{"not_picked":["hermit:Gestalt","hermit:Grudge"],"picked":"hermit:CalledShot","floor":28},{"not_picked":["hermit:ItchyTrigger+1","hermit:TakeAim"],"picked":"hermit:Virtue+1","floor":29}],"player_experience":1673641,"relics_obtained":[{"floor":8.0,"key":"Oddly Smooth Stone"},{"floor":9.0,"key":"Anchor"},{"floor":17.0,"key":"Vajra"},{"floor":17.0,"key":"Letter Opener"},{"floor":17.0,"key":"Pocketwatch"},{"floor":22,"key":"Red Mask"},{"floor":24,"key":"Boot"},{"floor":26,"key":"hermit:Horseshoe"},{"floor":27,"key":"Turnip"}],"event_choices":[{"cards_removed":["hermit:Defend_Hermit"],"damage_healed":0.0,"max_hp_gain":0.0,"max_hp_loss":0.0,"gold_gain":0.0,"event_name":"Bonfire Elementals","player_choice":"Offered Basic","floor":2.0,"gold_loss":0.0,"damage_taken":0.0},{"cards_removed":["hermit:Strike_Hermit"],"damage_healed":0.0,"max_hp_gain":0.0,"max_hp_loss":0.0,"gold_gain":0.0,"event_name":"The Cleric","player_choice":"Card Removal","floor":5.0,"gold_loss":50.0,"damage_taken":0.0},{"damage_healed":25.0,"max_hp_gain":0.0,"max_hp_loss":0.0,"gold_gain":0.0,"event_name":"Big Fish","player_choice":"Banana","floor":7.0,"gold_loss":0.0,"damage_taken":0.0},{"cards_removed":["hermit:Strike_Hermit"],"damage_healed":0.0,"max_hp_gain":0.0,"max_hp_loss":0.0,"gold_gain":0.0,"event_name":"Beggar","player_choice":"Gave Gold","floor":19.0,"gold_loss":75.0,"damage_taken":0.0},{"damage_healed":0,"gold_gain":0,"player_choice":"Fought Bandits","damage_taken":0,"max_hp_gain":0,"max_hp_loss":0,"event_name":"Masked Bandits","floor":22,"gold_loss":0},{"damage_healed":0,"gold_gain":0,"player_choice":"Ignored","damage_taken":0,"max_hp_gain":0,"max_hp_loss":0,"event_name":"Vampires","floor":30,"gold_loss":0},{"damage_healed":0,"gold_gain":99,"player_choice":"Steal","damage_taken":0,"max_hp_gain":0,"max_hp_loss":0,"event_name":"betterThird:BetterNest","floor":31,"gold_loss":0}],"is_beta":false,"boss_relics":[{"not_picked":["Black Star","Fusion Hammer"],"picked":"Calling Bell"}],"items_purged_floors":[12],"is_endless":false,"potions_floor_spawned":[4,8,10,16,21,27,28,29],"killed_by":"Collector","ascension_level":5}}