{"host":"rkizb0bayd67deyv","time":1609000408,"event":{"mods":["2.2 Compatiblity","AchievementEnabler","Astrologer","BaseMod","Beaked The Cultist","BetterRewards","CapriCore","Colored Map","Colored Powertips","GifTheSpireLib","Gremlin Mod","KinomotoSakuraMod(ñÿîVñ{?)","Koishi","Mad Scientist","MarisaÅiñ∂âJÅ@ñÇóùçπÅj","Minty Spire (QoL Compilation)","Quick Restart","StSLib","SuperFastMode","The Bladedancer","The Cursed","The Death Knight","The Immortal","The Mystic","The Poker Player","Unknown Chances","YoumuÅiç∞ÈÆódöÎÅj"],"gold_per_floor":[118,218,228,248,264,290,240,240,240,240,254,70,95,95,95,191,191,210,222,77,77,77,108,133,133,133,162,11,11,26,46,46,146,146,161,178,178,232,247,281,281,281,281,291,301,301,313,330,330,330],"floor_reached":51,"playtime":1577,"items_purged":["Gremlin:Strike","Gremlin:Strike"],"score":1495,"play_id":"aa68a9e2-d77f-4e03-ad29-2d0f28966dbe","local_time":"20201227013328","is_ascension_mode":true,"campfire_choices":[{"data":"Gremlin:Pinprick","floor":8.0,"key":"SMITH"},{"data":"Metamorphosis","floor":15.0,"key":"SMITH"},{"data":"Gremlin:GremlinMeal","floor":25.0,"key":"SMITH"},{"data":"Gremlin:Fury","floor":29.0,"key":"SMITH"},{"data":"Gremlin:GremlinArms","floor":32.0,"key":"SMITH"},{"data":"1","floor":42.0,"key":"LIFT"},{"data":"2","floor":46,"key":"LIFT"},{"data":"3","floor":49,"key":"LIFT"}],"circlet_count":0,"master_deck":["Gremlin:Strike+1","Gremlin:Strike+1","Gremlin:Defend+1","Gremlin:Defend+1","Gremlin:TagTeam+1","Gremlin:GremlinDance+1","Gremlin:Pinprick+1","Finesse+1","Gremlin:GlitterGuard+1","Gremlin:Pinprick+1","Gremlin:GremlinArms+1","Metamorphosis+1","Gremlin:Fury+1","Gremlin:Unforgiving+1","Gremlin:GremlinMeal+1","Gremlin:TwistTheKnife+1","Gremlin:GremlinMeal+1","Gremlin:GremlinMeal+1","Gremlin:GremlinArms+1","beaked:WalkersFury+1","Gremlin:SecondVolley"],"relics":["Gremlin:GremlinKnob","Peace Pipe","Pen Nib","Shuriken","Kunai","Tiny Chest","Centennial Puzzle","Matryoshka","Bag of Preparation","Gremlin Horn","Coffee Dripper","Art of War","Smiling Mask","Dream Catcher","Mercury Hourglass","Bronze Scales","War Paint","beaked:SacredDeck","Mark of the Bloom","Incense Burner","Dead Branch","Girya","Gremlin:WizardStaff"],"acts_visited":["Exordium","TheCity","TheBeyond"],"potions_floor_usage":[],"damage_taken":[{"damage":0.0,"enemies":"Small Slimes","floor":1.0,"turns":5.0},{"damage":0.0,"enemies":"Cultist","floor":3.0,"turns":2.0},{"damage":5.0,"enemies":"Jaw Worm","floor":4.0,"turns":5.0},{"damage":1.0,"enemies":"3 Louse","floor":5.0,"turns":6.0},{"damage":9.0,"enemies":"Gremlin Nob","floor":6.0,"turns":4.0},{"damage":0.0,"enemies":"Gremlin Gang","floor":11.0,"turns":2.0},{"damage":0.0,"enemies":"Lagavulin","floor":13.0,"turns":3.0},{"damage":27.0,"enemies":"The Guardian","floor":16.0,"turns":10.0},{"damage":6.0,"enemies":"3 Byrds","floor":18.0,"turns":2.0},{"damage":6.0,"enemies":"2 Thieves","floor":19.0,"turns":3.0},{"damage":3.0,"enemies":"Book of Stabbing","floor":23.0,"turns":3.0},{"damage":0.0,"enemies":"Gremlin Leader","floor":27.0,"turns":2.0},{"damage":2.0,"enemies":"Snake Plant","floor":30.0,"turns":2.0},{"damage":0.0,"enemies":"Shelled Parasite and Fungi","floor":31.0,"turns":1.0},{"damage":0.0,"enemies":"Collector","floor":33.0,"turns":4.0},{"damage":0.0,"enemies":"Orb Walker","floor":35.0,"turns":2.0},{"damage":9.0,"enemies":"3 Darklings","floor":36.0,"turns":3.0},{"damage":0.0,"enemies":"2 Orb Walkers","floor":38.0,"turns":2.0},{"damage":0.0,"enemies":"Sphere and 2 Shapes","floor":39.0,"turns":2.0},{"damage":0.0,"enemies":"Giant Head","floor":40.0,"turns":3.0},{"damage":0.0,"enemies":"Spire Growth","floor":44.0,"turns":2.0},{"damage":2.0,"enemies":"Writhing Mass","floor":45.0,"turns":3.0},{"damage":0,"enemies":"Sphere and 2 Shapes","floor":47,"turns":1},{"damage":0,"enemies":"Transient","floor":48,"turns":5},{"damage":1,"enemies":"Donu and Deca","floor":50,"turns":2}],"seed_played":"-5834562084855827469","potions_obtained":[{"floor":3.0,"key":"ColorlessPotion"},{"floor":4.0,"key":"DuplicationPotion"},{"floor":5.0,"key":"Weak Potion"},{"floor":11.0,"key":"FearPotion"},{"floor":18.0,"key":"BlessingOfTheForge"},{"floor":31.0,"key":"Weak Potion"},{"floor":33.0,"key":"Dexterity Potion"},{"floor":35.0,"key":"Block Potion"}],"is_trial":false,"path_per_floor":["M","?","M","M","M","E","?","R","T","?","M","$","E","T","R","B",null,"M","M","$","?","$","E","T","R","T","E","$","R","M","M","R","B",null,"M","M","?","?","M","E","T","R","T","M","M","R","M","M","R","B",null],"character_chosen":"GREMLIN","items_purchased":["Pen Nib","Shuriken","Kunai","Gremlin:Pinprick","Finesse","Metamorphosis","Gremlin:TwistTheKnife","War Paint"],"campfire_rested":0,"item_purchase_floors":[0,0,0,0,0,12,20,28],"current_hp_per_floor":[20,20,20,15,20,5,5,5,5,3,18,18,3,3,3,6,17,20,16,16,16,16,7,7,7,7,7,7,7,5,5,5,5,16,16,20,20,19,16,16,16,16,16,16,14,14,14,14,14,20],"gold":330,"neow_bonus":"","is_daily":false,"chose_seed":false,"campfire_upgraded":5,"win_rate":0.0,"timestamp":1609000408,"path_taken":["M","?","M","M","?","E","?","R","T","?","M","?","E","?","R","BOSS","M","?","?","?","$","E","?","R","T","E","$","R","?","M","R","BOSS","M","M","?","?","M","E","?","R","T","M","M","R","?","M","R","BOSS"],"items_purchased_type":["Relic","Relic","Relic","Card","Card","Card","Card","Relic"],"build_version":"2020-12-22","purchased_purges":2,"victory":true,"max_hp_per_floor":[20,20,20,20,20,20,20,20,20,20,20,20,20,20,20,20,20,20,20,20,20,20,20,20,20,20,20,20,20,20,20,20,20,20,20,20,20,20,20,20,20,20,20,20,20,20,20,20,20,20],"card_choices":[{"not_picked":["Gremlin:Changeo","Gremlin:Pretaliation","Gremlin:FeelTheAudience"],"picked":"SKIP","floor":1.0},{"not_picked":["Gremlin:Rhythm","Gremlin:CatScratch","Gremlin:ShowOfHands"],"picked":"SKIP","floor":3.0},{"not_picked":["Gremlin:Changeo","Gremlin:AggressiveDefense"],"picked":"Gremlin:GlitterGuard","floor":4.0},{"not_picked":["Gremlin:Astound","Gremlin:FanOfKnives","Gremlin:Fury"],"picked":"SKIP","floor":5.0},{"not_picked":["Gremlin:Tricksy","Gremlin:CounterStrike"],"picked":"Gremlin:Pinprick","floor":6.0},{"not_picked":["Gremlin:BubbleBarrier","Gremlin:Patsy"],"picked":"Gremlin:GremlinArms","floor":11.0},{"not_picked":["Gremlin:Stupend","Gremlin:PinNeedle"],"picked":"Gremlin:Fury","floor":13.0},{"not_picked":["Gremlin:TargetWeakness","Gremlin:Necromancy"],"picked":"Gremlin:Unforgiving","floor":16.0},{"not_picked":["Gremlin:Dazzle","Gremlin:ToeStub","Gremlin:Polish"],"picked":"SKIP","floor":18.0},{"not_picked":["Gremlin:Heckle","Gremlin:Pretaliation"],"picked":"Gremlin:GremlinMeal+1","floor":19.0},{"not_picked":["Gremlin:Mockery","Gremlin:Raid"],"picked":"Gremlin:GremlinMeal","floor":23.0},{"not_picked":["Gremlin:TwistTheKnife","Gremlin:SharpenBlades"],"picked":"Gremlin:GremlinMeal","floor":27.0},{"not_picked":["Gremlin:Mockery+1","Gremlin:Tricksy+1","Gremlin:Tadah+1"],"picked":"SKIP","floor":30.0},{"not_picked":["Gremlin:Presto","Gremlin:PartyStick+1"],"picked":"Gremlin:GremlinArms","floor":31.0},{"not_picked":["Gremlin:Rhythm","Gremlin:Pretaliation+1","Gremlin:Tadah"],"picked":"SKIP","floor":35.0},{"not_picked":["Gremlin:ToeStub+1","Gremlin:Presto+1","Gremlin:GremlinToss+1"],"picked":"SKIP","floor":36.0},{"not_picked":["Gremlin:TwistTheKnife","Gremlin:BulkUp+1","Gremlin:Tadah"],"picked":"SKIP","floor":39.0},{"not_picked":["Gremlin:TwistTheKnife","Gremlin:BulkUp+1","Gremlin:Tadah"],"picked":"SKIP","floor":39.0},{"not_picked":["Gremlin:Pretaliation+1","Gremlin:Presto"],"picked":"Gremlin:SecondVolley","floor":40.0},{"not_picked":["Gremlin:Polish","Gremlin:Raid","Gremlin:Kablamo+1"],"picked":"SKIP","floor":44.0},{"not_picked":["Gremlin:ArmsTheft+1","Gremlin:GlitterGuard","Gremlin:BulkUp+1"],"picked":"SKIP","floor":45},{"not_picked":["Gremlin:Irritability+1","Gremlin:Glimmer","Gremlin:Pretaliation"],"picked":"SKIP","floor":47},{"not_picked":["Gremlin:BubbleBarrier","Gremlin:Wizardry+1","Gremlin:Jeer"],"picked":"SKIP","floor":48}],"player_experience":279942,"relics_obtained":[{"floor":6.0,"key":"Tiny Chest"},{"floor":9.0,"key":"Centennial Puzzle"},{"floor":13.0,"key":"Matryoshka"},{"floor":14.0,"key":"Bag of Preparation"},{"floor":14.0,"key":"Gremlin Horn"},{"floor":23.0,"key":"Art of War"},{"floor":24.0,"key":"Smiling Mask"},{"floor":24.0,"key":"Dream Catcher"},{"floor":26.0,"key":"Mercury Hourglass"},{"floor":27.0,"key":"Bronze Scales"},{"floor":38.0,"key":"Incense Burner"},{"floor":40.0,"key":"Dead Branch"},{"floor":41.0,"key":"Girya"},{"floor":43.0,"key":"Gremlin:WizardStaff"}],"event_choices":[{"damage_healed":0.0,"max_hp_gain":0.0,"max_hp_loss":0.0,"gold_gain":100.0,"event_name":"Golden Shrine","player_choice":"Pray","floor":2.0,"gold_loss":0.0,"damage_taken":0.0},{"cards_removed":["Gremlin:Defend"],"damage_healed":0.0,"max_hp_gain":0.0,"max_hp_loss":0.0,"gold_gain":0.0,"event_name":"The Cleric","player_choice":"Card Removal","floor":7.0,"gold_loss":50.0,"damage_taken":0.0},{"cards_removed":["Gremlin:Defend"],"damage_healed":0.0,"max_hp_gain":0.0,"max_hp_loss":0.0,"gold_gain":0.0,"event_name":"Golden Wing","player_choice":"Card Removal","floor":10.0,"gold_loss":0.0,"damage_taken":2.0},{"damage_healed":0.0,"max_hp_gain":0.0,"max_hp_loss":0.0,"gold_gain":0.0,"event_name":"Accursed Blacksmith","player_choice":"Forge","floor":21.0,"gold_loss":0.0,"damage_taken":0.0,"cards_upgraded":["Gremlin:Unforgiving"]},{"damage_healed":0.0,"max_hp_gain":0.0,"max_hp_loss":0.0,"gold_gain":0.0,"event_name":"MindBloom","player_choice":"Upgrade","floor":37.0,"gold_loss":0.0,"damage_taken":0.0,"cards_upgraded":["Gremlin:Strike","Gremlin:Strike","Gremlin:Defend","Gremlin:Defend","Gremlin:TagTeam","Gremlin:GremlinDance","Gremlin:GlitterGuard","Gremlin:Pinprick","Gremlin:GremlinArms","Gremlin:TwistTheKnife","beaked:WalkersFury"],"relics_obtained":["Mark of the Bloom"]},{"damage_healed":0.0,"max_hp_gain":0.0,"max_hp_loss":0.0,"gold_gain":0.0,"event_name":"Mysterious Sphere","player_choice":"Fight","floor":38.0,"gold_loss":0.0,"damage_taken":0.0}],"is_beta":false,"boss_relics":[{"not_picked":["Runic Dome","Empty Cage"],"picked":"Coffee Dripper"},{"not_picked":["Tiny House","Philosopher\u0027s Stone"],"picked":"beaked:SacredDeck"}],"items_purged_floors":[0,20],"is_endless":false,"potions_floor_spawned":[3,4,5,11,18,19,31,33,35,36,45],"ascension_level":7}}