{"host":"ygfasg9u7olr7skw","time":1609025300,"event":{"mods":["AchievementEnabler","BaseMod","Better Note","Better Vampires","Colored Powertips","Minty Spire (QoL Compilation)","Replay The Spire","Spicy Shops","StSLib","The IronCluck"],"gold_per_floor":[116,116,135,135,135,152,172,172,246,246,246,263,278,291,291,391,391,406,419,432,382,400,400,415,435,435,435,451,467,23,23,23,126,126,140,40,54,54,72,104,114,114,159,159,179,54,104,117,117,117],"floor_reached":51,"playtime":5650,"items_purged":["Strike_B","Strike_B","Writhe"],"score":627,"play_id":"7ea59111-6078-4740-9b27-80860d1b772a","local_time":"20201226182820","is_ascension_mode":false,"campfire_choices":[{"floor":8.0,"key":"REST"},{"floor":10.0,"key":"REST"},{"data":"Dualcast","floor":15.0,"key":"SMITH"},{"floor":23.0,"key":"REST"},{"floor":27.0,"key":"REST"},{"floor":32.0,"key":"DIG"},{"floor":49,"key":"REST"}],"circlet_count":0,"master_deck":["Strike_B","Defend_B","Defend_B","Defend_B","Defend_B","Zap","Dualcast+1","Beam Cell","Static Discharge+1","Cold Snap","Cold Snap","Redo+1","Time Bomb+1","Electrodynamics+1","Panic Button","Blizzard","Barrage","Defragment+1","CurseOfTheBell","Parasite","Barrage+1","ReplayTheSpireMod:Repulse+1"],"relics":["Cracked Core","Frozen Egg 2","Replay:Bottled Flurry","Replay:Bottled Steam","Black Star","Quantum Egg","DataDisk","War Paint","Turnip","Replay:Grab Bag","Velvet Choker","Fusion Hammer","Calling Bell","Nuclear Battery","Anchor","ReplayTheSpireMod:Ninjato","StoneCalendar","Ring of Peace","Ring of Shattering","Juzu Bracelet","ReplayFunnel","Vajra","Thread and Needle"],"acts_visited":["Exordium","TheCity","TheBeyond"],"potions_floor_usage":[40],"damage_taken":[{"damage":10.0,"enemies":"Small Slimes","floor":1.0,"turns":4.0},{"damage":5.0,"enemies":"Jaw Worm","floor":3.0,"turns":4.0},{"damage":1.0,"enemies":"2 Louse","floor":6.0,"turns":2.0},{"damage":11.0,"enemies":"Exordium Thugs","floor":7.0,"turns":5.0},{"damage":5.0,"enemies":"Large Slime","floor":12.0,"turns":6.0},{"damage":2.0,"enemies":"Gremlin Gang","floor":13.0,"turns":6.0},{"damage":7.0,"enemies":"Blue Slaver","floor":14.0,"turns":4.0},{"damage":23.0,"enemies":"The Guardian","floor":16.0,"turns":10.0},{"damage":6.0,"enemies":"Shell Parasite","floor":18.0,"turns":2.0},{"damage":13.0,"enemies":"3 Byrds","floor":19.0,"turns":3.0},{"damage":3.0,"enemies":"Centurion and Healer","floor":20.0,"turns":5.0},{"damage":0.0,"enemies":"3 Cultists","floor":22.0,"turns":2.0},{"damage":14.0,"enemies":"Snake Plant","floor":24.0,"turns":4.0},{"damage":16.0,"enemies":"Snecko","floor":25.0,"turns":5.0},{"damage":7.0,"enemies":"3 Cultists","floor":28.0,"turns":4.0},{"damage":15.0,"enemies":"Cultist and Chosen","floor":29.0,"turns":4.0},{"damage":27.0,"enemies":"Pondfish","floor":33.0,"turns":13.0},{"damage":5.0,"enemies":"3 Shapes","floor":35.0,"turns":5.0},{"damage":0.0,"enemies":"Orb Walker","floor":37.0,"turns":3.0},{"damage":0.0,"enemies":"Writhing Mass","floor":39.0,"turns":4.0},{"damage":55,"enemies":"Reptomancer","floor":40,"turns":7},{"damage":0,"enemies":"Maw","floor":41,"turns":7},{"damage":0,"enemies":"Transient","floor":45,"turns":5},{"damage":0,"enemies":"Mind Bloom Boss Battle","floor":47,"turns":7},{"damage":0,"enemies":"Writhing Mass","floor":48,"turns":6},{"damage":57,"enemies":"Donu and Deca","floor":50,"turns":8}],"seed_played":"-8305965950519240106","potions_obtained":[{"floor":3.0,"key":"Reflective Coating"},{"floor":6.0,"key":"BlessingOfTheForge"},{"floor":12.0,"key":"SteroidPotion"},{"floor":13.0,"key":"Fire Potion"},{"floor":16.0,"key":"DistilledChaos"},{"floor":18.0,"key":"SteroidPotion"},{"floor":37.0,"key":"ColorlessPotion"},{"floor":39.0,"key":"FairyPotion"}],"is_trial":false,"path_per_floor":["M","?","M","?","T","M","M","R","T","R","?","M","M","M","R","B",null,"M","M","M","?","M","R","M","M","T","R","M","M","$","?","R","B",null,"M","$","M","?","M","E","M","?","T","?","M","$","?","M","R","B",null],"character_chosen":"DEFECT","items_purchased":["DataDisk","War Paint","Defragment+1"],"campfire_rested":5,"item_purchase_floors":[30,30,30],"current_hp_per_floor":[65,58,53,46,46,45,34,56,56,75,75,70,68,61,61,38,75,69,56,53,53,53,75,61,45,45,67,60,45,45,45,45,18,75,70,70,70,70,70,15,15,15,15,34,34,34,34,34,56,22],"gold":117,"neow_bonus":"RANDOM_COLORLESS","is_daily":false,"chose_seed":false,"campfire_upgraded":1,"win_rate":0.0,"timestamp":1609025300,"path_taken":["M","?","M","?","?","M","M","R","T","R","?","M","?","M","R","BOSS","M","M","M","?","M","R","M","M","T","R","?","M","$","?","R","BOSS","M","$","M","?","M","E","M","?","T","?","M","$","?","M","R","BOSS"],"items_purchased_type":["Relic","Relic","Card"],"build_version":"2020-12-22","purchased_purges":3,"victory":true,"max_hp_per_floor":[75,75,75,75,75,75,75,75,75,75,75,75,75,75,75,75,75,75,75,75,75,75,75,75,75,75,75,75,75,75,75,75,75,75,75,75,75,75,75,75,75,75,75,75,75,75,75,75,75,75],"card_choices":[{"not_picked":["Cold Snap","Redo","Turbo"],"picked":"SKIP","floor":1.0},{"not_picked":["Skim","Doom and Gloom"],"picked":"Beam Cell","floor":3.0},{"not_picked":["Barrage","Capacitor+1","Sunder"],"picked":"SKIP","floor":6.0},{"not_picked":["Compile Driver","Fusion"],"picked":"Static Discharge+1","floor":7.0},{"not_picked":["Double Energy","Barrage"],"picked":"Cold Snap","floor":12.0},{"not_picked":["Conserve Battery","Stack"],"picked":"Redo","floor":13.0},{"not_picked":["Turbo","Buffer+1"],"picked":"Time Bomb","floor":14.0},{"not_picked":["Hyperbeam","Amplify"],"picked":"Electrodynamics+1","floor":16.0},{"not_picked":["Rebound+1","Reprogram"],"picked":"Panic Button","floor":18.0},{"not_picked":["Stack+1","Compile Driver","ReplayTheSpireMod:Calculation Training"],"picked":"SKIP","floor":19.0},{"not_picked":["Gash","Beam Cell","Core Surge"],"picked":"SKIP","floor":20.0},{"not_picked":["Sweeping Beam","Stack","Crystallizer+1"],"picked":"SKIP","floor":22.0},{"not_picked":["Barrage","Streamline+1"],"picked":"Blizzard","floor":24.0},{"not_picked":["Turbo","Core Surge","Panic Button"],"picked":"SKIP","floor":25.0},{"not_picked":["Gash","Sweeping Beam","Stack"],"picked":"SKIP","floor":28.0},{"not_picked":["Gash","Compile Driver"],"picked":"Barrage","floor":29.0},{"not_picked":["White Noise+1","Sweeping Beam+1","Beam Cell"],"picked":"SKIP","floor":35.0},{"not_picked":["Coolheaded","Compile Driver","Storm+1"],"picked":"SKIP","floor":37.0},{"not_picked":["Undo+1","Rebound+1","Sweeping Beam+1"],"picked":"SKIP","floor":39.0},{"not_picked":["ReplayTheSpireMod:GoodbyeWorld+1","Panic Button+1"],"picked":"Barrage+1","floor":40},{"not_picked":["ReplayTheSpireMod:Reroute Power","Crystallizer+1","Heatsinks+1"],"picked":"SKIP","floor":41},{"not_picked":["Rebound","Beam Cell+1","Panic Button+1"],"picked":"SKIP","floor":45},{"not_picked":["Sweeping Beam","Genetic Algorithm"],"picked":"ReplayTheSpireMod:Repulse+1","floor":48}],"player_experience":158465,"relics_obtained":[{"floor":5.0,"key":"Replay:Bottled Flurry"},{"floor":9.0,"key":"Replay:Bottled Steam"},{"floor":26.0,"key":"Quantum Egg"},{"floor":32.0,"key":"Turnip"},{"floor":34.0,"key":"Anchor"},{"floor":34.0,"key":"ReplayTheSpireMod:Ninjato"},{"floor":34.0,"key":"StoneCalendar"},{"floor":38.0,"key":"Ring of Peace"},{"floor":38.0,"key":"Ring of Shattering"},{"floor":40,"key":"Juzu Bracelet"},{"floor":40,"key":"ReplayFunnel"},{"floor":43,"key":"Vajra"},{"floor":47,"key":"Thread and Needle"}],"event_choices":[{"damage_healed":0.0,"max_hp_gain":0.0,"max_hp_loss":0.0,"gold_gain":0.0,"event_name":"Scrap Ooze","player_choice":"Success","floor":2.0,"gold_loss":0.0,"damage_taken":7.0,"relics_obtained":["Frozen Egg 2"]},{"cards_removed":["Strike_B"],"damage_healed":0.0,"max_hp_gain":0.0,"max_hp_loss":0.0,"gold_gain":0.0,"event_name":"Golden Wing","player_choice":"Card Removal","floor":4.0,"gold_loss":0.0,"damage_taken":7.0},{"damage_healed":0.0,"max_hp_gain":0.0,"max_hp_loss":0.0,"gold_gain":0.0,"event_name":"betterNote:BetterNote","player_choice":"Take","floor":11.0,"gold_loss":0.0,"damage_taken":0.0,"cards_obtained":["Cold Snap"]},{"damage_healed":0.0,"max_hp_gain":0.0,"max_hp_loss":0.0,"gold_gain":0.0,"event_name":"The Joust","player_choice":"Bet on Murderer","floor":21.0,"gold_loss":50.0,"damage_taken":0.0},{"damage_healed":0.0,"max_hp_gain":0.0,"max_hp_loss":0.0,"gold_gain":0.0,"event_name":"Cursed Tome","player_choice":"Ignored","floor":31.0,"gold_loss":0.0,"damage_taken":0.0},{"damage_healed":19,"gold_gain":0,"player_choice":"Writhe","damage_taken":0,"max_hp_gain":0,"max_hp_loss":0,"event_name":"Winding Halls","floor":44,"gold_loss":0,"cards_obtained":["Writhe"]},{"damage_healed":0,"gold_gain":0,"player_choice":"Fight","damage_taken":0,"max_hp_gain":0,"max_hp_loss":0,"event_name":"MindBloom","floor":47,"gold_loss":0}],"is_beta":false,"boss_relics":[{"not_picked":["Cursed Key","Kintsugi"],"picked":"Black Star"},{"not_picked":["ChewingGum","FrozenCore"],"picked":"Replay:Grab Bag"},{"not_picked":["Replay:Wanted Poster","ReplayTheSpireMod:Onyx Gauntlets"],"picked":"Velvet Choker"},{"not_picked":["Replay:Bronze Core","ReplayTheSpireMod:DimensionalGlitch"],"picked":"Fusion Hammer"},{"not_picked":["Replay:Drink Me","Snecko Eye"],"picked":"Calling Bell"},{"not_picked":["SacredBark","Runic Pyramid"],"picked":"Nuclear Battery"}],"items_purged_floors":[30,36,46],"is_endless":false,"potions_floor_spawned":[3,6,12,13,16,18,22,24,28,37,39],"ascension_level":0}}