{"host":"lqtll83nun4jn4k7","time":1609006166,"event":{"mods":["BaseMod","Challenge The Spire","Colored Map","Colored Powertips","Highlight Path","KinomotoSakuraMod(Ä¾Ö®±¾Ó£)","Minty Spire (QoL Compilation)","Prisma Mod","Quick Restart","StSLib","SuperFastMode","The Bug Knight","Waifu the Spire","Yakumo Yukari mod"],"gold_per_floor":[139,239,257,257,276,276,305,324,324,45,45,45,65,98,98,198,198,210,66,66,86,97,97,122,122,122,153,153,167,167,167,167,265,265,275,325,339,339,339,366,366,112,139,139,139,139,156,182,182,182,182,182,28,57,57,57],"floor_reached":55,"playtime":4606,"items_purged":[],"score":830,"play_id":"3eef7b46-aa02-4694-accb-d356f31b774f","local_time":"20201227020925","is_ascension_mode":true,"campfire_choices":[{"data":"Observe_purple_2","floor":6.0,"key":"SMITH"},{"data":"Nest_LightFlightworm_purple","floor":12.0,"key":"SMITH"},{"data":"WorldDissolvedintheRealm_purple","floor":15.0,"key":"SMITH"},{"data":"Fantasy_PerpetualMotionMachine_purple","floor":23.0,"key":"SMITH"},{"data":"GluttonyofRealm_purpleEX","floor":28.0,"key":"SMITH"},{"floor":30.0,"key":"RECALL"},{"data":"Mirror_FourBoundary_purple","floor":32.0,"key":"SMITH"},{"data":"Human_Monster_Realm_purple","floor":41.0,"key":"SMITH"},{"data":"Madness","floor":46.0,"key":"SMITH"},{"data":"Madness","floor":49.0,"key":"SMITH"},{"data":"EighthInstrument_OneDividesIntoTwo_purple","floor":52.0,"key":"SMITH"}],"circlet_count":0,"master_deck":["Defend_purpleEX","Defend_purpleEX","Defend_purpleEX","Observe_purple_1","Observe_purple_2+1","EighthInstrument_OneDividesIntoTwo_purple+1","Nest_LightFlightworm_purple+1","DarkRealmRedLine_purple+1","Worldmountain_purple","GluttonyofRealm_purpleEX+1","WorldDissolvedintheRealm_purple+1","Monsters_DoubleDeathButterfly_purple","Necronomicurse","Fantasy_PerpetualMotionMachine_purple+1","Worldmountain_purple","Mirror_FourBoundary_purple+1","WangLiang_LineAndCurveDreams_purple","PositiveMatter_Antimatter_Universe_purple+1","Bite","Bite","Bite","Bite","Bite","Human_Monster_Realm_purple+1","Boundary_LightAndDark_purple+1","Boundary_DynamicStaticEquilibrium_purple+1","MonsterNeedle_purple+1","Boundary_DreamRealityDamnation_purple","Madness+1","Madness+1","Bait_HighSpeedFlying_purple","OpenedBox_purple+1","DarkRealmRedLine_purple+1"],"relics":["Boundary_crack","Memoryfragments_purpleEX","Juzu Bracelet","Meat on the Bone","Blue Candle","Incense Burner","Seventeenyearold_girl_Forever","Strange Spoon","Necronomicon","Pocketwatch","Lantern","Pantograph","SlaversCollar","Toy Ornithopter","Singing Bowl","Membership Card","Antimatter_spacedebris","Toxic Egg 2","Oddly Smooth Stone","Ginger"],"acts_visited":["Exordium","TheCity","TheBeyond","TheEnding"],"potions_floor_usage":[55,55],"damage_taken":[{"damage":7.0,"enemies":"2 Louse","floor":1.0,"turns":5.0},{"damage":5.0,"enemies":"Cultist","floor":3.0,"turns":4.0},{"damage":0.0,"enemies":"Jaw Worm","floor":5.0,"turns":2.0},{"damage":38.0,"enemies":"HollowMod:MossKnight","floor":7.0,"turns":11.0},{"damage":2.0,"enemies":"Blue Slaver","floor":8.0,"turns":6.0},{"damage":0.0,"enemies":"2 Fungi Beasts","floor":13.0,"turns":2.0},{"damage":34.0,"enemies":"3 Sentries","floor":14.0,"turns":8.0},{"damage":28.0,"enemies":"Slime Boss","floor":16.0,"turns":11.0},{"damage":0.0,"enemies":"3 Byrds","floor":18.0,"turns":4.0},{"damage":5.0,"enemies":"Sentry and Sphere","floor":21.0,"turns":3.0},{"damage":12.0,"enemies":"Snecko","floor":22.0,"turns":6.0},{"damage":38.0,"enemies":"HollowMod:Nosk","floor":24.0,"turns":7.0},{"damage":21.0,"enemies":"Gremlin Leader","floor":27.0,"turns":5.0},{"damage":22.0,"enemies":"Shelled Parasite and Fungi","floor":29.0,"turns":5.0},{"damage":71.0,"enemies":"Champ","floor":33.0,"turns":14.0},{"damage":48.0,"enemies":"3 Shapes","floor":35.0,"turns":6.0},{"damage":21.0,"enemies":"Mind Bloom Boss Battle","floor":36.0,"turns":9.0},{"damage":19.0,"enemies":"3 Darklings","floor":37.0,"turns":5.0},{"damage":41.0,"enemies":"Giant Head","floor":40.0,"turns":8.0},{"damage":0.0,"enemies":"Maw","floor":47.0,"turns":6.0},{"damage":32.0,"enemies":"Nemesis","floor":48.0,"turns":7.0},{"damage":21.0,"enemies":"Time Eater","floor":50.0,"turns":8.0},{"damage":7,"enemies":"Shield and Spear","floor":54,"turns":6},{"damage":121,"enemies":"The Heart","floor":55,"turns":9}],"seed_played":"7470452738114206650","potions_obtained":[{"floor":1.0,"key":"SteroidPotion"},{"floor":7.0,"key":"EntropicBrew"},{"floor":14.0,"key":"Block Potion"},{"floor":16.0,"key":"EntropicBrew"},{"floor":18.0,"key":"LiquidMemories"},{"floor":22.0,"key":"LiquidMemories"},{"floor":24.0,"key":"Strength Potion"},{"floor":27.0,"key":"Regen Potion"},{"floor":35.0,"key":"BlessingOfTheForge"},{"floor":40.0,"key":"Weak Potion"},{"floor":47.0,"key":"LiquidMemories"}],"is_trial":false,"path_per_floor":["M","?","M","?","M","R","E","M","T","$","?","R","M","E","R","B",null,"M","$","?","M","M","R","E","?","T","E","R","M","R","?","R","B",null,"M","?","M","?","?","E","R","$","T","?","?","R","M","E","R","B",null,"R","$","E","B"],"character_chosen":"Youkari","items_purchased":["Blue Candle","Worldmountain_purple","Strange Spoon","Membership Card","Boundary_DreamRealityDamnation_purple","Antimatter_spacedebris","Bait_HighSpeedFlying_purple","Oddly Smooth Stone","OpenedBox_purple+1"],"campfire_rested":0,"item_purchase_floors":[10,10,19,42,42,42,53,53,53],"current_hp_per_floor":[72,72,68,73,74,74,41,46,46,46,46,46,48,33,33,24,88,91,91,75,73,71,71,45,99,99,82,82,76,76,72,72,52,76,52,85,83,83,83,63,63,63,63,63,52,52,63,63,63,85,96,96,96,100,0,0],"gold":57,"neow_bonus":"TEN_PERCENT_HP_BONUS","is_daily":false,"chose_seed":false,"campfire_upgraded":10,"win_rate":0.0,"timestamp":1609006165,"path_taken":["M","?","?","?","M","R","E","M","T","$","?","R","M","E","R","BOSS","M","$","?","M","M","R","E","?","T","E","R","M","R","?","R","BOSS","M","?","M","?","?","E","R","$","T","?","?","R","M","E","R","BOSS","R","$","E","BOSS"],"items_purchased_type":["Relic","Card","Relic","Relic","Card","Relic","Card","Relic","Card"],"build_version":"2020-12-22","purchased_purges":0,"victory":false,"max_hp_per_floor":[77,77,77,82,82,82,82,82,82,82,82,82,82,85,85,88,88,91,91,91,94,99,99,99,99,99,99,99,103,103,72,72,76,76,80,88,88,88,88,88,88,88,88,88,88,88,90,96,96,96,96,96,96,100,100,100],"card_choices":[{"not_picked":["WatchEyeChange_purple","OmniscientAndOmnipotent_Monster_purple"],"picked":"EighthInstrument_OneDividesIntoTwo_purple","floor":1.0},{"not_picked":["Shallow_ocean_purpleEX","Umbrella_purple"],"picked":"Nest_LightFlightworm_purple","floor":3.0},{"not_picked":["WatchEChange_purple","Umbrella_purple"],"picked":"Anti_communist_purple","floor":5.0},{"not_picked":["Mirror_FormAndEmptin_purple","StateErode_purple"],"picked":"DarkRealmRedLine_purple","floor":7.0},{"not_picked":["Realm_recovery_purpleEX","MeetDecomposer_purple","Shallow_ocean_purpleEX"],"picked":"SKIP","floor":8.0},{"not_picked":["Line_surface_state_purple","AdvanceAttack_purple"],"picked":"GluttonyofRealm_purpleEX","floor":13.0},{"not_picked":["ExistenceContinue_purple","MeetDecomposer_purple"],"picked":"WorldDissolvedintheRealm_purple","floor":14.0},{"not_picked":["WangLiang_OokamiKakushi_purple","LoveAcrossDimensions_purple"],"picked":"Monsters_DoubleDeathButterfly_purple","floor":16.0},{"not_picked":["ExistenceContinue_purple","SharpContractionReality_purple","OmniscientAndOmnipotent_Monster_purple"],"picked":"SKIP","floor":18.0},{"not_picked":["ExistenceContinue_purple","MeetDecomposer_purple+1"],"picked":"Fantasy_PerpetualMotionMachine_purple","floor":21.0},{"not_picked":["AdvanceAttack_purple","Shallow_ocean_purpleEX"],"picked":"Worldmountain_purple","floor":22.0},{"not_picked":["ExistenceContinue_purple","AdvanceAttack_purple"],"picked":"Mirror_FourBoundary_purple","floor":24.0},{"not_picked":["Worldmountain_purple","EighthInstrument_OneDividesIntoTwo_purple"],"picked":"WangLiang_LineAndCurveDreams_purple","floor":27.0},{"not_picked":["DimensionStaggered_purple","Boundary_ObjectiveBoundary_purple+1"],"picked":"PositiveMatter_Antimatter_Universe_purple+1","floor":29.0},{"not_picked":["WangLiang_LineAndCurveDreams_purple","UniverseChoice_purple"],"picked":"Human_Monster_Realm_purple","floor":33.0},{"not_picked":["WorldDissolvedintheRealm_purple","Line_surface_state_purple","ExistenceContinue_purple+1"],"picked":"SKIP","floor":35.0},{"not_picked":["Umbrella_purple","Bait_HighSpeedFlying_purple+1"],"picked":"Boundary_LightAndDark_purple+1","floor":36.0},{"not_picked":["PositiveMatter_Antimatter_Universe_purple+1","SfantasyHide_purple+1"],"picked":"Boundary_DynamicStaticEquilibrium_purple+1","floor":37.0},{"not_picked":["SharpContractionReality_purple+1","Realm_recovery_purpleEX"],"picked":"MonsterNeedle_purple+1","floor":40.0},{"not_picked":["PurpleNeedle_purple","Line_surface_state_purple+1","OmniscientAndOmnipotent_Monster_purple"],"picked":"Singing Bowl","floor":47.0},{"not_picked":["Realm_recovery_purpleEX+1","Mirror_FormAndEmptin_purple+1","Boundary_DynamicStaticEquilibrium_purple+1"],"picked":"Singing Bowl","floor":48.0},{"not_picked":["ExistenceContinue_purple","Charmbait_purple"],"picked":"DarkRealmRedLine_purple+1","floor":54}],"player_experience":537728,"relics_obtained":[{"floor":7.0,"key":"Juzu Bracelet"},{"floor":9.0,"key":"Meat on the Bone"},{"floor":14.0,"key":"Incense Burner"},{"floor":20.0,"key":"Necronomicon"},{"floor":24.0,"key":"Pocketwatch"},{"floor":26.0,"key":"Lantern"},{"floor":27.0,"key":"Pantograph"},{"floor":40.0,"key":"Singing Bowl"},{"floor":48.0,"key":"Toxic Egg 2"},{"floor":54,"key":"Ginger"}],"event_choices":[{"damage_healed":0.0,"max_hp_gain":0.0,"max_hp_loss":0.0,"gold_gain":100.0,"event_name":"Golden Shrine","player_choice":"Pray","floor":2.0,"gold_loss":0.0,"damage_taken":0.0},{"damage_healed":0.0,"max_hp_gain":0.0,"max_hp_loss":0.0,"gold_gain":0.0,"event_name":"Living Wall","player_choice":"Grow","floor":11.0,"gold_loss":0.0,"damage_taken":0.0,"cards_upgraded":["DarkRealmRedLine_purple"]},{"damage_healed":0.0,"max_hp_gain":0.0,"max_hp_loss":0.0,"gold_gain":0.0,"event_name":"Cursed Tome","player_choice":"Obtained Book","floor":20.0,"gold_loss":0.0,"damage_taken":16.0},{"damage_healed":54.0,"max_hp_gain":0.0,"max_hp_loss":0.0,"gold_gain":0.0,"event_name":"Wheel of Change","player_choice":"Full Heal","floor":25.0,"gold_loss":0.0,"damage_taken":0.0},{"damage_healed":0.0,"max_hp_gain":0.0,"max_hp_loss":31.0,"gold_gain":0.0,"event_name":"Vampires","player_choice":"Became a vampire","floor":31.0,"gold_loss":0.0,"damage_taken":0.0,"cards_obtained":["Bite","Bite","Bite","Bite","Bite"]},{"damage_healed":0.0,"max_hp_gain":0.0,"max_hp_loss":0.0,"gold_gain":0.0,"event_name":"MindBloom","player_choice":"Fight","floor":36.0,"gold_loss":0.0,"damage_taken":0.0},{"damage_healed":0.0,"max_hp_gain":0.0,"max_hp_loss":0.0,"gold_gain":0.0,"event_name":"WeMeetAgain","player_choice":"Gave Potion","floor":38.0,"gold_loss":0.0,"damage_taken":0.0,"relics_obtained":["Toy Ornithopter"]},{"cards_removed":["Defend_purpleEX"],"damage_healed":0.0,"max_hp_gain":0.0,"max_hp_loss":0.0,"gold_gain":0.0,"event_name":"Bonfire Elementals","player_choice":"Offered Basic","floor":39.0,"gold_loss":0.0,"damage_taken":0.0},{"cards_removed":["Anti_communist_purple"],"damage_healed":0.0,"max_hp_gain":0.0,"max_hp_loss":0.0,"gold_gain":0.0,"event_name":"Falling","player_choice":"Removed Skill","floor":44.0,"gold_loss":0.0,"damage_taken":0.0},{"damage_healed":0.0,"max_hp_gain":0.0,"max_hp_loss":0.0,"gold_gain":0.0,"event_name":"Winding Halls","player_choice":"Embrace Madness","floor":45.0,"gold_loss":0.0,"damage_taken":11.0,"cards_obtained":["Madness","Madness"]}],"is_beta":false,"boss_relics":[{"not_picked":["Busted Crown","Tiny House"],"picked":"Seventeenyearold_girl_Forever"},{"not_picked":["Cursed Key","Calling Bell"],"picked":"SlaversCollar"}],"items_purged_floors":[],"is_endless":false,"potions_floor_spawned":[1,7,8,14,16,18,22,24,27,35,37,40,47],"killed_by":"The Heart","ascension_level":1}}