{"host":"c9wjytal7yz6nwo6","time":1609021217,"event":{"mods":["AchievementEnabler","BaseMod","Bestiary","Colored Map","Curses Come First","Downfall","Highlight Path","Minty Spire (QoL Compilation)","Quick Restart","StSLib","SuperFastMode","The Dragon Tamer"],"gold_per_floor":[111,111,111,286,233,1,13,32,32,58,58,58,22,41,41,145,145,163,163,175,32,52,52,77,77,77,90,190,203,26,26,26,26,26,26],"floor_reached":33,"playtime":1832,"items_purged":["Doubt","DTMod:Strike"],"score":288,"play_id":"b7914851-00d0-4823-a3e4-3fa90b826940","local_time":"20201226162017","is_ascension_mode":false,"metric_token":787,"campfire_choices":[{"data":"DTMod:SwitchingTactic","floor":11.0,"key":"SMITH"},{"floor":15.0,"key":"REST"},{"floor":23.0,"key":"REST"},{"data":"DTMod:Outburst","floor":25.0,"key":"SMITH"},{"floor":32.0,"key":"REST"}],"dtmod_dragon_data":[41,50,2,-1,12,0],"circlet_count":0,"master_deck":["DTMod:Strike","DTMod:Strike","DTMod:Strike","DTMod:DoubleHit","DTMod:TargetDefense","DTMod:TargetDefense","DTMod:TargetDefense","DTMod:TargetDefense","DTMod:SwitchingTactic+1","DTMod:HeatWave","DTMod:Feint","DTMod:BurningEnergy","DTMod:BreakAttack","DTMod:BurningEnergy","DTMod:MagicField","DTMod:FlameSlash","DTMod:CalculatedDefense","DTMod:BuildUp","DTMod:Outburst+1","DTMod:BlazingStrike+1","DTMod:Hide+1","DTMod:InvisibleFlame","DTMod:Weaken","DTMod:DragonDance","DTMod:BlueScale","DTMod:BreakAttack+1","DTMod:MagiciansMark","DTMod:CleansingStrike+1"],"relics":["DTMod:PactStone","NeowsBlessing","Membership Card","Mummified Hand","Thread and Needle","Letter Opener","Sozu","Nilry\u0027s Codex","PreservedInsect","Bag of Marbles","Bottled Lightning","Gambling Chip","HornCleat","Matryoshka"],"acts_visited":["Exordium","TheCity"],"potions_floor_usage":[],"damage_taken":[{"damage":0.0,"enemies":"2 Louse","floor":1.0,"turns":1.0},{"damage":0.0,"enemies":"Small Slimes","floor":7.0,"turns":1.0},{"damage":0.0,"enemies":"Jaw Worm","floor":8.0,"turns":1.0},{"damage":2.0,"enemies":"Lagavulin","floor":10.0,"turns":7.0},{"damage":10.0,"enemies":"Exordium Wildlife","floor":14.0,"turns":4.0},{"damage":46.0,"enemies":"Slime Boss","floor":16.0,"turns":14.0},{"damage":0.0,"enemies":"2 Thieves","floor":18.0,"turns":3.0},{"damage":0.0,"enemies":"Shell Parasite","floor":20.0,"turns":4.0},{"damage":0.0,"enemies":"3 Cultists","floor":22.0,"turns":4.0},{"damage":0.0,"enemies":"Gremlin Leader","floor":24.0,"turns":3.0},{"damage":0.0,"enemies":"Sentry and Sphere","floor":27.0,"turns":4.0},{"damage":0.0,"enemies":"Colosseum Slavers","floor":28.0,"turns":4.0},{"damage":0.0,"enemies":"Colosseum Nobs","floor":28.0,"turns":4.0},{"damage":0.0,"enemies":"Snecko","floor":29.0,"turns":5.0},{"damage":55,"enemies":"Collector","floor":33,"turns":7}],"seed_played":"-4624403346113891292","potions_obtained":[{"floor":8.0,"key":"SteroidPotion"},{"floor":14.0,"key":"Block Potion"},{"floor":16.0,"key":"Ancient Potion"}],"is_trial":false,"path_per_floor":["M","?","?","?","$","$","M","M","T","E","R","T","$","M","R","B",null,"M","?","M","$","M","R","E","R","T","M","?","M","$","?","R","B"],"character_chosen":"THE_DT","items_purchased":["DTMod:Feint","Membership Card","DTMod:BurningEnergy","DTMod:BreakAttack","DTMod:CalculatedDefense","PreservedInsect","DTMod:InvisibleFlame","DTMod:Weaken","Matryoshka"],"campfire_rested":3,"item_purchase_floors":[5,6,6,6,13,21,21,21,30],"current_hp_per_floor":[45,45,50,50,50,50,50,50,50,48,48,48,48,38,50,4,50,50,34,34,34,34,49,49,49,49,49,49,49,49,49,50,0,0,0],"gold":26,"neow_bonus":"THREE_ENEMY_KILL","is_daily":false,"chose_seed":false,"campfire_upgraded":2,"win_rate":0.0,"timestamp":1609021217,"path_taken":["M","?","?","?","?","$","?","M","T","E","R","?","$","M","R","BOSS","M","?","M","$","M","R","E","R","T","M","?","M","$","?","R","BOSS"],"items_purchased_type":["Card","Relic","Card","Card","Card","Relic","Card","Card","Relic"],"build_version":"2020-12-22","purchased_purges":2,"victory":false,"max_hp_per_floor":[45,45,50,50,50,50,50,50,50,50,50,50,50,50,50,50,50,50,50,50,50,50,50,50,50,50,50,50,50,50,50,50,50,50,50],"card_choices":[{"not_picked":["DTMod:RecklessFlurry","DTMod:Punisher"],"picked":"DTMod:HeatWave","floor":1.0},{"not_picked":["DTMod:Punisher","DTMod:BlazingStrike"],"picked":"DTMod:BurningEnergy","floor":7.0},{"not_picked":["DTMod:CleansingStrike","DTMod:Observe"],"picked":"DTMod:MagicField","floor":8.0},{"not_picked":["DTMod:Prediction","DTMod:ForkedFire"],"picked":"DTMod:FlameSlash","floor":10.0},{"not_picked":["DTMod:Feint","DTMod:BurningEnergy"],"picked":"DTMod:BuildUp","floor":14.0},{"not_picked":["DTMod:Prediction","DTMod:StunTrap"],"picked":"DTMod:Outburst","floor":16.0},{"not_picked":["DTMod:Feint+1","DTMod:BizarreTactic+1"],"picked":"DTMod:BlazingStrike+1","floor":18.0},{"not_picked":["DTMod:BizarreTactic","DTMod:Threaten+1"],"picked":"DTMod:Hide+1","floor":20.0},{"not_picked":["DTMod:MasterPlan","DTMod:PurifyingFlame+1"],"picked":"DTMod:DragonDance","floor":22.0},{"not_picked":["DTMod:BurningEnergy","DTMod:GhostSkin"],"picked":"DTMod:BlueScale","floor":24.0},{"not_picked":["DTMod:QuickFly","DTMod:Cover"],"picked":"DTMod:BreakAttack+1","floor":27.0},{"not_picked":["DTMod:HeatWave","DTMod:OpeningTactic"],"picked":"DTMod:MagiciansMark","floor":28.0},{"not_picked":["DTMod:BuildUp+1","DTMod:HeatWave+1"],"picked":"DTMod:CleansingStrike+1","floor":29.0}],"player_experience":8539,"relics_obtained":[{"floor":9.0,"key":"Mummified Hand"},{"floor":10.0,"key":"Thread and Needle"},{"floor":12.0,"key":"Letter Opener"},{"floor":19.0,"key":"Nilry\u0027s Codex"},{"floor":24.0,"key":"Bag of Marbles"},{"floor":26.0,"key":"Bottled Lightning"},{"floor":28.0,"key":"Gambling Chip"},{"floor":28.0,"key":"HornCleat"}],"event_choices":[{"damage_healed":0.0,"max_hp_gain":0.0,"max_hp_loss":0.0,"gold_gain":0.0,"event_name":"The Cleric","player_choice":"Leave","floor":2.0,"gold_loss":0.0,"damage_taken":0.0},{"damage_healed":0.0,"max_hp_gain":5.0,"max_hp_loss":0.0,"gold_gain":0.0,"event_name":"Big Fish","player_choice":"Donut","floor":3.0,"gold_loss":0.0,"damage_taken":0.0},{"damage_healed":0.0,"max_hp_gain":0.0,"max_hp_loss":0.0,"gold_gain":175.0,"event_name":"Liars Game","player_choice":"AGREE","floor":4.0,"gold_loss":0.0,"damage_taken":0.0,"cards_obtained":["Doubt"]},{"damage_healed":0.0,"max_hp_gain":0.0,"max_hp_loss":0.0,"gold_gain":0.0,"event_name":"Cursed Tome","player_choice":"Obtained Book","floor":19.0,"gold_loss":0.0,"damage_taken":16.0},{"damage_healed":0.0,"max_hp_gain":0.0,"max_hp_loss":0.0,"gold_gain":0.0,"event_name":"Colosseum","player_choice":"Fight","floor":28.0,"gold_loss":0.0,"damage_taken":0.0},{"damage_healed":0.0,"max_hp_gain":0.0,"max_hp_loss":0.0,"gold_gain":0.0,"event_name":"Colosseum","player_choice":"Fought Nobs","floor":28.0,"gold_loss":0.0,"damage_taken":0.0},{"damage_healed":0.0,"max_hp_gain":0.0,"max_hp_loss":0.0,"gold_gain":0.0,"event_name":"NoteForYourself","player_choice":"Ignored","floor":31.0,"gold_loss":0.0,"damage_taken":0.0}],"is_beta":false,"boss_relics":[{"not_picked":["SlaversCollar","Black Star"],"picked":"Sozu"}],"items_purged_floors":[6,30],"is_endless":false,"potions_floor_spawned":[8,14,16,18,27,28],"killed_by":"Collector","ascension_level":0}}