{"host":"yvoppmyq353hf3pf","time":1609021476,"event":{"mods":["BaseMod","Colored Map","Colored Powertips","Downfall","Minty Spire (QoL Compilation)","StSLib"],"gold_per_floor":[99,112,126,226,37,37,37,50,61,61,81,81,81,92,105,200,200,200,220,320,333,349,349,349,349,449,237,250,264,264,279,292,395,395,395,414,1413,730,741,760,760,773,786,149,184,198,198,214,225,225],"floor_reached":51,"playtime":3069,"items_purged":["champ:Strike","Normality","Normality"],"score":794,"play_id":"9a446b3f-5a8c-469c-8d6e-b160e5095028","local_time":"20201226162436","is_ascension_mode":true,"campfire_choices":[{"data":"champ:Taunt","floor":1.0,"key":"SMITH"},{"data":"champ:EndlessRage","floor":6.0,"key":"SMITH"},{"data":"champ:Balance","floor":12.0,"key":"SMITH"},{"data":"champ:BerserkerStyle","floor":18.0,"key":"SMITH"},{"floor":30.0,"key":"REST"},{"data":"champ:AdrenalArmor","floor":35.0,"key":"SMITH"}],"circlet_count":0,"master_deck":["champ:Strike","champ:Defend+1","champ:Defend+1","champ:Defend","champ:Defend","champ:Execute","champ:Taunt+1","expansioncontent:TimeRipple","champ:GutPunch","champ:EndlessRage+1","champ:FaceSlap","champ:BringItOn","champ:Balance+1","champ:CrookedStrike","champ:Encircle","champ:BerserkersShout","champ:ShieldSigil","champ:BerserkerStyle+1","champ:SwordThrow","CurseOfTheBell","champ:FanOfKnives+1","champ:BerserkersShout","champ:BladeFlurry","champ:Control","champ:AdrenalArmor+1","champ:LastStand","champ:BringItOn+1","champ:StrikeOfGenius","champ:RisingSlash","champ:BladeFlurry","champ:AdrenalArmor","Mayhem","champ:RageSigil+1"],"relics":["champ:ChampionCrown","CloakClasp","Du-Vu Doll","champ:LiftRelic","Calling Bell","Oddly Smooth Stone","Mummified Hand","Incense Burner","MutagenicStrength","Shuriken","champ:FightingForDummies","champ:BlackKnightHelmet","InkBottle","PreservedInsect","Busted Crown","Gremlin Horn","Bottled Flame","Strange Spoon","Thread and Needle","War Paint","ClockworkSouvenir","Vajra"],"acts_visited":["Exordium","TheCity","TheBeyond"],"potions_floor_usage":[42,48,50,50],"damage_taken":[{"damage":5.0,"enemies":"Jaw Worm","floor":2.0,"turns":3.0},{"damage":5.0,"enemies":"Cultist","floor":3.0,"turns":4.0},{"damage":74.0,"enemies":"Cultist","floor":4.0,"turns":11.0},{"damage":5.0,"enemies":"downfall:FleeingMerchant","floor":5.0,"turns":4.0},{"damage":5.0,"enemies":"Small Slimes","floor":8.0,"turns":3.0},{"damage":2.0,"enemies":"2 Fungi Beasts","floor":9.0,"turns":3.0},{"damage":5.0,"enemies":"Large Slime","floor":11.0,"turns":4.0},{"damage":10.0,"enemies":"Exordium Wildlife","floor":14.0,"turns":3.0},{"damage":16.0,"enemies":"Blue Slaver","floor":15.0,"turns":2.0},{"damage":63.0,"enemies":"downfall:Silent","floor":16.0,"turns":6.0},{"damage":16.0,"enemies":"3 Byrds","floor":19.0,"turns":4.0},{"damage":24.0,"enemies":"downfall:Augmenter","floor":20.0,"turns":4.0},{"damage":26.0,"enemies":"Cultist and Chosen","floor":21.0,"turns":5.0},{"damage":39.0,"enemies":"Snake Plant","floor":22.0,"turns":3.0},{"damage":33.0,"enemies":"Snake Plant","floor":26.0,"turns":5.0},{"damage":16.0,"enemies":"downfall:FleeingMerchant","floor":27.0,"turns":4.0},{"damage":42.0,"enemies":"Centurion and Healer","floor":28.0,"turns":5.0},{"damage":9.0,"enemies":"Cultist and Chosen","floor":29.0,"turns":4.0},{"damage":0.0,"enemies":"Sentry and Sphere","floor":31.0,"turns":1.0},{"damage":10.0,"enemies":"Snecko","floor":32.0,"turns":3.0},{"damage":50.0,"enemies":"downfall:Watcher","floor":33.0,"turns":5.0},{"damage":32.0,"enemies":"3 Darklings","floor":36.0,"turns":3.0},{"damage":24.0,"enemies":"downfall:FleeingMerchant","floor":38.0,"turns":3.0},{"damage":5.0,"enemies":"3 Shapes","floor":39.0,"turns":2.0},{"damage":33.0,"enemies":"Maw","floor":40.0,"turns":5.0},{"damage":31,"enemies":"Writhing Mass","floor":42,"turns":4},{"damage":15,"enemies":"Sphere and 2 Shapes","floor":43,"turns":3},{"damage":25,"enemies":"Reptomancer","floor":45,"turns":2},{"damage":16,"enemies":"Jaw Worm Horde","floor":46,"turns":2},{"damage":58,"enemies":"Maw","floor":48,"turns":4},{"damage":18,"enemies":"3 Darklings","floor":49,"turns":3},{"damage":76,"enemies":"downfall:Defect","floor":50,"turns":8}],"seed_played":"6615730323623608294","potions_obtained":[{"floor":3.0,"key":"Regen Potion"},{"floor":4.0,"key":"EntropicBrew"},{"floor":8.0,"key":"Explosive Potion"},{"floor":9.0,"key":"Fire Potion"},{"floor":21.0,"key":"Fire Potion"},{"floor":22.0,"key":"SpeedPotion"},{"floor":28.0,"key":"hexamod:EctoCoolerPotion"},{"floor":29.0,"key":"Fruit Juice"},{"floor":31.0,"key":"Swift Potion"},{"floor":49,"key":"DistilledChaos"}],"is_trial":false,"path_per_floor":["R","M","M","?","$","R","T","M","M","?","M","R","?","M","M","B",null,"R","M","?","M","M","?","T","?","?","$","M","M","R","M","M","B",null,"R","M","?","$","M","M","T","M","M","$","E","M","?","M","M","B",null],"character_chosen":"THE_CHAMP","items_purchased":["champ:Balance","champ:CrookedStrike","champ:AdrenalArmor","PreservedInsect","Gremlin Horn","Bottled Flame","Fruit Juice","Guardian:BlockOnCardUsePotion","Strange Spoon","champ:BladeFlurry","Regen Potion","War Paint","Mayhem","Swift Potion","ClockworkSouvenir"],"campfire_rested":1,"item_purchase_floors":[5,5,27,27,38,38,38,38,38,38,38,44,44,44,44],"current_hp_per_floor":[90,90,85,60,60,60,60,60,60,60,60,60,60,58,56,35,90,90,89,76,79,71,71,71,71,55,51,37,31,58,58,66,48,90,90,86,86,100,97,100,100,92,92,92,92,96,96,75,69,38],"gold":225,"neow_bonus":"RANDOM_COLORLESS","is_daily":false,"chose_seed":false,"campfire_upgraded":5,"win_rate":0.0,"timestamp":1609021476,"path_taken":["R","M","M","?","?","R","T","?","M","?","M","R","?","M","M","BOSS","R","M","?","M","M","?","T","?","?","?","?","M","R","M","M","BOSS","R","M","?","$","M","M","T","M","M","$","E","M","?","M","M","BOSS"],"items_purchased_type":["Card","Card","Card","Relic","Relic","Relic","Potion","Potion","Relic","Card","Potion","Relic","Card","Potion","Relic"],"build_version":"2020-12-22","purchased_purges":3,"victory":true,"max_hp_per_floor":[90,90,90,90,90,90,90,90,90,90,90,90,90,90,90,90,90,90,90,90,90,90,90,90,90,90,90,90,90,90,90,90,90,90,90,90,90,100,100,100,100,100,100,100,100,100,100,100,100,100],"card_choices":[{"not_picked":["Trip","expansioncontent:Collect"],"picked":"expansioncontent:TimeRipple","floor":0.0},{"not_picked":["champ:FanOfKnives","champ:HeartStrike"],"picked":"champ:GutPunch","floor":2.0},{"not_picked":["champ:BringItOn","champ:StanceDance"],"picked":"champ:EndlessRage","floor":3.0},{"not_picked":["champ:RageSigil","champ:TornadoPunch"],"picked":"champ:FaceSlap","floor":4.0},{"not_picked":["champ:FightOn","champ:ShieldWall"],"picked":"champ:BringItOn","floor":5.0},{"not_picked":["champ:GladiatorsShout","champ:BringItOn"],"picked":"champ:Encircle","floor":8.0},{"not_picked":["champ:GutPunch","champ:HeavySlash"],"picked":"champ:BerserkersShout","floor":9.0},{"not_picked":["champ:BerserkersShout","champ:FocusedBerserking","champ:GladiatorsShout"],"picked":"SKIP","floor":11.0},{"not_picked":["champ:RageSigil","champ:CalledShot"],"picked":"champ:ShieldSigil","floor":14.0},{"not_picked":["champ:PerfectedStrike","champ:Devastate"],"picked":"champ:BerserkerStyle","floor":15.0},{"not_picked":["champ:ShieldThrow","champ:SteelEdge"],"picked":"champ:SwordThrow","floor":16.0},{"not_picked":["champ:GutPunch","champ:DefensiveShout"],"picked":"champ:FanOfKnives+1","floor":19.0},{"not_picked":["champ:FanOfKnives","champ:Aggression"],"picked":"champ:Control","floor":20.0},{"not_picked":["champ:Backstep","champ:PerfectedStrike","champ:FalseCounter+1"],"picked":"SKIP","floor":21.0},{"not_picked":["champ:RageSigil","champ:CrookedStrike","champ:GladiatorStyle"],"picked":"SKIP","floor":22.0},{"not_picked":["champ:FightOn","champ:TornadoPunch","champ:PerfectedStrike"],"picked":"SKIP","floor":27.0},{"not_picked":["champ:ShieldSigil","champ:Lariat"],"picked":"champ:LastStand","floor":28.0},{"not_picked":["champ:CrookedStrike+1","champ:FightOn","champ:Lariat"],"picked":"SKIP","floor":29.0},{"not_picked":["champ:CrookedStrike","champ:FocusedGladiator"],"picked":"champ:BringItOn+1","floor":31.0},{"not_picked":["champ:CrookedStrike","champ:RecklessLeap","champ:CalledShot"],"picked":"SKIP","floor":32.0},{"not_picked":["champ:MurderStrike","champ:ShieldSlam"],"picked":"champ:StrikeOfGenius","floor":33.0},{"not_picked":[],"picked":"champ:RisingSlash","floor":36.0},{"not_picked":["champ:FlashCut"],"picked":"SKIP","floor":38.0},{"not_picked":["champ:RecklessLeap"],"picked":"SKIP","floor":39.0},{"not_picked":["champ:Lariat+1"],"picked":"SKIP","floor":40.0},{"not_picked":[],"picked":"champ:AdrenalArmor","floor":42},{"not_picked":["champ:DefensiveShout+1"],"picked":"SKIP","floor":43},{"not_picked":["champ:CrookedStrike+1"],"picked":"SKIP","floor":45},{"not_picked":["champ:RecklessLeap+1"],"picked":"SKIP","floor":46},{"not_picked":["champ:StanceDance"],"picked":"SKIP","floor":48},{"not_picked":[],"picked":"champ:RageSigil+1","floor":49}],"player_experience":1574359,"relics_obtained":[{"floor":4.0,"key":"CloakClasp"},{"floor":7.0,"key":"Du-Vu Doll"},{"floor":17.0,"key":"Oddly Smooth Stone"},{"floor":17.0,"key":"Mummified Hand"},{"floor":17.0,"key":"Incense Burner"},{"floor":20.0,"key":"MutagenicStrength"},{"floor":24.0,"key":"Shuriken"},{"floor":26.0,"key":"champ:BlackKnightHelmet"},{"floor":26.0,"key":"InkBottle"},{"floor":41.0,"key":"Thread and Needle"},{"floor":45,"key":"Vajra"}],"event_choices":[],"is_beta":false,"boss_relics":[{"not_picked":["Velvet Choker","Pandora\u0027s Box"],"picked":"Calling Bell"},{"not_picked":["Snecko Eye","Cursed Key"],"picked":"Busted Crown"}],"items_purged_floors":[5,38,44],"is_endless":false,"potions_floor_spawned":[3,4,8,9,16,21,22,28,29,31,39,40,45,46,49],"ascension_level":2}}