{"host":"52zmxm0oht7x0uft","time":1609611085,"event":{"mods":["AchievementEnabler","BaseMod","Colored Map","Minty Spire (QoL Compilation)","Quick Restart"],"gold_per_floor":[110,127,127,52,71,81,109,109,109,121,71,71,88,107,107,210,210,223,322,322,333,333,333],"floor_reached":22,"playtime":692,"items_purged":["Regret"],"score":235,"play_id":"b4d55fb2-b64b-4f1f-a243-d98976b51962","local_time":"20210102191125","is_ascension_mode":true,"campfire_choices":[{"data":"Disarm","floor":8,"key":"SMITH"},{"data":"Body Slam","floor":12,"key":"SMITH"},{"data":"Body Slam","floor":15,"key":"SMITH"}],"circlet_count":0,"master_deck":["Strike_R","Strike_R","Strike_R","Strike_R","Defend_R","Defend_R","Defend_R","Defend_R","Bash","Clash","Disarm+1","Body Slam+1","Body Slam+1"],"relics":["Black Blood","InkBottle","Blood Vial","Nloth\u0027s Gift"],"acts_visited":["Exordium","TheCity"],"potions_floor_usage":[14,16],"damage_taken":[{"damage":15,"enemies":"Jaw Worm","floor":1,"turns":6},{"damage":0,"enemies":"2 Louse","floor":2,"turns":2},{"damage":1,"enemies":"Cultist","floor":5,"turns":3},{"damage":11,"enemies":"Looter","floor":6,"turns":4},{"damage":30,"enemies":"Lagavulin","floor":7,"turns":8},{"damage":13,"enemies":"Exordium Thugs","floor":10,"turns":5},{"damage":8,"enemies":"Blue Slaver","floor":13,"turns":2},{"damage":6,"enemies":"Looter","floor":14,"turns":3},{"damage":47,"enemies":"Hexaghost","floor":16,"turns":12},{"damage":14,"enemies":"Shell Parasite","floor":18,"turns":6},{"damage":72,"enemies":"Spheric Guardian","floor":21,"turns":8},{"damage":24,"enemies":"Snecko","floor":22,"turns":5}],"seed_played":"-1935457735656063054","potions_obtained":[{"floor":1,"key":"GamblersBrew"},{"floor":5,"key":"BloodPotion"},{"floor":13,"key":"ElixirPotion"},{"floor":14,"key":"BloodPotion"},{"floor":16,"key":"BlessingOfTheForge"}],"is_trial":false,"path_per_floor":["M","M","?","$","M","M","E","R","T","M","?","R","M","M","R","B",null,"M","?","?","M","M"],"character_chosen":"IRONCLAD","items_purchased":[],"campfire_rested":0,"item_purchase_floors":[],"current_hp_per_floor":[79,85,85,85,88,83,59,59,59,54,54,54,54,73,73,51,79,79,79,79,21,0,0],"gold":333,"neow_bonus":"TEN_PERCENT_HP_BONUS","is_daily":false,"chose_seed":false,"campfire_upgraded":3,"win_rate":0.0,"timestamp":1609611085,"path_taken":["M","M","?","$","M","M","E","R","T","M","?","R","M","M","R","BOSS","M","?","?","?","M"],"items_purchased_type":[],"build_version":"2020-12-22","purchased_purges":1,"victory":false,"max_hp_per_floor":[88,88,88,88,88,88,88,88,88,88,88,88,88,88,88,88,88,88,88,88,88,88,88],"card_choices":[{"not_picked":["Carnage","Pummel"],"picked":"Clash","floor":1},{"not_picked":["Infernal Blade","Cleave","Pummel"],"picked":"SKIP","floor":2},{"not_picked":["Armaments","Warcry","Havoc"],"picked":"SKIP","floor":5},{"not_picked":["Dual Wield","True Grit"],"picked":"Disarm","floor":6},{"not_picked":["Sword Boomerang","Rupture","Reckless Charge"],"picked":"SKIP","floor":7},{"not_picked":["Metallicize","Clash"],"picked":"Body Slam","floor":10},{"not_picked":["Clothesline","Sword Boomerang","Rampage"],"picked":"SKIP","floor":13},{"not_picked":["Offering","Bloodletting"],"picked":"Body Slam","floor":14},{"not_picked":["Anger","Perfected Strike","Pommel Strike+1"],"picked":"SKIP","floor":18},{"not_picked":["Clash","Infernal Blade","Spot Weakness"],"picked":"SKIP","floor":21}],"player_experience":358322,"relics_obtained":[{"floor":7,"key":"InkBottle"},{"floor":9,"key":"Blood Vial"}],"event_choices":[{"damage_healed":0,"gold_gain":0,"player_choice":"Box","damage_taken":0,"relics_obtained":["Lantern"],"max_hp_gain":0,"max_hp_loss":0,"event_name":"Big Fish","floor":3,"gold_loss":0,"cards_obtained":["Regret"]},{"cards_removed":["Strike_R"],"damage_healed":0,"gold_gain":0,"player_choice":"Card Removal","damage_taken":0,"max_hp_gain":0,"max_hp_loss":0,"event_name":"The Cleric","floor":11,"gold_loss":50},{"damage_healed":0,"gold_gain":99,"player_choice":"Stole From Cult","damage_taken":0,"max_hp_gain":0,"max_hp_loss":0,"event_name":"Nest","floor":19,"gold_loss":0},{"damage_healed":0,"gold_gain":0,"player_choice":"Traded Relic","damage_taken":0,"relics_obtained":["Nloth\u0027s Gift"],"max_hp_gain":0,"max_hp_loss":0,"event_name":"N\u0027loth","floor":20,"relics_lost":["Lantern"],"gold_loss":0}],"is_beta":false,"boss_relics":[{"not_picked":["Sozu","Empty Cage"],"picked":"Black Blood"}],"items_purged_floors":[4],"is_endless":false,"potions_floor_spawned":[1,5,13,14,16],"killed_by":"Snecko","ascension_level":5}}