{"host":"minbhrtlkaoly5f0","time":1609585645,"event":{"mods":["Act Like it!","BaseMod","Colored Map","Colored Powertips","Lobotomy","LobotomyExtend","Luminous","Minty Spire (QoL Compilation)","Quick Restart","StSLib"],"gold_per_floor":[109,109,128,146,71,71,71,146,198,210,221,221,221,233,233,251,106,123,154,154,154,154,154,167,167,167],"floor_reached":12,"playtime":745,"items_purged":["Defend_R","Strike_R"],"score":88,"play_id":"3a6d0c0c-2e19-4296-9953-3b53b44320b0","local_time":"20210102190725","is_ascension_mode":false,"campfire_choices":[{"data":"Searing Blow","floor":6.0,"key":"SMITH"},{"floor":13.0,"key":"REST"},{"floor":7,"key":"RECALL"},{"floor":10,"key":"REST"}],"circlet_count":0,"master_deck":["Strike_R","Strike_R","Strike_R","Defend_R","Defend_R","Defend_R","Bash","Funeral","Laetitia","Brutality","Searing Blow+1","Wellcheers","Clothesline","CherryBlossoms","Perfected Strike","SpiderBud","Whirlwind","OSAHOGD","Woodsman","Flex"],"relics":["Burning Blood","CogitoBucket","Pen Nib","InkBottle","TreeSap","LetterFromLob","White Beast Statue"],"acts_visited":["Exordium"],"potions_floor_usage":[6,12,12],"damage_taken":[{"damage":8.0,"enemies":"Small Slimes","floor":1.0,"turns":4.0},{"damage":10.0,"enemies":"Jaw Worm","floor":3.0,"turns":4.0},{"damage":8.0,"enemies":"2 Louse","floor":4.0,"turns":2.0},{"damage":19.0,"enemies":"Large Slime","floor":10.0,"turns":4.0},{"damage":27.0,"enemies":"Exordium Thugs","floor":11.0,"turns":4.0},{"damage":28,"enemies":"Jaw Worm","floor":1,"turns":5},{"damage":5,"enemies":"2 Louse","floor":3,"turns":3},{"damage":10,"enemies":"Small Slimes","floor":5,"turns":2},{"damage":16,"enemies":"Gremlin Nob","floor":6,"turns":3},{"damage":23,"enemies":"Blue Slaver","floor":11,"turns":3},{"damage":125,"enemies":"3 Louse","floor":12,"turns":6}],"seed_played":"-2347706123552928054","potions_obtained":[{"floor":10.0,"key":"Fruit Juice"},{"floor":11.0,"key":"FairyPotion"},{"floor":1,"key":"DuplicationPotion"},{"floor":3,"key":"DistilledChaos"},{"floor":11,"key":"SpeedPotion"}],"is_trial":false,"path_per_floor":["M","?","M","M","$","R","?","?","T","M","M","?","R","M","M","?","M","$","M","E","R","?","T","R","M","M"],"character_chosen":"IRONCLAD","items_purchased":["Flex"],"campfire_rested":2,"item_purchase_floors":[4],"current_hp_per_floor":[78,78,75,74,74,74,80,69,69,63,43,36,61,65,65,70,70,70,60,60,52,52,77,80,0,0],"gold":167,"neow_bonus":"","is_daily":false,"chose_seed":false,"campfire_upgraded":1,"win_rate":0.0,"timestamp":1609585645,"path_taken":["M","?","M","M","$","R","?","?","T","M","M","?","R","M","M","?","M","?","?","E","R","?","T","R","?","M"],"items_purchased_type":["Card"],"build_version":"2020-12-22","purchased_purges":2,"victory":false,"max_hp_per_floor":[80,80,80,80,80,80,80,80,80,85,85,85,85,85,85,85,85,85,85,85,85,85,85,85,85,85],"card_choices":[{"not_picked":["LittleHelper","OldLady"],"picked":"Funeral","floor":1.0},{"not_picked":["Shrug It Off","Iron Wave"],"picked":"Flex","floor":1.0},{"not_picked":["NakedNest","ShyLook"],"picked":"Laetitia","floor":3.0},{"not_picked":["Clothesline","Power Through"],"picked":"Brutality","floor":3.0},{"not_picked":["VoidDream","BeautyBeast","WallGazer"],"picked":"Singing Bowl","floor":4.0},{"not_picked":["PunishingBird","BeautyBeast"],"picked":"VoidDream","floor":4.0},{"not_picked":["Sword Boomerang","Dual Wield"],"picked":"Searing Blow","floor":4.0},{"not_picked":["HeroicMonk","UniverseFragment","PunishingBird"],"picked":"Singing Bowl","floor":10.0},{"not_picked":["FairyFestival","UniverseFragment"],"picked":"Wellcheers","floor":10.0},{"not_picked":["Thunderclap","Armaments"],"picked":"Clothesline","floor":10.0},{"not_picked":["Murderer","OSAHOGD","Bloodbath"],"picked":"Singing Bowl","floor":11.0},{"not_picked":["PunishingBird","WallGazer"],"picked":"CherryBlossoms","floor":11.0},{"not_picked":["True Grit","Second Wind"],"picked":"Perfected Strike","floor":11.0},{"not_picked":["MeatLantern","ShyLook"],"picked":"SpiderBud","floor":1},{"not_picked":["Warcry","Twin Strike","Iron Wave"],"picked":"SKIP","floor":1},{"not_picked":["Murderer","Scorched","UniverseFragment"],"picked":"Singing Bowl","floor":3},{"not_picked":["Murderer","BlackSwan"],"picked":"CrumblingArmor","floor":3},{"not_picked":["Bludgeon","Shockwave"],"picked":"Whirlwind","floor":3},{"not_picked":["Scorched","Scarecrow","WallGazer"],"picked":"Singing Bowl","floor":5},{"not_picked":["UniverseFragment","Bloodbath"],"picked":"OSAHOGD","floor":5},{"not_picked":["Cleave","Warcry","Blood for Blood"],"picked":"SKIP","floor":5},{"not_picked":["Murderer","FairyFestival","LaLuna"],"picked":"Singing Bowl","floor":6},{"not_picked":["PunishingBird","BeautyBeast"],"picked":"Woodsman","floor":6},{"not_picked":["Thunderclap","Pommel Strike"],"picked":"Flex","floor":6},{"not_picked":["BeautyBeast","Variant","MeatLantern"],"picked":"Singing Bowl","floor":11},{"not_picked":["FairyFestival","MHz"],"picked":"UniverseFragment","floor":11},{"not_picked":["Second Wind","Headbutt","Power Through"],"picked":"SKIP","floor":11},{"not_picked":["Second Wind","Headbutt","Power Through"],"picked":"SKIP","floor":11}],"player_experience":11941,"relics_obtained":[{"floor":1.0,"key":"LetterFromLob"},{"floor":9.0,"key":"Pen Nib"},{"floor":1,"key":"LetterFromLob"},{"floor":6,"key":"White Beast Statue"}],"event_choices":[{"damage_healed":0.0,"max_hp_gain":0.0,"max_hp_loss":0.0,"gold_gain":0.0,"event_name":"Shining Light","player_choice":"Ignored","floor":2.0,"gold_loss":0.0,"damage_taken":0.0},{"damage_healed":0.0,"max_hp_gain":0.0,"max_hp_loss":0.0,"gold_gain":75.0,"event_name":"World of Goop","player_choice":"Gather Gold","floor":8.0,"gold_loss":0.0,"damage_taken":11.0},{"damage_healed":0.0,"max_hp_gain":0.0,"max_hp_loss":0.0,"gold_gain":0.0,"event_name":"Scrap Ooze","player_choice":"Success","floor":12.0,"gold_loss":0.0,"damage_taken":7.0,"relics_obtained":["InkBottle"]},{"damage_healed":0,"gold_gain":0,"player_choice":"Ignored","damage_taken":0,"max_hp_gain":0,"max_hp_loss":0,"event_name":"NoteForYourself","floor":2,"gold_loss":0},{"damage_healed":0,"gold_gain":0,"player_choice":"Damaged","damage_taken":8,"max_hp_gain":0,"max_hp_loss":0,"event_name":"Wheel of Change","floor":8,"gold_loss":0}],"is_beta":false,"boss_relics":[],"items_purged_floors":[5,4],"is_endless":false,"potions_floor_spawned":[10,11,1,3,11],"killed_by":"3 Louse","ascension_level":0}}