{"host":"Arid","time":1609580896,"event":{"mods":["2.2 Compatiblity","AchievementEnabler","Act Like it!","BaseMod","Downfall","Hermit","Jorbs\u0027s Wanderer Trilogy","Minty Spire (QoL Compilation)","Relic Stats","StSLib","The Animator","The Cursed","The Runesmith"],"gold_per_floor":[124,138,138,165,187,238,254,254,281,281,318,340,369,394,394,493,493,517,517,517],"floor_reached":19,"playtime":2157,"items_purged":[],"score":254,"play_id":"2755ab23-4b38-4388-9e8d-6e09f13e4961","local_time":"20210102044816","is_ascension_mode":true,"campfire_choices":[{"data":"animator:Cocytus","floor":8,"key":"SMITH"},{"data":"animator:Witch","floor":10,"key":"SMITH"},{"floor":15,"key":"REST"}],"circlet_count":0,"master_deck":["animator:Strike_GoblinSlayer","animator:Defend_GoblinSlayer","animator:Strike","animator:Strike","animator:Defend","animator:Defend","animator:Defend","animator:LizardPriest","animator:DwarfShaman","animator:Aqua","animator:GuildGirl","animator:Melzalgald+1","animator:Alexander","animator:Witch+1","animator:Cocytus+1","animator:Sebas","animator:Entoma+2","animator:Darkness","animator:Shalltear","animator:Saber","animator:NagisaMomoe+1"],"relics":["animator:VividPicture","animator:TheMissingPiece","Blood Vial","Mango"],"acts_visited":["Exordium","TheCity"],"potions_floor_usage":[6,6,11,11,11,18,18],"damage_taken":[{"damage":4,"enemies":"2 Louse","floor":1,"turns":4},{"damage":0,"enemies":"Cultist","floor":2,"turns":4},{"damage":10,"enemies":"Small Slimes","floor":4,"turns":4},{"damage":2,"enemies":"Exordium Wildlife","floor":5,"turns":4},{"damage":20,"enemies":"3 Sentries","floor":6,"turns":13},{"damage":8,"enemies":"Blue Slaver","floor":7,"turns":5},{"damage":31,"enemies":"Lagavulin","floor":11,"turns":9},{"damage":11,"enemies":"Looter","floor":12,"turns":3},{"damage":11,"enemies":"3 Louse","floor":13,"turns":5},{"damage":6,"enemies":"2 Fungi Beasts","floor":14,"turns":3},{"damage":9,"enemies":"The Guardian","floor":16,"turns":11},{"damage":26,"enemies":"Chosen","floor":18,"turns":7},{"damage":0,"enemies":"3 Byrds","floor":19,"turns":3}],"seed_played":"-3786282616578446848","potions_obtained":[{"floor":2,"key":"Swift Potion"},{"floor":5,"key":"PowerPotion"},{"floor":6,"key":"SpeedPotion"},{"floor":12,"key":"Weak Potion"},{"floor":13,"key":"Fire Potion"},{"floor":16,"key":"Fire Potion"}],"is_trial":false,"path_per_floor":["M","M","?","M","M","E","M","R","T","R","E","M","M","M","R","B",null,"M","M"],"character_chosen":"THE_ANIMATOR","items_purchased":[],"campfire_rested":1,"item_purchase_floors":[],"current_hp_per_floor":[64,66,66,58,59,41,37,37,37,37,25,18,11,12,37,33,73,53,57,57],"gold":517,"neow_bonus":"TRANSFORM_CARD","is_daily":false,"chose_seed":false,"campfire_upgraded":2,"win_rate":0.0,"timestamp":1609580896,"path_taken":["M","M","?","?","M","E","M","R","T","R","E","M","M","M","R","BOSS","M","M"],"items_purchased_type":[],"build_version":"2020-12-18","purchased_purges":0,"victory":false,"max_hp_per_floor":[66,66,66,66,67,67,67,67,67,67,82,82,82,85,85,86,86,88,88,88],"relic_stats":{"Blood Vial":16,"counters":[13,75],"obtain_stats":[{"Blood Vial":6,"animator:TheMissingPiece":0,"Mango":11,"animator:LivingPicture":0,"animator:VividPicture":17},{"Blood Vial":5,"animator:TheMissingPiece":0,"Mango":7,"animator:LivingPicture":0,"animator:VividPicture":11},{"Blood Vial":29,"animator:TheMissingPiece":0,"Mango":43,"animator:LivingPicture":0,"animator:VividPicture":65}]},"card_choices":[{"not_picked":["animator:Mitsurugi","animator:OrikoMikuni"],"picked":"animator:GuildGirl","floor":1},{"not_picked":["animator:OrikoMikuni","animator:MadokaKaname"],"picked":"animator:Melzalgald","floor":2},{"not_picked":["animator:YuiTsuruno","animator:DwarfShaman"],"picked":"animator:Alexander","floor":4},{"not_picked":["animator:Priestess","animator:Spearman"],"picked":"animator:Witch","floor":5},{"not_picked":["animator:Genos","animator:YuiTsuruno"],"picked":"animator:Cocytus","floor":6},{"not_picked":["animator:HighElfArcher","animator:Archer","animator:Tatsumaki"],"picked":"SKIP","floor":7},{"not_picked":["animator:Chris","animator:ElricAlphonse"],"picked":"animator:Sebas","floor":11},{"not_picked":["animator:NarberalGamma","animator:Sebas"],"picked":"animator:Entoma","floor":12},{"not_picked":["animator:Kazuma","animator:Demiurge"],"picked":"animator:Darkness","floor":13},{"not_picked":["animator:Rider","animator:MaesHughes"],"picked":"animator:Shalltear","floor":14},{"not_picked":["animator:Albedo","animator:GoblinSlayer"],"picked":"animator:Saber","floor":16},{"not_picked":["animator:MumenRider","animator:PandorasActor+1"],"picked":"animator:NagisaMomoe+1","floor":18}],"player_experience":399044,"relics_obtained":[{"floor":6,"key":"Blood Vial"},{"floor":11,"key":"Mango"}],"event_choices":[{"damage_healed":0,"gold_gain":0,"player_choice":"Upgraded","damage_taken":0,"max_hp_gain":0,"max_hp_loss":0,"event_name":"Upgrade Shrine","floor":3,"gold_loss":0,"cards_upgraded":["animator:Melzalgald"]}],"is_beta":true,"boss_relics":[{"not_picked":["animator:CursedBlade","animator:RacePiece"],"picked":"animator:VividPicture"}],"items_purged_floors":[],"is_endless":false,"potions_floor_spawned":[2,5,6,12,13,16],"killed_by":"3 Byrds","ascension_level":5}}