{"host":"rolltorest","time":1609616503,"event":{"mods":["BaseMod","Minty Spire (QoL Compilation)","Relic Stats","Robot Space Explorer","Slay the Relics Exporter","StSLib"],"gold_per_floor":[114,114,289,47,122,163,163,187,187,231,246,286,286,299,299,429,429,444,444,394,417,433,469,469,64,90,90,90,134,157,157,157,276,276,295,295,295,320,51,89,89,109,133,167,167,202,215,258,258,258,258,258,58,98,98,98],"floor_reached":55,"playtime":2061,"items_purged":["Doubt","RobotSpaceExplorer:Strike","Writhe","RobotSpaceExplorer:Strike"],"score":1182,"play_id":"5f76af16-e006-4994-ae13-5c59a82b451f","local_time":"20210102114143","is_ascension_mode":true,"campfire_choices":[{"data":"The Bomb","floor":7,"key":"SMITH"},{"data":"RobotSpaceExplorer:ShockMissile","floor":13,"key":"SMITH"},{"data":"RobotSpaceExplorer:DoubleFind","floor":15,"key":"SMITH"},{"data":"RobotSpaceExplorer:MiniLasers","floor":24,"key":"SMITH"},{"data":"RobotSpaceExplorer:TurboDodge","floor":27,"key":"SMITH"},{"floor":32,"key":"REST"},{"data":"RobotSpaceExplorer:Accelerator","floor":41,"key":"SMITH"},{"floor":45,"key":"RECALL"},{"data":"RobotSpaceExplorer:Fix","floor":49,"key":"SMITH"},{"data":"RobotSpaceExplorer:Electropulse","floor":52,"key":"SMITH"}],"circlet_count":0,"master_deck":["RobotSpaceExplorer:Strike","RobotSpaceExplorer:Strike","RobotSpaceExplorer:Defend","RobotSpaceExplorer:Defend","RobotSpaceExplorer:Defend","RobotSpaceExplorer:Defend","RobotSpaceExplorer:Scan","RobotSpaceExplorer:MiniLasers+1","The Bomb+1","RobotSpaceExplorer:TurboDodge+1","RobotSpaceExplorer:StarLightning","RobotSpaceExplorer:ShovelStrike","RobotSpaceExplorer:SelfCleaning","RobotSpaceExplorer:ShockMissile+1","RobotSpaceExplorer:DoubleFind+1","RobotSpaceExplorer:FrostMissile","RobotSpaceExplorer:TurboDodge+1","RobotSpaceExplorer:MiniDrones","RobotSpaceExplorer:SlimeMissile+1","RobotSpaceExplorer:Accelerator+1","Madness","Madness","RobotSpaceExplorer:Electropulse+1","RobotSpaceExplorer:Probe+1","RobotSpaceExplorer:Fix+1","RobotSpaceExplorer:ScrapShield","RobotSpaceExplorer:Pulsar+1","RobotSpaceExplorer:ScrapMissile"],"relics":["RobotSpaceExplorer:RoboCore","NeowsBlessing","Golden Idol","Bag of Marbles","Mercury Hourglass","Pen Nib","Regal Pillow","Runic Pyramid","Bottled Flame","PreservedInsect","Lantern","Sling","Centennial Puzzle","Ancient Tea Set","Bag of Preparation","RobotSpaceExplorer:SearchSpecs","Lee\u0027s Waffle","Mummified Hand","Vajra","Bronze Scales","Darkstone Periapt","Bottled Lightning"],"acts_visited":["Exordium","TheCity","TheBeyond","TheEnding"],"potions_floor_usage":[16,18,21,23,33,33,50,55,55],"damage_taken":[{"damage":0,"enemies":"Jaw Worm","floor":1,"turns":1},{"damage":0,"enemies":"3 Sentries","floor":6,"turns":1},{"damage":0,"enemies":"2 Louse","floor":8,"turns":1},{"damage":16,"enemies":"Lagavulin","floor":10,"turns":7},{"damage":0,"enemies":"Cultist","floor":11,"turns":3},{"damage":5,"enemies":"Gremlin Nob","floor":12,"turns":3},{"damage":0,"enemies":"3 Louse","floor":14,"turns":1},{"damage":0,"enemies":"Slime Boss","floor":16,"turns":4},{"damage":2,"enemies":"3 Byrds","floor":18,"turns":3},{"damage":17,"enemies":"Shell Parasite","floor":21,"turns":4},{"damage":8,"enemies":"Chosen and Byrds","floor":22,"turns":3},{"damage":4,"enemies":"Gremlin Leader","floor":23,"turns":4},{"damage":7,"enemies":"Slavers","floor":29,"turns":2},{"damage":0,"enemies":"Cultist and Chosen","floor":30,"turns":6},{"damage":31,"enemies":"Automaton","floor":33,"turns":9},{"damage":11,"enemies":"3 Darklings","floor":35,"turns":4},{"damage":0,"enemies":"Orb Walker","floor":38,"turns":3},{"damage":0,"enemies":"Nemesis","floor":40,"turns":3},{"damage":10,"enemies":"Maw","floor":42,"turns":5},{"damage":21,"enemies":"Reptomancer","floor":44,"turns":4},{"damage":0,"enemies":"Nemesis","floor":46,"turns":3},{"damage":0,"enemies":"Jaw Worm Horde","floor":47,"turns":7},{"damage":3,"enemies":"Giant Head","floor":48,"turns":4},{"damage":0,"enemies":"Awakened One","floor":50,"turns":13},{"damage":1,"enemies":"Shield and Spear","floor":54,"turns":3},{"damage":106,"enemies":"The Heart","floor":55,"turns":9}],"seed_played":"2343133657349635449","potions_obtained":[{"floor":1,"key":"SkillPotion"},{"floor":10,"key":"Energy Potion"},{"floor":11,"key":"Fruit Juice"},{"floor":16,"key":"RobotSpaceExplorer:RecyclePotion"},{"floor":22,"key":"Fire Potion"},{"floor":29,"key":"ColorlessPotion"},{"floor":33,"key":"Block Potion"},{"floor":37,"key":"Dexterity Potion"},{"floor":40,"key":"FairyPotion"}],"is_trial":false,"path_per_floor":["M","?","?","$","?","E","R","M","T","E","M","E","R","M","R","B",null,"M","?","?","M","M","E","R","$","T","R","$","E","M","?","R","B",null,"M","?","?","M","$","E","R","M","T","E","R","E","M","E","R","B",null,"R","$","E","B"],"character_chosen":"RobotSpaceExplorer","items_purchased":["The Bomb","Lantern","Sling","Lee\u0027s Waffle","Swift Potion"],"campfire_rested":1,"item_purchase_floors":[4,25,25,39,53],"current_hp_per_floor":[75,69,69,69,63,63,63,63,63,47,47,42,42,42,42,47,74,72,72,72,55,47,43,43,43,43,43,43,36,36,36,73,42,74,63,54,54,54,81,81,81,71,71,50,50,50,54,55,55,61,81,81,81,80,0,0],"gold":98,"neow_bonus":"THREE_ENEMY_KILL","is_daily":false,"chose_seed":false,"campfire_upgraded":8,"win_rate":0.0,"timestamp":1609616503,"path_taken":["M","?","?","$","?","E","R","M","T","E","M","E","R","?","R","BOSS","M","?","?","M","?","E","R","$","T","R","$","E","M","?","R","BOSS","M","?","?","?","$","E","R","M","T","E","R","E","M","E","R","BOSS","R","$","E","BOSS"],"items_purchased_type":["Card","Relic","Relic","Relic","Potion"],"build_version":"2020-12-18","purchased_purges":4,"victory":false,"max_hp_per_floor":[75,69,69,69,69,69,69,69,69,69,69,69,69,69,69,74,74,74,74,74,74,74,74,74,74,74,74,74,74,74,74,74,74,74,74,74,74,74,81,81,81,81,81,81,81,81,81,81,81,81,81,81,81,81,81,81],"relic_stats":{"Darkstone Periapt":0,"Regal Pillow":15,"Lee\u0027s Waffle":27,"counters":[26,110],"Golden Idol":198,"Pen Nib":[24],"PreservedInsect":386,"Bag of Preparation":[24],"Mercury Hourglass":[393],"Centennial Puzzle":[23],"Mummified Hand":[12],"Bronze Scales":[198],"obtain_stats":[{"Darkstone Periapt":48,"Regal Pillow":12,"Lantern":25,"Lee\u0027s Waffle":39,"NeowsBlessing":0,"Golden Idol":2,"Vajra":44,"RobotSpaceExplorer:RoboCore":0,"Pen Nib":10,"PreservedInsect":23,"Bag of Preparation":31,"Sling":25,"Ancient Tea Set":29,"Mercury Hourglass":9,"Bottled Flame":21,"Centennial Puzzle":26,"Mummified Hand":40,"Bronze Scales":46,"Bag of Marbles":6,"RobotSpaceExplorer:SearchSpecs":34,"Bottled Lightning":54,"Runic Pyramid":17},{"Darkstone Periapt":23,"Regal Pillow":6,"Lantern":12,"Lee\u0027s Waffle":17,"NeowsBlessing":0,"Golden Idol":1,"Vajra":20,"RobotSpaceExplorer:RoboCore":0,"Pen Nib":4,"PreservedInsect":12,"Bag of Preparation":14,"Sling":12,"Ancient Tea Set":13,"Mercury Hourglass":3,"Bottled Flame":10,"Centennial Puzzle":12,"Mummified Hand":18,"Bronze Scales":21,"Bag of Marbles":2,"RobotSpaceExplorer:SearchSpecs":15,"Bottled Lightning":25,"Runic Pyramid":8},{"Darkstone Periapt":85,"Regal Pillow":16,"Lantern":35,"Lee\u0027s Waffle":59,"NeowsBlessing":0,"Golden Idol":1,"Vajra":71,"RobotSpaceExplorer:RoboCore":0,"Pen Nib":10,"PreservedInsect":35,"Bag of Preparation":43,"Sling":35,"Ancient Tea Set":37,"Mercury Hourglass":3,"Bottled Flame":28,"Centennial Puzzle":35,"Mummified Hand":62,"Bronze Scales":74,"Bag of Marbles":2,"RobotSpaceExplorer:SearchSpecs":52,"Bottled Lightning":101,"Runic Pyramid":21}]},"card_choices":[{"not_picked":["RobotSpaceExplorer:ExhaustFan","RobotSpaceExplorer:PowerGlove","RobotSpaceExplorer:Ammunition"],"picked":"SKIP","floor":1},{"not_picked":["RobotSpaceExplorer:ShockKick","RobotSpaceExplorer:StunGrenade"],"picked":"RobotSpaceExplorer:TurboDodge","floor":6},{"not_picked":["RobotSpaceExplorer:SurgingStrike","RobotSpaceExplorer:SwiftStep"],"picked":"RobotSpaceExplorer:StarLightning","floor":8},{"not_picked":["RobotSpaceExplorer:Pulsar","RobotSpaceExplorer:Blitz"],"picked":"RobotSpaceExplorer:ShovelStrike","floor":10},{"not_picked":["RobotSpaceExplorer:SwiftStep","RobotSpaceExplorer:MiniDrones"],"picked":"RobotSpaceExplorer:SelfCleaning","floor":11},{"not_picked":["RobotSpaceExplorer:Counterblock","RobotSpaceExplorer:ShovelStrike"],"picked":"RobotSpaceExplorer:ShockMissile","floor":12},{"not_picked":["RobotSpaceExplorer:LuckyStrike","RobotSpaceExplorer:Probe"],"picked":"RobotSpaceExplorer:DoubleFind","floor":14},{"not_picked":["RobotSpaceExplorer:Explosion","RobotSpaceExplorer:Arsenal"],"picked":"RobotSpaceExplorer:Exploration","floor":16},{"not_picked":["RobotSpaceExplorer:Probe","RobotSpaceExplorer:Jetpack"],"picked":"RobotSpaceExplorer:FrostMissile","floor":18},{"not_picked":["RobotSpaceExplorer:ScrapMissile","RobotSpaceExplorer:SwiftStep+1"],"picked":"RobotSpaceExplorer:TurboDodge+1","floor":21},{"not_picked":["RobotSpaceExplorer:PowerGlove","RobotSpaceExplorer:SelfCleaning"],"picked":"RobotSpaceExplorer:MiniDrones","floor":22},{"not_picked":["RobotSpaceExplorer:MiniDrones+1","RobotSpaceExplorer:Discharger"],"picked":"RobotSpaceExplorer:SlimeMissile+1","floor":23},{"not_picked":["RobotSpaceExplorer:ToxicBomb","RobotSpaceExplorer:Ammunition","RobotSpaceExplorer:DoubleBlock"],"picked":"SKIP","floor":29},{"not_picked":["RobotSpaceExplorer:Discharger","RobotSpaceExplorer:Counterblock","RobotSpaceExplorer:Pulsar"],"picked":"SKIP","floor":30},{"not_picked":["RobotSpaceExplorer:Multitool","RobotSpaceExplorer:Comet"],"picked":"RobotSpaceExplorer:Accelerator","floor":33},{"not_picked":["RobotSpaceExplorer:ToxicBomb+1","RobotSpaceExplorer:FreezingShield","RobotSpaceExplorer:MetalStrike"],"picked":"SKIP","floor":35},{"not_picked":["RobotSpaceExplorer:SurgingShield","RobotSpaceExplorer:Counterblock","RobotSpaceExplorer:SlimeMissile"],"picked":"SKIP","floor":38},{"not_picked":["RobotSpaceExplorer:StunGrenade+1","RobotSpaceExplorer:FranticSearch+1"],"picked":"RobotSpaceExplorer:Electropulse","floor":40},{"not_picked":["RobotSpaceExplorer:ShovelStrike","RobotSpaceExplorer:SlimeMissile+1"],"picked":"RobotSpaceExplorer:Probe+1","floor":42},{"not_picked":["RobotSpaceExplorer:FreezeRay+1","RobotSpaceExplorer:StunGrenade","RobotSpaceExplorer:FreezingShield"],"picked":"SKIP","floor":44},{"not_picked":["RobotSpaceExplorer:Probe","RobotSpaceExplorer:Counterblock"],"picked":"RobotSpaceExplorer:Fix","floor":46},{"not_picked":["RobotSpaceExplorer:StunGrenade+1","RobotSpaceExplorer:FrostMissile"],"picked":"RobotSpaceExplorer:ScrapShield","floor":47},{"not_picked":["RobotSpaceExplorer:LaserBurst+1","RobotSpaceExplorer:ScrapShield+1"],"picked":"RobotSpaceExplorer:Pulsar+1","floor":48},{"not_picked":["RobotSpaceExplorer:Wormhole","RobotSpaceExplorer:StunGrenade+1"],"picked":"RobotSpaceExplorer:ScrapMissile","floor":54}],"player_experience":1736365,"relics_obtained":[{"floor":6,"key":"Bag of Marbles"},{"floor":9,"key":"Mercury Hourglass"},{"floor":10,"key":"Pen Nib"},{"floor":12,"key":"Regal Pillow"},{"floor":21,"key":"Bottled Flame"},{"floor":23,"key":"PreservedInsect"},{"floor":26,"key":"Centennial Puzzle"},{"floor":29,"key":"Ancient Tea Set"},{"floor":40,"key":"Mummified Hand"},{"floor":44,"key":"Vajra"},{"floor":46,"key":"Bronze Scales"},{"floor":48,"key":"Darkstone Periapt"},{"floor":54,"key":"Bottled Lightning"}],"event_choices":[{"damage_healed":0,"gold_gain":0,"player_choice":"Lose Max HP","damage_taken":0,"relics_obtained":["Golden Idol"],"max_hp_gain":0,"max_hp_loss":6,"event_name":"Golden Idol","floor":2,"gold_loss":0},{"damage_healed":0,"gold_gain":175,"player_choice":"AGREE","damage_taken":0,"max_hp_gain":0,"max_hp_loss":0,"event_name":"Liars Game","floor":3,"gold_loss":0,"cards_obtained":["Doubt"]},{"damage_healed":0,"gold_gain":75,"player_choice":"Touch","damage_taken":6,"max_hp_gain":0,"max_hp_loss":0,"event_name":"FaceTrader","floor":5,"gold_loss":0},{"damage_healed":0,"gold_gain":0,"player_choice":"Ignored","damage_taken":0,"max_hp_gain":0,"max_hp_loss":0,"event_name":"Ghosts","floor":19,"gold_loss":0},{"damage_healed":0,"gold_gain":0,"player_choice":"Bet on Murderer","damage_taken":0,"max_hp_gain":0,"max_hp_loss":0,"event_name":"The Joust","floor":20,"gold_loss":50},{"damage_healed":0,"gold_gain":0,"player_choice":"Opened","damage_taken":0,"relics_obtained":["Bag of Preparation"],"max_hp_gain":0,"max_hp_loss":0,"event_name":"The Mausoleum","floor":31,"gold_loss":0,"cards_obtained":["Writhe"]},{"damage_healed":0,"gold_gain":0,"player_choice":"Embrace Madness","damage_taken":9,"max_hp_gain":0,"max_hp_loss":0,"event_name":"Winding Halls","floor":36,"gold_loss":0,"cards_obtained":["Madness","Madness"]},{"damage_healed":0,"gold_gain":0,"player_choice":"Got Potions","damage_taken":0,"max_hp_gain":0,"max_hp_loss":0,"event_name":"Lab","floor":37,"gold_loss":0}],"is_beta":true,"boss_relics":[{"not_picked":["Fusion Hammer","Black Star"],"picked":"Runic Pyramid"},{"not_picked":["Astrolabe","Pandora\u0027s Box"],"picked":"RobotSpaceExplorer:SearchSpecs"}],"items_purged_floors":[4,25,39,53],"is_endless":false,"potions_floor_spawned":[1,10,11,16,22,29,30,33,40,44,47,48,54],"killed_by":"The Heart","ascension_level":4}}