{"host":"vsdszi3rnxsdp24p","time":1609613635,"event":{"mods":["AchievementEnabler","BaseMod","Colored Map","Colored Powertips","Hermit","Highlight Path","Minty Spire (QoL Compilation)","Quick Restart","Relic Sorter","Relic Stats","StSLib","SuperFastMode","Synergy Search","The Cursed","The Mystic"],"gold_per_floor":[361,361,436,436,19,19,19,38,38,38,63,84,84,84,84],"floor_reached":14,"playtime":280,"items_purged":[],"score":78,"play_id":"8c7787d1-7d4b-4e43-9783-4116760480ae","local_time":"20210102195355","is_ascension_mode":false,"campfire_choices":[{"floor":6,"key":"REST"},{"floor":10,"key":"RECALL"}],"circlet_count":0,"master_deck":["Strike_B","Strike_B","Strike_B","Strike_B","Defend_B","Defend_B","Defend_B","Defend_B","Zap","Dualcast","Chill","Doom and Gloom","Turbo","White Noise","Heatsinks","Chrysalis","Static Discharge","Self Repair","Fusion"],"relics":["Cracked Core","Golden Idol"],"acts_visited":["Exordium"],"potions_floor_usage":[],"damage_taken":[{"damage":1,"enemies":"2 Louse","floor":1,"turns":2},{"damage":0,"enemies":"Small Slimes","floor":8,"turns":3},{"damage":13,"enemies":"Jaw Worm","floor":11,"turns":4},{"damage":24,"enemies":"Large Slime","floor":12,"turns":6},{"damage":38,"enemies":"Gremlin Nob","floor":14,"turns":3}],"seed_played":"7397370513510305942","potions_obtained":[],"is_trial":false,"path_per_floor":["M","?","?","?","$","R","$","M","T","R","M","M","?","E"],"character_chosen":"DEFECT","items_purchased":["Doom and Gloom","Turbo","White Noise","Heatsinks","Chrysalis"],"campfire_rested":1,"item_purchase_floors":[5,5,5,5,5],"current_hp_per_floor":[53,35,24,24,24,46,46,46,46,46,33,9,34,0,0],"gold":84,"neow_bonus":"TWO_FIFTY_GOLD","is_daily":false,"chose_seed":false,"campfire_upgraded":0,"win_rate":0.0,"timestamp":1609613635,"path_taken":["M","?","?","?","?","R","$","?","T","R","M","M","?","E"],"items_purchased_type":["Card","Card","Card","Card","Card"],"build_version":"2020-12-22","purchased_purges":0,"victory":false,"max_hp_per_floor":[75,75,75,75,75,75,75,75,75,75,75,75,75,75,75],"relic_stats":{"counters":[5,18],"Golden Idol":13,"obtain_stats":[{"Golden Idol":2,"Cracked Core":0},{"Golden Idol":1,"Cracked Core":0},{"Golden Idol":2,"Cracked Core":0}]},"card_choices":[{"not_picked":["Streamline","Steam Power"],"picked":"Chill","floor":1},{"not_picked":["Leap","Chill"],"picked":"Static Discharge","floor":8},{"not_picked":["Stack","Conserve Battery"],"picked":"Self Repair","floor":11},{"not_picked":["Aggregate","Beam Cell"],"picked":"Fusion","floor":12}],"player_experience":121961,"relics_obtained":[],"event_choices":[{"damage_healed":0,"gold_gain":0,"player_choice":"Take Damage","damage_taken":18,"relics_obtained":["Golden Idol"],"max_hp_gain":0,"max_hp_loss":0,"event_name":"Golden Idol","floor":2,"gold_loss":0},{"damage_healed":0,"gold_gain":75,"player_choice":"Gather Gold","damage_taken":11,"max_hp_gain":0,"max_hp_loss":0,"event_name":"World of Goop","floor":3,"gold_loss":0},{"damage_healed":0,"gold_gain":0,"player_choice":"Ignored","damage_taken":0,"max_hp_gain":0,"max_hp_loss":0,"event_name":"Golden Wing","floor":4,"gold_loss":0},{"damage_healed":25,"gold_gain":0,"player_choice":"Banana","damage_taken":0,"max_hp_gain":0,"max_hp_loss":0,"event_name":"Big Fish","floor":13,"gold_loss":0}],"is_beta":false,"boss_relics":[],"items_purged_floors":[],"is_endless":false,"potions_floor_spawned":[],"killed_by":"Gremlin Nob","ascension_level":0}}