{"host":"d2y4rmbezebiv8aj","time":1609624413,"event":{"mods":["AchievementEnabler","BaseMod","BetterRewards","Colored Map","Colored Powertips","Custom Start","Highlight Path","Minty Spire (QoL Compilation)","Rare Cards Sparkle","Shop Mod","StSLib","SuperFastMode","Synergy Search"],"gold_per_floor":[111,111,124,135,146,180,198,198,245,245,255,267,286,315,315,416,416,436,436,204,219,232,260,277,6,56,56,56],"floor_reached":27,"playtime":1747,"items_purged":["Defend_G","Strike_G"],"score":299,"play_id":"47219020-0ac0-4a0f-b64d-5229697f3fcc","local_time":"20210102225333","is_ascension_mode":false,"campfire_choices":[{"floor":8,"key":"REST"},{"data":"Poisoned Stab","floor":10,"key":"SMITH"},{"floor":15,"key":"REST"}],"circlet_count":0,"master_deck":["Strike_G","Strike_G","Strike_G","Strike_G","Defend_G","Defend_G","Defend_G","Defend_G","Survivor","Neutralize","Poisoned Stab+1","Bane","PiercingWail","Dagger Throw","Deflect+1","Concentrate+1","Sucker Punch","Bane","After Image","Outmaneuver+1","After Image","Bane","Pain","After Image","Crippling Poison+1","Distraction+1","Flying Knee","After Image","Slice"],"relics":["Ring of the Snake","NeowsBlessing","Du-Vu Doll","Toxic Egg 2","Nunchaku","Orichalcum","SlaversCollar","WarpedTongs","DollysMirror","Ice Cream","TwistedFunnel","Juzu Bracelet"],"acts_visited":["Exordium","TheCity"],"potions_floor_usage":[14,14,23,23,23],"damage_taken":[{"damage":0.0,"enemies":"Jaw Worm","floor":1.0,"turns":1.0},{"damage":0.0,"enemies":"Cultist","floor":3.0,"turns":1.0},{"damage":0.0,"enemies":"2 Louse","floor":4.0,"turns":1.0},{"damage":18.0,"enemies":"Gremlin Gang","floor":5.0,"turns":6.0},{"damage":38,"enemies":"3 Sentries","floor":6,"turns":12},{"damage":6,"enemies":"Red Slaver","floor":7,"turns":3},{"damage":1,"enemies":"2 Fungi Beasts","floor":11,"turns":4},{"damage":0,"enemies":"Exordium Wildlife","floor":12,"turns":3},{"damage":1,"enemies":"3 Louse","floor":13,"turns":3},{"damage":10,"enemies":"Gremlin Nob","floor":14,"turns":4},{"damage":35,"enemies":"Hexaghost","floor":16,"turns":15},{"damage":21,"enemies":"Chosen","floor":18,"turns":9},{"damage":15,"enemies":"Spheric Guardian","floor":21,"turns":5},{"damage":16,"enemies":"Shelled Parasite and Fungi","floor":22,"turns":5},{"damage":4,"enemies":"Gremlin Leader","floor":23,"turns":7},{"damage":3,"enemies":"Centurion and Healer","floor":24,"turns":6}],"seed_played":"-2781192306734346031","potions_obtained":[{"floor":1.0,"key":"AttackPotion"},{"floor":3.0,"key":"FearPotion"},{"floor":4.0,"key":"GhostInAJar"},{"floor":13,"key":"Block Potion"},{"floor":16,"key":"Swift Potion"},{"floor":21,"key":"CunningPotion"},{"floor":23,"key":"Weak Potion"},{"floor":24,"key":"EntropicBrew"}],"is_trial":false,"path_per_floor":["M","?","M","M","M","E","M","R","T","R","M","M","M","E","R","B",null,"M","?","$","M","M","E","M","$","T","?"],"character_chosen":"THE_SILENT","items_purchased":["DollysMirror","TwistedFunnel","Slice"],"campfire_rested":2,"item_purchase_floors":[20,25,25],"current_hp_per_floor":[70,70,70,70,52,14,8,29,29,29,28,28,27,17,38,3,70,49,49,49,34,18,14,11,11,11,0,0],"gold":56,"neow_bonus":"THREE_ENEMY_KILL","is_daily":false,"chose_seed":false,"campfire_upgraded":1,"win_rate":0.0,"timestamp":1609624413,"path_taken":["M","?","M","?","M","E","M","R","T","R","M","M","M","E","R","BOSS","M","?","$","M","M","E","M","$","T","?"],"items_purchased_type":["Relic","Relic","Card"],"build_version":"2020-12-22","purchased_purges":2,"victory":false,"max_hp_per_floor":[70,70,70,70,70,70,70,70,70,70,70,70,70,70,70,70,70,70,70,70,70,70,70,70,70,70,70,70],"card_choices":[{"not_picked":["Finisher","Backstab"],"picked":"Poisoned Stab","floor":1.0},{"not_picked":["Dodge and Roll","Cloak And Dagger"],"picked":"Bane","floor":3.0},{"not_picked":["Dagger Throw","Dagger Spray"],"picked":"PiercingWail","floor":4.0},{"not_picked":["Accuracy","Deflect"],"picked":"Dagger Throw","floor":5},{"not_picked":["Endless Agony","Quick Slash"],"picked":"Deflect+1","floor":6},{"not_picked":["Grand Finale","Choke"],"picked":"Concentrate+1","floor":7},{"not_picked":["Skewer","Expertise+1"],"picked":"Sucker Punch","floor":11},{"not_picked":["Dagger Throw","Prepared+1"],"picked":"Bane","floor":12},{"not_picked":["Blade Dance+1","Poisoned Stab"],"picked":"After Image","floor":13},{"not_picked":["Flying Knee","Slice"],"picked":"Outmaneuver+1","floor":14},{"not_picked":["Tools of the Trade","Wraith Form v2"],"picked":"After Image","floor":16},{"not_picked":["Dagger Spray","PiercingWail+1"],"picked":"Bane","floor":18},{"not_picked":["PiercingWail+1","Distraction+1"],"picked":"Crippling Poison+1","floor":21},{"not_picked":["Slice","Prepared+1"],"picked":"Distraction+1","floor":22},{"not_picked":["Prepared+1","Dagger Throw"],"picked":"Flying Knee","floor":23},{"not_picked":["PiercingWail+1","Choke"],"picked":"After Image","floor":24}],"player_experience":314482,"relics_obtained":[{"floor":6,"key":"Toxic Egg 2"},{"floor":9,"key":"Nunchaku"},{"floor":14,"key":"Orichalcum"},{"floor":23,"key":"Ice Cream"},{"floor":26,"key":"Juzu Bracelet"}],"event_choices":[{"damage_healed":0.0,"max_hp_gain":0.0,"max_hp_loss":0.0,"gold_gain":0.0,"event_name":"WeMeetAgain","player_choice":"Gave Potion","floor":2.0,"gold_loss":0.0,"damage_taken":0.0,"relics_obtained":["Du-Vu Doll"]},{"damage_healed":0,"gold_gain":0,"player_choice":"Rummage","damage_taken":0,"relics_obtained":["WarpedTongs"],"max_hp_gain":0,"max_hp_loss":0,"event_name":"Accursed Blacksmith","floor":19,"gold_loss":0,"cards_obtained":["Pain"]}],"is_beta":false,"boss_relics":[{"not_picked":["Snecko Eye","HoveringKite"],"picked":"SlaversCollar"}],"items_purged_floors":[20,25],"is_endless":false,"potions_floor_spawned":[1,3,4,13,16,21,23,24],"ascension_level":0}}