{"host":"jfjanrmpavyj4ikg","time":1609578613,"event":{"mods":["AchievementEnabler","BaseMod","BetterRewards","Colored Map","Colored Powertips","GifTheSpireLib","Hermit","Infinite Spire","Minty Spire (QoL Compilation)","Quick Restart","Rare Cards Sparkle","Replay The Spire","Shop Mod","StSLib","The Cursed","The Disciple","The Hierophant","The Necromancer"],"gold_per_floor":[119,44,56,56,56,56,56,70,70,70,87,116,143,163,163,263,263,275,275,326,326,346,346,372,385,385,401,401,413,413,512,512,616,616,632,648,648,648],"floor_reached":37,"playtime":3050,"items_purged":["Strike_W","Defend_W"],"score":404,"play_id":"7b665be9-e12c-44d1-82cf-7e22bb18963e","local_time":"20210102011013","is_ascension_mode":false,"campfire_choices":[{"data":"Shade_Step","floor":6,"key":"SMITH"},{"data":"Negative_Energy_Arrows","floor":10,"key":"SMITH"},{"floor":15,"key":"DIG"},{"data":"Necrotic_Claws","floor":23,"key":"SMITH"},{"floor":28,"key":"REST"},{"floor":30,"key":"REST"},{"data":"Toxic_Smoke_Screen","floor":32,"key":"SMITH"}],"circlet_count":0,"master_deck":["Strike_W+1","Negative_Energy_Arrows+1","Bone_Wall","Vampiric_Strike+1","Shade_Step+1","Toxic_Smoke_Screen+1","Necrotic_Claws+1","Grasp_Heart","Death_Coil","Negative_Energy_Shield","Life_Tap+1","Shackles_Of_Pain+1","Negative_Energy_Shield","Summon_Vampire_Lady"],"relics":["Vampire_Amulet","Replay:WaspNest","Chameleon Ring","Odd Mushroom","Omamori","Whetstone","Kintsugi","infinitespire:CheckeredPen","Chemical X","Bronze Scales","Pear","SlaversCollar"],"acts_visited":["Exordium","TheCity","TheBeyond"],"potions_floor_usage":[8,14,16,27,27,37,37],"damage_taken":[{"damage":1,"enemies":"Cultist","floor":1,"turns":6},{"damage":0,"enemies":"Jaw Worm","floor":3,"turns":5},{"damage":5,"enemies":"Small Slimes","floor":8,"turns":3},{"damage":6,"enemies":"3 Louse","floor":11,"turns":4},{"damage":2,"enemies":"The Mushroom Lair","floor":12,"turns":7},{"damage":20,"enemies":"Large Slime","floor":14,"turns":9},{"damage":81,"enemies":"Fading Forest","floor":16,"turns":11},{"damage":7,"enemies":"Spheric Guardian","floor":18,"turns":4},{"damage":2,"enemies":"Chosen","floor":22,"turns":3},{"damage":47,"enemies":"Slavers","floor":24,"turns":6},{"damage":2,"enemies":"Snake Plant","floor":25,"turns":2},{"damage":1,"enemies":"Snecko","floor":27,"turns":2},{"damage":21,"enemies":"Centurion and Healer","floor":29,"turns":3},{"damage":75,"enemies":"Collector","floor":33,"turns":7},{"damage":18,"enemies":"Orb Walker","floor":35,"turns":3},{"damage":24,"enemies":"3 Darklings","floor":36,"turns":4},{"damage":85,"enemies":"2 Orb Walkers","floor":37,"turns":4}],"seed_played":"2323848237184297104","potions_obtained":[{"floor":1,"key":"Languid Potion"},{"floor":3,"key":"AttackPotion"},{"floor":14,"key":"Fire Potion"},{"floor":18,"key":"Strength Potion"},{"floor":25,"key":"Swift Potion"},{"floor":33,"key":"Swift Potion"},{"floor":36,"key":"Ancient Potion"}],"is_trial":false,"path_per_floor":["M","$","M","T","?","R","?","M","T","R","M","?","T","M","R_BF","B",null,"M","?","?","AVR","M","R","E","M","T","M","R","M","R","?","R","B",null,"M","M","?"],"character_chosen":"NECROMANCER","items_purchased":[],"campfire_rested":2,"item_purchase_floors":[],"current_hp_per_floor":[82,82,82,82,82,82,82,81,81,81,78,82,82,66,66,20,82,77,77,57,57,57,57,19,19,29,33,60,49,76,76,76,16,92,77,64,0,0],"gold":648,"neow_bonus":"TEN_PERCENT_HP_BONUS","is_daily":false,"chose_seed":false,"campfire_upgraded":4,"win_rate":0.0,"timestamp":1609578613,"path_taken":["M","$","?","?","?","R","?","M","T","R","M","?","?","M","R_BF","BOSS","M","?","?","AVR","?","R","E","M","T","M","R","M","R","?","R","BOSS","M","M","?"],"items_purchased_type":[],"build_version":"2020-12-22","purchased_purges":2,"victory":false,"max_hp_per_floor":[82,82,82,82,82,82,82,82,82,82,82,82,82,82,82,82,82,82,82,82,82,82,82,82,82,92,92,92,92,92,92,92,92,92,92,92,92,92],"card_choices":[{"not_picked":["Finger_Of_Death","Blood_Is_Power"],"picked":"Vampiric_Strike","floor":1},{"not_picked":["Necrotic_Claws","Summon_Undead"],"picked":"Shade_Step","floor":3},{"not_picked":["Finger_Of_Death","Death_March_Dance","Summon_Undead"],"picked":"SKIP","floor":8},{"not_picked":["Shackles_Of_Pain","Consume_Illness","Negative_Energy_Burst"],"picked":"SKIP","floor":11},{"not_picked":["Pandemic","Life_Drain"],"picked":"Toxic_Smoke_Screen","floor":12},{"not_picked":["Negative_Energy_Mist","Summon_Lich"],"picked":"Necrotic_Claws","floor":14},{"not_picked":["Reap_The_Weak","Blood_Magic"],"picked":"Grasp_Heart","floor":16},{"not_picked":["Shackles_Of_Pain","Bone_Armor","Bones_to_Steel"],"picked":"SKIP","floor":18},{"not_picked":["Epidemic","Blood_Whip"],"picked":"Death_Coil","floor":20},{"not_picked":["Bone_Spikes","Shackles_Of_Pain"],"picked":"Negative_Energy_Shield","floor":22},{"not_picked":["Stop_Heart","Epidemic"],"picked":"Life_Tap+1","floor":24},{"not_picked":["Vampiric_Strike","Bone_Bullets"],"picked":"Shackles_Of_Pain+1","floor":25},{"not_picked":["Summon_Undead_Army","Bone_Armory","Bone_Shift"],"picked":"SKIP","floor":27},{"not_picked":["Finger_Of_Death","Uncharnel+1"],"picked":"Negative_Energy_Shield","floor":29},{"not_picked":["Skeleton_Dragon","Blood_Wake"],"picked":"Summon_Vampire_Lady","floor":33},{"not_picked":["Life_Tap","Negative_Energy_Mist","Finger_Of_Death"],"picked":"SKIP","floor":35},{"not_picked":["Vampiric_Strike","Blood_Curse","Whirlwind_of_Bones"],"picked":"SKIP","floor":36}],"player_experience":54516,"relics_obtained":[{"floor":4,"key":"Replay:WaspNest"},{"floor":9,"key":"Chameleon Ring"},{"floor":12,"key":"Odd Mushroom"},{"floor":13,"key":"Omamori"},{"floor":15,"key":"Whetstone"},{"floor":20,"key":"infinitespire:CheckeredPen"},{"floor":24,"key":"Bronze Scales"},{"floor":26,"key":"Pear"}],"event_choices":[{"damage_healed":0,"gold_gain":0,"player_choice":"Ignored","damage_taken":0,"max_hp_gain":0,"max_hp_loss":0,"event_name":"Liars Game","floor":7,"gold_loss":0},{"damage_healed":0,"gold_gain":0,"player_choice":"Fought Mushrooms","damage_taken":0,"max_hp_gain":0,"max_hp_loss":0,"event_name":"Mushrooms","floor":12,"gold_loss":0},{"damage_healed":0,"gold_gain":0,"player_choice":"Ignored","damage_taken":0,"max_hp_gain":0,"max_hp_loss":0,"event_name":"Ghosts","floor":19,"gold_loss":0},{"damage_healed":0,"gold_gain":99,"player_choice":"Stole From Cult","damage_taken":0,"max_hp_gain":0,"max_hp_loss":0,"event_name":"Nest","floor":31,"gold_loss":0},{"damage_healed":0,"gold_gain":0,"player_choice":"Fight","damage_taken":0,"max_hp_gain":0,"max_hp_loss":0,"event_name":"Mysterious Sphere","floor":37,"gold_loss":0}],"is_beta":false,"boss_relics":[{"not_picked":["Coffee Dripper","Ring of Chaos"],"picked":"Kintsugi"},{"not_picked":["ChewingGum","Snecko Eye"],"picked":"SlaversCollar"}],"items_purged_floors":[2,21],"is_endless":false,"potions_floor_spawned":[1,3,14,18,25,33,36],"killed_by":"2 Orb Walkers","ascension_level":0}}