{"host":"3a1ypf1irl30q4k8","time":1609581791,"event":{"mods":["AchievementEnabler","BaseMod","Bestiary","Colored Map","Minty Spire (QoL Compilation)","Relic Stats"],"gold_per_floor":[114,126,136,146,321,321,355,355,355,355,380,390,419,429,429,525,525,538,538,538,557,557,557,582,592,641,641,566,566,597,142,142,240,240,256,256,3,21,40,40,40,40,67,82,93,93,112,127,127,127],"floor_reached":51,"playtime":2163,"items_purged":["Strike_R"],"score":919,"play_id":"5a256ee5-c8f9-423f-a56d-f76793b35669","local_time":"20210102100311","is_ascension_mode":true,"campfire_choices":[{"data":"Searing Blow","floor":6,"key":"SMITH"},{"data":"Searing Blow+1","floor":8,"key":"SMITH"},{"data":"Searing Blow+2","floor":10,"key":"SMITH"},{"floor":15,"key":"REST"},{"data":"Searing Blow+3","floor":23,"key":"SMITH"},{"data":"Searing Blow+4","floor":27,"key":"SMITH"},{"data":"Searing Blow+5","floor":29,"key":"SMITH"},{"data":"Searing Blow+6","floor":32,"key":"SMITH"},{"data":"Searing Blow+7","floor":40,"key":"SMITH"},{"data":"Searing Blow+8","floor":42,"key":"SMITH"},{"data":"Searing Blow+9","floor":46,"key":"SMITH"},{"data":"Searing Blow+10","floor":49,"key":"SMITH"}],"circlet_count":0,"master_deck":["Strike_R","Strike_R","Strike_R","Defend_R","Defend_R","Defend_R","Defend_R","Bash","Perfected Strike","Headbutt","Twin Strike","Searing Blow+11","Doubt","Pommel Strike","Sever Soul","Corruption","Dual Wield","Battle Trance","Reaper","Disarm+1","Feel No Pain","Shockwave+1"],"relics":["Snecko Eye","Ancient Tea Set","Blood Vial","StrikeDummy","Bronze Scales","Runic Cube","Thread and Needle","Oddly Smooth Stone","Eternal Feather","Lee\u0027s Waffle","Centennial Puzzle","Busted Crown","Art of War","Bottled Tornado","Happy Flower"],"acts_visited":["Exordium","TheCity","TheBeyond"],"potions_floor_usage":[7,18,18,24,33,33,47,50],"damage_taken":[{"damage":6,"enemies":"Jaw Worm","floor":1,"turns":2},{"damage":0,"enemies":"2 Louse","floor":2,"turns":2},{"damage":0,"enemies":"Small Slimes","floor":3,"turns":2},{"damage":2,"enemies":"Blue Slaver","floor":4,"turns":2},{"damage":14,"enemies":"3 Sentries","floor":7,"turns":6},{"damage":26,"enemies":"Lagavulin","floor":11,"turns":5},{"damage":0,"enemies":"Gremlin Gang","floor":12,"turns":2},{"damage":17,"enemies":"3 Sentries","floor":13,"turns":5},{"damage":9,"enemies":"2 Fungi Beasts","floor":14,"turns":2},{"damage":36,"enemies":"Hexaghost","floor":16,"turns":6},{"damage":20,"enemies":"2 Thieves","floor":18,"turns":2},{"damage":0,"enemies":"Spheric Guardian","floor":21,"turns":1},{"damage":22,"enemies":"Slavers","floor":24,"turns":3},{"damage":23,"enemies":"Centurion and Healer","floor":25,"turns":4},{"damage":27,"enemies":"Book of Stabbing","floor":30,"turns":4},{"damage":9,"enemies":"Collector","floor":33,"turns":4},{"damage":11,"enemies":"Orb Walker","floor":35,"turns":2},{"damage":0,"enemies":"3 Darklings","floor":38,"turns":3},{"damage":0,"enemies":"Jaw Worm Horde","floor":39,"turns":2},{"damage":0,"enemies":"Spire Growth","floor":44,"turns":2},{"damage":0,"enemies":"4 Shapes","floor":45,"turns":6},{"damage":0,"enemies":"Sphere and 2 Shapes","floor":47,"turns":5},{"damage":32,"enemies":"Spire Growth","floor":48,"turns":4},{"damage":0,"enemies":"Donu and Deca","floor":50,"turns":3}],"seed_played":"4814652516402985141","potions_obtained":[{"floor":2,"key":"ColorlessPotion"},{"floor":3,"key":"GamblersBrew"},{"floor":14,"key":"Explosive Potion"},{"floor":16,"key":"BloodPotion"},{"floor":25,"key":"Energy Potion"},{"floor":30,"key":"LiquidMemories"},{"floor":35,"key":"GamblersBrew"},{"floor":41,"key":"Energy Potion"},{"floor":41,"key":"AttackPotion"},{"floor":41,"key":"Weak Potion"},{"floor":48,"key":"LiquidMemories"}],"is_trial":false,"path_per_floor":["M","M","M","M","?","R","E","R","T","R","E","M","E","M","R","B",null,"M","?","?","M","?","R","E","M","T","R","?","R","E","$","R","B",null,"M","?","$","M","M","R","?","R","T","M","M","R","M","M","R","B",null],"character_chosen":"IRONCLAD","items_purchased":["Lee\u0027s Waffle","Feel No Pain","Centennial Puzzle","Bottled Tornado"],"campfire_rested":1,"item_purchase_floors":[31,31,31,37],"current_hp_per_floor":[74,74,74,72,72,72,58,58,58,58,34,36,21,14,38,4,80,60,60,60,62,62,62,58,40,40,40,40,40,19,87,87,78,87,76,76,76,78,80,87,87,87,87,87,87,87,87,59,71,81],"gold":127,"neow_bonus":"BOSS_RELIC","is_daily":false,"chose_seed":false,"campfire_upgraded":11,"win_rate":0.0,"timestamp":1609581791,"path_taken":["M","M","M","M","?","R","E","R","T","R","E","M","E","M","R","BOSS","M","?","?","M","?","R","E","M","T","R","?","R","E","$","R","BOSS","M","?","$","M","?","R","?","R","T","M","M","R","M","?","R","BOSS"],"items_purchased_type":["Relic","Card","Relic","Relic"],"build_version":"2020-12-22","purchased_purges":1,"victory":true,"max_hp_per_floor":[80,80,80,80,80,80,80,80,80,80,80,80,80,80,80,80,80,80,80,80,80,80,80,80,80,80,80,80,80,80,87,87,87,87,87,87,87,87,87,87,87,87,87,87,87,87,87,87,87,87],"relic_stats":{"Blood Vial":24,"Lee\u0027s Waffle":68,"Centennial Puzzle":[9],"Busted Crown":14,"Happy Flower":[6],"counters":[24,79],"Bronze Scales":[136],"Snecko Eye":[142,146,142,135],"Eternal Feather":19,"Art of War":[1],"obtain_stats":[{"Lee\u0027s Waffle":31,"Happy Flower":43,"Oddly Smooth Stone":26,"Thread and Needle":24,"Eternal Feather":30,"Bottled Tornado":37,"Ancient Tea Set":7,"Burning Blood":0,"Blood Vial":9,"Centennial Puzzle":31,"Busted Crown":34,"Bronze Scales":13,"Snecko Eye":0,"Art of War":36,"StrikeDummy":11,"Runic Cube":17},{"Lee\u0027s Waffle":15,"Happy Flower":19,"Oddly Smooth Stone":14,"Thread and Needle":13,"Eternal Feather":15,"Bottled Tornado":17,"Ancient Tea Set":5,"Burning Blood":0,"Blood Vial":5,"Centennial Puzzle":15,"Busted Crown":16,"Bronze Scales":8,"Snecko Eye":0,"Art of War":17,"StrikeDummy":6,"Runic Cube":10},{"Lee\u0027s Waffle":48,"Happy Flower":59,"Oddly Smooth Stone":44,"Thread and Needle":40,"Eternal Feather":48,"Bottled Tornado":54,"Ancient Tea Set":14,"Burning Blood":0,"Blood Vial":14,"Centennial Puzzle":48,"Busted Crown":52,"Bronze Scales":26,"Snecko Eye":0,"Art of War":54,"StrikeDummy":19,"Runic Cube":34}],"Runic Cube":[17]},"card_choices":[{"not_picked":["Shrug It Off","Ghostly Armor"],"picked":"Perfected Strike","floor":1},{"not_picked":["Sword Boomerang","Thunderclap"],"picked":"Headbutt","floor":2},{"not_picked":["Sentinel","Dropkick"],"picked":"Twin Strike","floor":3},{"not_picked":["Warcry","Pommel Strike"],"picked":"Searing Blow","floor":4},{"not_picked":["Metallicize","Double Tap"],"picked":"Pommel Strike","floor":7},{"not_picked":["Armaments","Cleave","Thunderclap"],"picked":"SKIP","floor":11},{"not_picked":["True Grit","Cleave","Body Slam"],"picked":"SKIP","floor":12},{"not_picked":["Warcry","Juggernaut"],"picked":"Sever Soul","floor":13},{"not_picked":["Body Slam","Feel No Pain","Pommel Strike"],"picked":"SKIP","floor":14},{"not_picked":["Fiend Fire","Juggernaut"],"picked":"Corruption","floor":16},{"not_picked":["Anger+1","Sword Boomerang","Metallicize"],"picked":"SKIP","floor":18},{"not_picked":["Sever Soul","Body Slam"],"picked":"Battle Trance","floor":21},{"not_picked":["Metallicize+1","Sentinel"],"picked":"Reaper","floor":24},{"not_picked":["Disarm","Thunderclap","Warcry"],"picked":"SKIP","floor":25},{"not_picked":["Iron Wave+1","Ghostly Armor"],"picked":"Disarm+1","floor":30},{"not_picked":["Thunderclap+1"],"picked":"SKIP","floor":35},{"not_picked":["Sword Boomerang+1"],"picked":"SKIP","floor":38},{"not_picked":["Spot Weakness"],"picked":"SKIP","floor":39},{"not_picked":["Sever Soul"],"picked":"SKIP","floor":44},{"not_picked":["Body Slam"],"picked":"SKIP","floor":45},{"not_picked":["Fire Breathing+1"],"picked":"SKIP","floor":47},{"not_picked":[],"picked":"Shockwave+1","floor":48}],"player_experience":938450,"relics_obtained":[{"floor":7,"key":"Ancient Tea Set"},{"floor":9,"key":"Blood Vial"},{"floor":11,"key":"StrikeDummy"},{"floor":13,"key":"Bronze Scales"},{"floor":24,"key":"Thread and Needle"},{"floor":26,"key":"Oddly Smooth Stone"},{"floor":30,"key":"Eternal Feather"},{"floor":43,"key":"Happy Flower"}],"event_choices":[{"damage_healed":0,"gold_gain":175,"player_choice":"AGREE","damage_taken":0,"max_hp_gain":0,"max_hp_loss":0,"event_name":"Liars Game","floor":5,"gold_loss":0,"cards_obtained":["Doubt"]},{"damage_healed":0,"gold_gain":0,"player_choice":"Ignored","damage_taken":0,"max_hp_gain":0,"max_hp_loss":0,"event_name":"The Mausoleum","floor":19,"gold_loss":0},{"damage_healed":0,"gold_gain":0,"player_choice":"Read","damage_taken":0,"max_hp_gain":0,"max_hp_loss":0,"event_name":"The Library","floor":20,"gold_loss":0,"cards_obtained":["Dual Wield"]},{"damage_healed":0,"gold_gain":0,"player_choice":"Ignored","damage_taken":0,"max_hp_gain":0,"max_hp_loss":0,"event_name":"Cursed Tome","floor":22,"gold_loss":0},{"cards_removed":["Strike_R"],"damage_healed":0,"gold_gain":0,"player_choice":"Gave Gold","damage_taken":0,"max_hp_gain":0,"max_hp_loss":0,"event_name":"Beggar","floor":28,"gold_loss":75},{"damage_healed":0,"gold_gain":0,"player_choice":"Gave Potion","damage_taken":0,"relics_obtained":["Art of War"],"max_hp_gain":0,"max_hp_loss":0,"event_name":"WeMeetAgain","floor":36,"gold_loss":0},{"damage_healed":0,"gold_gain":0,"player_choice":"Got Potions","damage_taken":0,"max_hp_gain":0,"max_hp_loss":0,"event_name":"Lab","floor":41,"gold_loss":0}],"is_beta":false,"boss_relics":[{"not_picked":["Mark of Pain","Fusion Hammer"],"picked":"Runic Cube"},{"not_picked":["Pandora\u0027s Box","SlaversCollar"],"picked":"Busted Crown"}],"items_purged_floors":[31],"is_endless":false,"potions_floor_spawned":[2,3,14,16,25,30,35,44,48],"ascension_level":1}}