{"host":"wzyx1a6f41w36f2j","time":1609600556,"event":{"mods":["BaseMod","Googly Eyes","Highlight Path","Minty Spire (QoL Compilation)","Quick Restart","StSLib","The IronCluck"],"gold_per_floor":[115,115,89,89,102,134,151,151,175,205,223,223,235,235,235,339,339,357,367,367,282,282,282,309,309,609,639,266,266,266,294,294,399,399,418,468,482,482,339,339,354,354,354,373,401,418,428,22,22,22],"floor_reached":51,"playtime":2160,"items_purged":["Defend_R"],"score":828,"play_id":"bb4666ab-8066-49ab-975d-30de14ddd200","local_time":"20210102171556","is_ascension_mode":true,"campfire_choices":[{"data":"Armaments","floor":8,"key":"SMITH"},{"floor":12,"key":"REST"},{"floor":15,"key":"REST"},{"data":"Limit Break","floor":23,"key":"SMITH"},{"data":"Demon Form","floor":25,"key":"SMITH"},{"floor":32,"key":"REST"},{"data":"Exhume","floor":40,"key":"SMITH"},{"floor":42,"key":"REST"},{"data":"1","floor":49,"key":"LIFT"}],"circlet_count":0,"master_deck":["Strike_R","Strike_R","Strike_R","Strike_R+1","Strike_R+1","Defend_R","Defend_R","Defend_R","Bash","Inflame","Armaments+1","Shrug It Off","Spot Weakness","Demon Form+1","Limit Break+1","Heavy Blade","Offering","Thunderclap","Burning Pact","Warcry+1","Infernal Blade","Exhume+1","Seeing Red+1","Thunderclap+1","Bandage Up","Dropkick","Parasite","Bloodletting+1"],"relics":["Burning Blood","NeowsBlessing","Juzu Bracelet","Lantern","Vajra","Blood Vial","Sozu","Centennial Puzzle","Gremlin Horn","Old Coin","Pen Nib","PreservedInsect","Bag of Marbles","Enchiridion","Bronze Scales","Runic Pyramid","Mango","MealTicket","Shuriken","Girya","Meat on the Bone","Dream Catcher"],"acts_visited":["Exordium","TheCity","TheBeyond"],"potions_floor_usage":[24,33,33],"damage_taken":[{"damage":0,"enemies":"2 Louse","floor":1,"turns":1},{"damage":0,"enemies":"Cultist","floor":5,"turns":1},{"damage":0,"enemies":"Lagavulin","floor":6,"turns":1},{"damage":0,"enemies":"Small Slimes","floor":7,"turns":4},{"damage":22,"enemies":"Gremlin Nob","floor":10,"turns":4},{"damage":20,"enemies":"Exordium Wildlife","floor":11,"turns":5},{"damage":24,"enemies":"3 Louse","floor":13,"turns":3},{"damage":43,"enemies":"The Guardian","floor":16,"turns":12},{"damage":16,"enemies":"Spheric Guardian","floor":18,"turns":3},{"damage":13,"enemies":"2 Thieves","floor":19,"turns":2},{"damage":23,"enemies":"Gremlin Leader","floor":24,"turns":4},{"damage":47,"enemies":"Slavers","floor":27,"turns":4},{"damage":22,"enemies":"Gremlin Leader","floor":31,"turns":4},{"damage":22,"enemies":"Automaton","floor":33,"turns":6},{"damage":0,"enemies":"3 Shapes","floor":35,"turns":2},{"damage":38,"enemies":"Mind Bloom Boss Battle","floor":36,"turns":4},{"damage":6,"enemies":"3 Darklings","floor":37,"turns":1},{"damage":21,"enemies":"Spire Growth","floor":41,"turns":3},{"damage":6,"enemies":"Transient","floor":44,"turns":5},{"damage":5,"enemies":"Nemesis","floor":45,"turns":3},{"damage":30,"enemies":"Writhing Mass","floor":46,"turns":5},{"damage":9,"enemies":"Sphere and 2 Shapes","floor":47,"turns":2},{"damage":60,"enemies":"Awakened One","floor":50,"turns":4}],"seed_played":"-7053388758757469246","potions_obtained":[{"floor":1,"key":"Fire Potion"},{"floor":7,"key":"Energy Potion"},{"floor":13,"key":"BloodPotion"}],"is_trial":false,"path_per_floor":["M","?","$","?","M","E","M","R","T","E","M","R","M","?","R","B",null,"M","M","?","?","?","R","E","R","T","E","$","?","?","E","R","B",null,"M","?","M","?","$","R","M","R","T","M","E","M","M","$","R","B",null],"character_chosen":"IRONCLAD","items_purchased":["Armaments","PreservedInsect","Bag of Marbles","MealTicket","Meat on the Bone","Dream Catcher"],"campfire_rested":4,"item_purchase_floors":[3,28,28,39,48,48],"current_hp_per_floor":[80,64,64,57,63,69,75,75,75,59,47,71,55,80,80,43,80,70,65,65,65,65,65,66,66,66,27,27,53,37,23,47,33,80,80,62,64,64,64,64,59,87,87,93,94,74,77,92,92,56],"gold":22,"neow_bonus":"THREE_ENEMY_KILL","is_daily":false,"chose_seed":false,"campfire_upgraded":4,"win_rate":0.0,"timestamp":1609600556,"path_taken":["M","?","$","?","M","E","M","R","T","E","M","R","M","?","R","BOSS","M","M","?","?","?","R","E","R","T","E","$","?","?","E","R","BOSS","M","?","M","?","?","R","M","R","T","M","E","M","M","$","R","BOSS"],"items_purchased_type":["Card","Relic","Relic","Relic","Relic","Relic"],"build_version":"2020-12-22","purchased_purges":1,"victory":true,"max_hp_per_floor":[80,80,80,80,80,80,80,80,80,80,80,80,80,80,80,80,80,80,80,80,80,80,80,80,80,80,80,80,80,80,80,80,80,80,80,94,94,94,94,94,94,94,94,94,94,94,94,94,94,94],"card_choices":[{"not_picked":["Shrug It Off","Twin Strike"],"picked":"Inflame","floor":1},{"not_picked":["Combust","Iron Wave"],"picked":"Shrug It Off","floor":5},{"not_picked":["Inflame","Clothesline"],"picked":"Spot Weakness","floor":6},{"not_picked":["Uppercut","Wild Strike"],"picked":"Demon Form","floor":7},{"not_picked":["Thunderclap","True Grit"],"picked":"Limit Break","floor":10},{"not_picked":["Disarm","Uppercut"],"picked":"Heavy Blade","floor":11},{"not_picked":["Wild Strike","Iron Wave"],"picked":"Carnage","floor":13},{"not_picked":["Demon Form","Bludgeon"],"picked":"Offering","floor":16},{"not_picked":["Fire Breathing","Perfected Strike+1"],"picked":"Thunderclap","floor":18},{"not_picked":["Thunderclap","Body Slam"],"picked":"Armaments","floor":19},{"not_picked":["Armaments+1","Burning Pact","Fire Breathing"],"picked":"SKIP","floor":24},{"not_picked":["Hemokinesis+1","Body Slam"],"picked":"Warcry+1","floor":27},{"not_picked":["Iron Wave+1","Hemokinesis"],"picked":"Infernal Blade","floor":31},{"not_picked":["Limit Break","Impervious"],"picked":"Exhume","floor":33},{"not_picked":["Anger","Headbutt","Perfected Strike+1"],"picked":"SKIP","floor":35},{"not_picked":["Disarm+1","Reckless Charge"],"picked":"Seeing Red+1","floor":36},{"not_picked":["Perfected Strike","Wild Strike"],"picked":"Thunderclap+1","floor":37},{"not_picked":["Forethought","Finesse"],"picked":"Bandage Up","floor":38},{"not_picked":["Wild Strike","Body Slam"],"picked":"Dropkick","floor":41},{"not_picked":["Heavy Blade","Headbutt+1","Power Through+1"],"picked":"SKIP","floor":44},{"not_picked":["Spot Weakness+1","Anger","Infernal Blade"],"picked":"SKIP","floor":45},{"not_picked":["Spot Weakness+1","Anger","Infernal Blade"],"picked":"SKIP","floor":45},{"not_picked":["Flame Barrier+1","Clothesline"],"picked":"Bloodletting+1","floor":46},{"not_picked":["Twin Strike","Impervious","Cleave"],"picked":"SKIP","floor":47}],"player_experience":50883,"relics_obtained":[{"floor":6,"key":"Lantern"},{"floor":9,"key":"Vajra"},{"floor":10,"key":"Blood Vial"},{"floor":24,"key":"Gremlin Horn"},{"floor":26,"key":"Old Coin"},{"floor":27,"key":"Pen Nib"},{"floor":30,"key":"Enchiridion"},{"floor":31,"key":"Bronze Scales"},{"floor":36,"key":"Mango"},{"floor":43,"key":"Shuriken"},{"floor":45,"key":"Girya"}],"event_choices":[{"damage_healed":0,"gold_gain":0,"player_choice":"Entered Light","damage_taken":16,"max_hp_gain":0,"max_hp_loss":0,"event_name":"Shining Light","floor":2,"gold_loss":0,"cards_upgraded":["Strike_R","Strike_R"]},{"damage_healed":0,"gold_gain":0,"player_choice":"Success","damage_taken":7,"relics_obtained":["Juzu Bracelet"],"max_hp_gain":0,"max_hp_loss":0,"event_name":"Scrap Ooze","floor":4,"gold_loss":0},{"cards_removed":["Carnage"],"damage_healed":25,"gold_gain":0,"player_choice":"Offered Uncommon","damage_taken":0,"max_hp_gain":0,"max_hp_loss":0,"event_name":"Bonfire Elementals","floor":14,"gold_loss":0},{"damage_healed":0,"gold_gain":0,"cards_transformed":["Armaments"],"player_choice":"Transformed","damage_taken":0,"max_hp_gain":0,"max_hp_loss":0,"event_name":"Transmorgrifier","floor":20,"gold_loss":0,"cards_obtained":["Burning Pact"]},{"damage_healed":0,"gold_gain":0,"player_choice":"Obtained Relic","damage_taken":0,"relics_obtained":["Centennial Puzzle"],"max_hp_gain":0,"max_hp_loss":0,"event_name":"Addict","floor":21,"gold_loss":85},{"damage_healed":0,"gold_gain":0,"player_choice":"Ignored","damage_taken":0,"max_hp_gain":0,"max_hp_loss":0,"event_name":"Ghosts","floor":22,"gold_loss":0},{"damage_healed":26,"gold_gain":0,"player_choice":"Heal","damage_taken":0,"max_hp_gain":0,"max_hp_loss":0,"event_name":"The Library","floor":29,"gold_loss":0},{"damage_healed":0,"gold_gain":0,"player_choice":"Obtained Book","damage_taken":16,"max_hp_gain":0,"max_hp_loss":0,"event_name":"Cursed Tome","floor":30,"gold_loss":0},{"damage_healed":0,"gold_gain":0,"player_choice":"Fight","damage_taken":0,"max_hp_gain":0,"max_hp_loss":0,"event_name":"MindBloom","floor":36,"gold_loss":0},{"damage_healed":0,"gold_gain":0,"player_choice":"Memory 1","damage_taken":0,"max_hp_gain":0,"max_hp_loss":0,"event_name":"SensoryStone","floor":38,"gold_loss":0}],"is_beta":false,"boss_relics":[{"not_picked":["Coffee Dripper","Ectoplasm"],"picked":"Sozu"},{"not_picked":["Philosopher\u0027s Stone","Mark of Pain"],"picked":"Runic Pyramid"}],"items_purged_floors":[28],"is_endless":false,"potions_floor_spawned":[1,7,13,16,18,24,31,33,36,41,44],"ascension_level":1}}