{"host":"zrerxgu8lagrk16e","time":1609562423,"event":{"mods":["AchievementEnabler","BaseMod","Better Altar","Better Match","Better Note","Better Sensory Stone","Better Skull","Better Third Choice","Colored Map","Colored Powertips","Minty Spire (QoL Compilation)","Permanent Neow","Quick Restart","Relic Stats","StSLib","Waifu the Spire","slay the spire mod where everything is the same but ironclad has a cowboy hat"],"gold_per_floor":[112,14,14,14,14,46,46,60,60,60,74,92,102,102,102,207,207,218,218,38,58,76,105,105,123,195,155,183,202,23,36,36,36,36],"floor_reached":33,"playtime":1368,"items_purged":["Strike_P"],"score":359,"play_id":"1342f510-6080-45ee-8b9d-70241bf21e38","local_time":"20210101234023","is_ascension_mode":true,"campfire_choices":[{"floor":10.0,"key":"REST"},{"floor":15.0,"key":"REST"},{"data":"Establishment","floor":24.0,"key":"SMITH"},{"floor":32.0,"key":"REST"}],"circlet_count":0,"master_deck":["Strike_P","Strike_P","Strike_P","Defend_P","Defend_P","Defend_P","Eruption","Vigilance","Establishment+1","Consecrate","Consecrate","FlyingSleeves","Vault","Protect","FlurryOfBlows","Consecrate","Blasphemy+1","FlurryOfBlows","Necronomicurse","FlyingSleeves","Protect","CarveReality","ReachHeaven","LessonLearned","Parasite","WindmillStrike","MentalFortress","EmptyFist","Judgement"],"relics":["PureWater","Ice Cream","Oddly Smooth Stone","Cursed Key","Necronomicon","Tiny Chest","Blood Vial","Sundial","StrikeDummy","Ancient Tea Set"],"acts_visited":["Exordium","TheCity"],"potions_floor_usage":[],"damage_taken":[{"damage":0.0,"enemies":"Cultist","floor":1.0,"turns":2.0},{"damage":31.0,"enemies":"Lagavulin","floor":6.0,"turns":6.0},{"damage":9.0,"enemies":"2 Louse","floor":8.0,"turns":2.0},{"damage":4.0,"enemies":"Small Slimes","floor":11.0,"turns":4.0},{"damage":0.0,"enemies":"3 Louse","floor":12.0,"turns":3.0},{"damage":8.0,"enemies":"Blue Slaver","floor":13.0,"turns":4.0},{"damage":43.0,"enemies":"The Guardian","floor":16.0,"turns":14.0},{"damage":13.0,"enemies":"Shell Parasite","floor":18.0,"turns":7.0},{"damage":0.0,"enemies":"Spheric Guardian","floor":21.0,"turns":3.0},{"damage":0.0,"enemies":"Cultist and Chosen","floor":22.0,"turns":5.0},{"damage":0.0,"enemies":"Gremlin Leader","floor":23.0,"turns":4.0},{"damage":4.0,"enemies":"Snecko","floor":25.0,"turns":4.0},{"damage":20.0,"enemies":"Book of Stabbing","floor":28.0,"turns":5.0},{"damage":19.0,"enemies":"Centurion and Healer","floor":29.0,"turns":4.0},{"damage":34.0,"enemies":"Shelled Parasite and Fungi","floor":31.0,"turns":4.0},{"damage":99999,"enemies":"Automaton","floor":33,"turns":2}],"seed_played":"9032266551684390703","potions_obtained":[{"floor":8.0,"key":"DistilledChaos"},{"floor":11.0,"key":"StancePotion"},{"floor":16.0,"key":"PowerPotion"},{"floor":21.0,"key":"AttackPotion"},{"floor":23.0,"key":"Weak Potion"},{"floor":27.0,"key":"FairyPotion"},{"floor":27.0,"key":"Ambrosia"}],"is_trial":false,"path_per_floor":["M","$","?","?","?","E","$","M","T","R","M","M","M","?","R","B",null,"M","?","$","M","M","E","R","M","T","?","E","M","$","M","R","B"],"character_chosen":"WATCHER","items_purchased":["Consecrate","FlyingSleeves","Tiny Chest","Ancient Tea Set","EmptyFist"],"campfire_rested":3,"item_purchase_floors":[2,20,20,30,30],"current_hp_per_floor":[51,51,51,44,44,13,13,4,4,25,21,21,13,37,58,15,72,59,43,43,43,43,43,43,41,41,41,23,6,6,1,22,0,0],"gold":36,"neow_bonus":"THREE_RARE_CARDS","is_daily":false,"chose_seed":false,"campfire_upgraded":1,"win_rate":0.0,"timestamp":1609562423,"path_taken":["M","?","?","?","?","E","$","M","T","R","M","M","?","?","R","BOSS","M","?","$","M","M","E","R","M","T","?","E","M","$","?","R","BOSS"],"items_purchased_type":["Card","Card","Relic","Relic","Card"],"build_version":"2020-12-22","purchased_purges":1,"victory":false,"max_hp_per_floor":[72,72,72,72,72,72,72,72,72,72,72,72,72,72,72,72,72,72,72,72,72,72,72,72,72,72,72,72,72,72,72,72,72,72],"relic_stats":{"Blood Vial":10,"counters":[16,72],"Sundial":[0],"Tiny Chest":0,"Necronomicon":[10],"Cursed Key":1,"obtain_stats":[{"Ice Cream":6,"Blood Vial":23,"Sundial":26,"Oddly Smooth Stone":9,"Tiny Chest":20,"Necronomicon":19,"PureWater":0,"Cursed Key":17,"StrikeDummy":28,"Ancient Tea Set":30},{"Ice Cream":2,"Blood Vial":11,"Sundial":12,"Oddly Smooth Stone":3,"Tiny Chest":8,"Necronomicon":8,"PureWater":0,"Cursed Key":7,"StrikeDummy":13,"Ancient Tea Set":14},{"Ice Cream":8,"Blood Vial":54,"Sundial":58,"Oddly Smooth Stone":10,"Tiny Chest":42,"Necronomicon":42,"PureWater":0,"Cursed Key":35,"StrikeDummy":63,"Ancient Tea Set":67}]},"card_choices":[{"not_picked":["Ragnarok","Vault"],"picked":"Establishment","floor":0.0},{"not_picked":["JustLucky","Halt"],"picked":"Consecrate","floor":1.0},{"not_picked":["EmptyBody","BattleHymn"],"picked":"FlyingSleeves","floor":6.0},{"not_picked":["Adaptation","FlurryOfBlows"],"picked":"Vault","floor":8.0},{"not_picked":["SashWhip","Wallop"],"picked":"Protect","floor":11.0},{"not_picked":["ForeignInfluence","CrushJoints"],"picked":"FlurryOfBlows","floor":12.0},{"not_picked":["EmptyBody","PathToVictory"],"picked":"Consecrate","floor":13.0},{"not_picked":["Scrawl","DevaForm"],"picked":"Blasphemy","floor":16.0},{"not_picked":["ThirdEye","SashWhip+1"],"picked":"FlurryOfBlows","floor":18.0},{"not_picked":["Worship+1","Crescendo"],"picked":"Protect","floor":21.0},{"not_picked":["Prostrate","JustLucky+1"],"picked":"CarveReality","floor":22.0},{"not_picked":["EmptyMind","Study"],"picked":"ReachHeaven","floor":23.0},{"not_picked":["FlurryOfBlows+1","CrushJoints"],"picked":"LessonLearned","floor":25.0},{"not_picked":["CrushJoints","Consecrate"],"picked":"WindmillStrike","floor":28.0},{"not_picked":["FollowUp","Prostrate"],"picked":"MentalFortress","floor":29.0},{"not_picked":["Halt+1","CrushJoints"],"picked":"Judgement","floor":31.0}],"player_experience":141985,"relics_obtained":[{"floor":6.0,"key":"Ice Cream"},{"floor":9.0,"key":"Oddly Smooth Stone"},{"floor":19.0,"key":"Necronomicon"},{"floor":23.0,"key":"Blood Vial"},{"floor":26.0,"key":"Sundial"},{"floor":28.0,"key":"StrikeDummy"}],"event_choices":[{"damage_healed":51.0,"max_hp_gain":0.0,"max_hp_loss":72.0,"gold_gain":0.0,"event_name":"betterThird:BetterShining","player_choice":"Embrace Burn","floor":3.0,"gold_loss":0.0,"damage_taken":0.0},{"cards_removed":["Defend_P"],"damage_healed":0.0,"max_hp_gain":0.0,"max_hp_loss":0.0,"gold_gain":0.0,"event_name":"Golden Wing","player_choice":"Card Removal","floor":4.0,"gold_loss":0.0,"damage_taken":7.0},{"cards_removed":["Burn"],"damage_healed":0.0,"max_hp_gain":0.0,"max_hp_loss":0.0,"gold_gain":0.0,"event_name":"Living Wall","player_choice":"Forget","floor":5.0,"gold_loss":0.0,"damage_taken":0.0},{"damage_healed":24.0,"max_hp_gain":0.0,"max_hp_loss":0.0,"gold_gain":0.0,"event_name":"Big Fish","player_choice":"Banana","floor":14.0,"gold_loss":0.0,"damage_taken":0.0},{"damage_healed":0.0,"max_hp_gain":0.0,"max_hp_loss":0.0,"gold_gain":0.0,"event_name":"Cursed Tome","player_choice":"Obtained Book","floor":19.0,"gold_loss":0.0,"damage_taken":16.0},{"damage_healed":0.0,"max_hp_gain":0.0,"max_hp_loss":0.0,"gold_gain":0.0,"event_name":"The Woman in Blue","player_choice":"Bought 3 Potions","floor":27.0,"gold_loss":0.0,"damage_taken":0.0}],"is_beta":false,"boss_relics":[{"not_picked":["Runic Pyramid","Empty Cage"],"picked":"Cursed Key"}],"items_purged_floors":[2],"is_endless":false,"potions_floor_spawned":[8,11,16,21,23],"killed_by":"Automaton","ascension_level":3}}