{"host":"jyuuog6ydc2s7nd8","time":1609587234,"event":{"mods":["BaseMod","Better Vampires","Minty Spire (QoL Compilation)","Shop Mod","StSLib","The Hierophant","The Servant 0.9.4","TheBandit","[IsaacMod]ÒÔÈö¼âËþ"],"gold_per_floor":[113,75,75,86,99,99,13,13,85,119,130,143,178,198,198,198,198],"floor_reached":16,"playtime":330,"items_purged":["Strike_R"],"score":274,"play_id":"86b2d1d6-180f-4f56-bbc2-335ff9b56394","local_time":"20210102193354","is_ascension_mode":true,"campfire_choices":[{"data":"Bash","floor":6,"key":"SMITH"},{"data":"Sever Soul","floor":8,"key":"SMITH"},{"data":"Pommel Strike","floor":15,"key":"SMITH"}],"circlet_count":0,"master_deck":["AscendersBane","Strike_R","Strike_R","Strike_R","Defend_R","Defend_R","Defend_R","Defend_R","Bash+1","Sever Soul+1","Pommel Strike+1","Battle Trance","Second Wind"],"relics":["HushsDoor","Philosopher\u0027s Stone","SteamSale","BelialBook","Leech","Vajra"],"acts_visited":["Exordium"],"potions_floor_usage":[11,12],"damage_taken":[{"damage":0,"enemies":"Cultist","floor":1,"turns":2},{"damage":0,"enemies":"2 Louse","floor":4,"turns":3},{"damage":3,"enemies":"Small Slimes","floor":5,"turns":3},{"damage":0,"enemies":"Gremlin Nob","floor":10,"turns":3},{"damage":2,"enemies":"Looter","floor":11,"turns":2},{"damage":7,"enemies":"Lots of Slimes","floor":12,"turns":3},{"damage":32,"enemies":"Lagavulin","floor":13,"turns":5},{"damage":11,"enemies":"Exordium Thugs","floor":14,"turns":2},{"damage":0,"enemies":"The Guardian","floor":16,"turns":4}],"seed_played":"-2412255519810618887","potions_obtained":[{"floor":4,"key":"Explosive Potion"},{"floor":5,"key":"EssenceOfSteel"},{"floor":10,"key":"Energy Potion"},{"floor":11,"key":"Fruit Juice"},{"floor":13,"key":"SneckoOil"}],"is_trial":false,"path_per_floor":["M","$","?","M","M","R","$","R","T","E","M","M","E","M","R","B"],"character_chosen":"IRONCLAD","items_purchased":["BelialBook"],"campfire_rested":0,"item_purchase_floors":[7],"current_hp_per_floor":[68,68,61,61,58,58,58,58,58,58,62,57,29,19,19,22,22],"gold":198,"neow_bonus":"BOSS_RELIC","is_daily":false,"chose_seed":false,"campfire_upgraded":3,"win_rate":0.0,"timestamp":1609587234,"path_taken":["M","$","?","M","M","R","$","R","T","E","M","M","E","M","R","BOSS"],"items_purchased_type":["Relic"],"build_version":"2020-12-22","purchased_purges":1,"victory":false,"max_hp_per_floor":[75,75,75,75,75,75,75,75,75,75,80,80,80,80,80,80,80],"card_choices":[{"not_picked":["Iron Wave","Entrench"],"picked":"Sever Soul","floor":1},{"not_picked":["Body Slam","Wild Strike"],"picked":"Pommel Strike","floor":4},{"not_picked":["Shrug It Off","Hemokinesis"],"picked":"Battle Trance","floor":5},{"not_picked":["Burning Pact","Rage","Clothesline"],"picked":"SKIP","floor":10},{"not_picked":["Warcry","Pommel Strike","Metallicize"],"picked":"SKIP","floor":11},{"not_picked":["Clash","Evolve","Clothesline"],"picked":"SKIP","floor":12},{"not_picked":["Perfected Strike","Sever Soul","Blood for Blood"],"picked":"SKIP","floor":13},{"not_picked":["Dropkick","Clash"],"picked":"Second Wind","floor":14}],"player_experience":1792343,"relics_obtained":[{"floor":10,"key":"Leech"},{"floor":13,"key":"Vajra"}],"event_choices":[{"cards_removed":["Strike_R"],"damage_healed":0,"gold_gain":0,"player_choice":"Card Removal","damage_taken":7,"max_hp_gain":0,"max_hp_loss":0,"event_name":"Golden Wing","floor":3,"gold_loss":0}],"is_beta":false,"boss_relics":[],"items_purged_floors":[2],"is_endless":false,"potions_floor_spawned":[4,5,10,11,13],"killed_by":"The Guardian","ascension_level":20}}