{"host":"h4lp0eeso8a0ssq0","time":1609556795,"event":{"mods":["2.2 Compatiblity","AchievementEnabler","BaseMod","CapriCore","Colored Map","Lobotomy","Minty Spire (QoL Compilation)","StSLib","SuperFastMode"],"gold_per_floor":[115,65,85,85,101,101,113,128,128,128,144,219,233,253,253,253,253],"floor_reached":16,"playtime":345,"items_purged":[],"score":96,"play_id":"470b2205-c2c6-4ec6-852e-80b31ec054e3","local_time":"20210102120635","is_ascension_mode":false,"campfire_choices":[{"data":"Eruption","floor":6.0,"key":"SMITH"},{"data":"Adaptation","floor":15,"key":"SMITH"}],"circlet_count":0,"master_deck":["Strike_P","Strike_P","Strike_P","Defend_P","Defend_P","Defend_P","Defend_P","Eruption+1","Vigilance","MentalFortress","Adaptation+1"],"relics":["Philosopher\u0027s Stone"],"acts_visited":["Exordium"],"potions_floor_usage":[13],"damage_taken":[{"damage":2.0,"enemies":"Jaw Worm","floor":1.0,"turns":3.0},{"damage":0.0,"enemies":"2 Louse","floor":3.0,"turns":3.0},{"damage":0.0,"enemies":"Cultist","floor":5.0,"turns":3.0},{"damage":12.0,"enemies":"Exordium Thugs","floor":7.0,"turns":5.0},{"damage":5.0,"enemies":"Large Slime","floor":8.0,"turns":4.0},{"damage":9.0,"enemies":"3 Louse","floor":11.0,"turns":3.0},{"damage":13,"enemies":"Exordium Thugs","floor":13,"turns":6},{"damage":4,"enemies":"Red Slaver","floor":14,"turns":3},{"damage":22,"enemies":"Slime Boss","floor":16,"turns":4}],"seed_played":"3257874918128083710","potions_obtained":[{"floor":5.0,"key":"PowerPotion"},{"floor":8.0,"key":"ColorlessPotion"},{"floor":11.0,"key":"Energy Potion"},{"floor":14,"key":"FearPotion"}],"is_trial":false,"path_per_floor":["M","?","M","?","M","R","M","M","T","?","M","?","M","M","R","B"],"character_chosen":"WATCHER","items_purchased":[],"campfire_rested":0,"item_purchase_floors":[],"current_hp_per_floor":[70,70,70,70,70,70,58,53,53,58,49,38,25,21,21,0,0],"gold":253,"neow_bonus":"BOSS_RELIC","is_daily":false,"chose_seed":false,"campfire_upgraded":2,"win_rate":0.0,"timestamp":1609556795,"path_taken":["M","?","M","?","M","R","M","M","T","?","M","?","?","M","R","BOSS"],"items_purchased_type":[],"build_version":"2020-12-22","purchased_purges":0,"victory":false,"max_hp_per_floor":[72,72,72,72,72,72,72,72,72,77,77,77,77,77,77,77,77],"card_choices":[{"not_picked":["Halt","BowlingBash"],"picked":"MentalFortress","floor":1.0},{"not_picked":["ThirdEye","CutThroughFate"],"picked":"Adaptation","floor":3.0},{"not_picked":["WindmillStrike","PathToVictory","SashWhip"],"picked":"SKIP","floor":5.0},{"not_picked":["Fasting2","SashWhip","FlurryOfBlows"],"picked":"SKIP","floor":7.0},{"not_picked":["SandsOfTime","EmptyFist","Alpha"],"picked":"SKIP","floor":8.0},{"not_picked":["MentalFortress","CutThroughFate","Conclude"],"picked":"SKIP","floor":11.0},{"not_picked":["PathToVictory","BowlingBash","Evaluate"],"picked":"SKIP","floor":13},{"not_picked":["CutThroughFate","Consecrate","EmptyBody"],"picked":"SKIP","floor":14}],"player_experience":25289,"relics_obtained":[],"event_choices":[{"cards_removed":["Strike_P"],"damage_healed":0.0,"max_hp_gain":0.0,"max_hp_loss":0.0,"gold_gain":0.0,"event_name":"The Cleric","player_choice":"Card Removal","floor":2.0,"gold_loss":50.0,"damage_taken":0.0},{"damage_healed":0.0,"max_hp_gain":0.0,"max_hp_loss":0.0,"gold_gain":0.0,"event_name":"Scrap Ooze","player_choice":"Fled","floor":4.0,"gold_loss":0.0,"damage_taken":0.0},{"damage_healed":0.0,"max_hp_gain":5.0,"max_hp_loss":0.0,"gold_gain":0.0,"event_name":"Big Fish","player_choice":"Donut","floor":10.0,"gold_loss":0.0,"damage_taken":0.0},{"damage_healed":0.0,"max_hp_gain":0.0,"max_hp_loss":0.0,"gold_gain":75.0,"event_name":"World of Goop","player_choice":"Gather Gold","floor":12.0,"gold_loss":0.0,"damage_taken":11.0}],"is_beta":false,"boss_relics":[],"items_purged_floors":[],"is_endless":false,"potions_floor_spawned":[5,8,11,14],"killed_by":"Slime Boss","ascension_level":0}}