{"host":"qfskrnw3pl1q86j0","time":1609608731,"event":{"mods":["BaseMod","Block Reminder","Hermit","Marisa????????","Minty Spire (QoL Compilation)","Quick Restart","Random Character Button","Relic Stats","StSLib","The Poker Player","slay the spire mod where everything is the same but ironclad has a cowboy hat"],"gold_per_floor":[109,109,120,133,58,58,68,96,96,96,171,171,187,210,210,329,329,347,130,229,254,254,254,42,42,42,42,65,65,101,117,117,236,236,254,29,29,47,71,110,110,110,110,173,506,526,575,590,590,590,590],"floor_reached":50,"playtime":1807,"items_purged":["Strike_G","Strike_G","Defend_G"],"score":540,"play_id":"91fd49a1-eb6d-4419-9884-dd9523d4aa40","local_time":"20210102183211","is_ascension_mode":false,"campfire_choices":[{"data":"Envenom","floor":6.0,"key":"SMITH"},{"data":"Noxious Fumes","floor":12.0,"key":"SMITH"},{"data":"Neutralize","floor":15.0,"key":"SMITH"},{"data":"Noxious Fumes","floor":23.0,"key":"SMITH"},{"data":"Footwork","floor":25.0,"key":"SMITH"},{"data":"Backflip","floor":29.0,"key":"SMITH"},{"data":"Footwork","floor":32.0,"key":"SMITH"},{"data":"Catalyst","floor":41,"key":"SMITH"},{"floor":49,"key":"REST"}],"circlet_count":0,"master_deck":["Strike_G","Defend_G","Defend_G","Defend_G","Survivor","Neutralize+1","Envenom+1","Catalyst","Skewer","Blade Dance","Noxious Fumes+1","Escape Plan","Poisoned Stab","Glass Knife","Catalyst+1","Noxious Fumes+1","Footwork+1","Backflip+1","Footwork+1","Night Terror","Infinite Blades","Dash","Cloak And Dagger+1","Flechettes+1"],"relics":["Ring of the Snake","Akabeko","PreservedInsect","Cursed Key","Pear","Empty Cage","Omamori","Orichalcum","Sundial","Tingsha","CatCart"],"acts_visited":["Exordium","TheCity","TheBeyond"],"potions_floor_usage":[39,46,47,50],"damage_taken":[{"damage":2.0,"enemies":"Jaw Worm","floor":1.0,"turns":5.0},{"damage":0.0,"enemies":"Cultist","floor":3.0,"turns":4.0},{"damage":3.0,"enemies":"Small Slimes","floor":4.0,"turns":5.0},{"damage":0.0,"enemies":"3 Louse","floor":7.0,"turns":5.0},{"damage":8.0,"enemies":"Gremlin Nob","floor":8.0,"turns":3.0},{"damage":0.0,"enemies":"Exordium Wildlife","floor":13.0,"turns":3.0},{"damage":2.0,"enemies":"Lots of Slimes","floor":14.0,"turns":3.0},{"damage":16.0,"enemies":"Hexaghost","floor":16.0,"turns":6.0},{"damage":4.0,"enemies":"Shell Parasite","floor":18.0,"turns":5.0},{"damage":12.0,"enemies":"2 Thieves","floor":21.0,"turns":3.0},{"damage":3.0,"enemies":"Snake Plant","floor":28.0,"turns":3.0},{"damage":21.0,"enemies":"Slavers","floor":30.0,"turns":5.0},{"damage":20.0,"enemies":"Cultist and Chosen","floor":31.0,"turns":5.0},{"damage":13.0,"enemies":"Champ","floor":33.0,"turns":9.0},{"damage":10,"enemies":"Orb Walker","floor":35,"turns":3},{"damage":4,"enemies":"3 Darklings","floor":38,"turns":5},{"damage":5,"enemies":"Transient","floor":39,"turns":5},{"damage":3,"enemies":"Giant Head","floor":40,"turns":5},{"damage":0,"enemies":"Mind Bloom Boss Battle","floor":44,"turns":6},{"damage":11,"enemies":"4 Shapes","floor":46,"turns":7},{"damage":8,"enemies":"Orin","floor":47,"turns":5},{"damage":39,"enemies":"Spire Growth","floor":48,"turns":5},{"damage":54,"enemies":"Donu and Deca","floor":50,"turns":6}],"seed_played":"-6273352109124293821","potions_obtained":[{"floor":2.0,"key":"Poison Potion"},{"floor":2.0,"key":"PowerPotion"},{"floor":2.0,"key":"AttackPotion"},{"floor":4.0,"key":"PowerPotion"},{"floor":13.0,"key":"SpeedPotion"},{"floor":21.0,"key":"DistilledChaos"},{"floor":31.0,"key":"GhostInAJar"},{"floor":38,"key":"Fire Potion"},{"floor":39,"key":"Ancient Potion"},{"floor":40,"key":"EssenceOfSteel"},{"floor":44,"key":"SkillPotion"}],"is_trial":false,"path_per_floor":["M","?","M","M","$","R","M","E","T","?","?","R","M","M","R","B",null,"M","$","?","M","?","R","$","R","T","$","M","R","E","M","R","B",null,"M","$","?","M","M","E","R","$","T","?","?","M","?","M","R","B"],"character_chosen":"THE_SILENT","items_purchased":["Catalyst","Noxious Fumes","Footwork","Backflip","Dash","Omamori"],"campfire_rested":1,"item_purchase_floors":[19,19,24,24,36,36],"current_hp_per_floor":[68,68,68,65,65,65,65,57,57,40,29,29,29,27,27,11,70,66,66,66,54,70,70,70,70,70,70,67,67,56,36,36,23,80,70,70,70,66,61,58,58,58,58,58,58,47,39,4,26,0,0],"gold":590,"neow_bonus":"TRANSFORM_CARD","is_daily":false,"chose_seed":false,"campfire_upgraded":8,"win_rate":0.0,"timestamp":1609608731,"path_taken":["M","?","?","M","$","R","M","E","T","?","?","R","M","?","R","BOSS","M","?","?","M","?","R","$","R","T","$","M","R","E","M","R","BOSS","M","$","?","M","M","E","R","$","T","?","?","?","?","M","R","BOSS"],"items_purchased_type":["Card","Card","Card","Card","Card","Relic"],"build_version":"2020-12-22","purchased_purges":3,"victory":false,"max_hp_per_floor":[70,70,70,70,70,70,70,70,70,70,70,70,70,70,70,70,70,70,70,70,70,70,70,70,70,70,70,70,70,80,80,80,80,80,80,80,76,76,76,76,76,76,76,76,76,76,76,76,76,76,76],"relic_stats":{"counters":[23,111],"Sundial":[2],"Tingsha":[3],"PreservedInsect":181,"Orichalcum":[72],"Cursed Key":1,"obtain_stats":[{"Pear":30,"Golden Idol":10,"Sundial":43,"Tingsha":44,"PreservedInsect":9,"Omamori":36,"Orichalcum":40,"CatCart":47,"Cursed Key":17,"Empty Cage":34,"Akabeko":8,"Ring of the Snake":0},{"Pear":12,"Golden Idol":5,"Sundial":18,"Tingsha":19,"PreservedInsect":5,"Omamori":15,"Orichalcum":18,"CatCart":21,"Cursed Key":8,"Empty Cage":14,"Akabeko":5,"Ring of the Snake":0},{"Pear":50,"Golden Idol":22,"Sundial":82,"Tingsha":88,"PreservedInsect":22,"Omamori":67,"Orichalcum":82,"CatCart":100,"Cursed Key":34,"Empty Cage":64,"Akabeko":22,"Ring of the Snake":0}],"Ring of the Snake":[46]},"card_choices":[{"not_picked":["Outmaneuver","Deadly Poison"],"picked":"Catalyst","floor":1.0},{"not_picked":["PiercingWail","Underhanded Strike"],"picked":"Skewer","floor":3.0},{"not_picked":["Prepared","Bullet Time","Acrobatics"],"picked":"SKIP","floor":4.0},{"not_picked":["Predator","Bouncing Flask"],"picked":"Blade Dance","floor":7.0},{"not_picked":["Underhanded Strike","Caltrops"],"picked":"Noxious Fumes","floor":8.0},{"not_picked":["Eviscerate","Calculated Gamble"],"picked":"Escape Plan","floor":13.0},{"not_picked":["Predator","Quick Slash"],"picked":"Poisoned Stab","floor":14.0},{"not_picked":["Doppelganger","Bullet Time"],"picked":"Glass Knife","floor":16.0},{"not_picked":["Poisoned Stab","Bane+1","Endless Agony"],"picked":"SKIP","floor":18.0},{"not_picked":["Predator","Deadly Poison","Dagger Throw+1"],"picked":"SKIP","floor":21.0},{"not_picked":["Crippling Poison+1","Caltrops"],"picked":"Footwork","floor":28.0},{"not_picked":["Setup","Poisoned Stab","Cloak And Dagger"],"picked":"SKIP","floor":30.0},{"not_picked":["Bouncing Flask","Slice","Bane"],"picked":"SKIP","floor":31.0},{"not_picked":["Die Die Die","Venomology"],"picked":"Night Terror","floor":33.0},{"not_picked":["Dagger Throw+1","Dagger Spray"],"picked":"Infinite Blades","floor":35},{"not_picked":["Infinite Blades","Poisoned Stab+1"],"picked":"Cloak And Dagger+1","floor":38},{"not_picked":["Poisoned Stab","Deadly Poison"],"picked":"Flechettes+1","floor":39},{"not_picked":["Infinite Blades+1","Dagger Spray+1","Masterful Stab+1"],"picked":"SKIP","floor":40},{"not_picked":["Quick Slash+1","Venomology","Acrobatics+1"],"picked":"SKIP","floor":46},{"not_picked":["Predator+1","Skewer+1","Bouncing Flask+1"],"picked":"SKIP","floor":48}],"player_experience":902683,"relics_obtained":[{"floor":8.0,"key":"Akabeko"},{"floor":9.0,"key":"PreservedInsect"},{"floor":30.0,"key":"Pear"},{"floor":40,"key":"Orichalcum"},{"floor":43,"key":"Sundial"},{"floor":44,"key":"Tingsha"},{"floor":47,"key":"CatCart"}],"event_choices":[{"damage_healed":0.0,"max_hp_gain":0.0,"max_hp_loss":0.0,"gold_gain":0.0,"event_name":"Lab","player_choice":"Got Potions","floor":2.0,"gold_loss":0.0,"damage_taken":0.0},{"damage_healed":0.0,"max_hp_gain":0.0,"max_hp_loss":0.0,"gold_gain":0.0,"event_name":"Golden Idol","player_choice":"Take Damage","floor":10.0,"gold_loss":0.0,"damage_taken":17.0,"relics_obtained":["Golden Idol"]},{"damage_healed":0.0,"max_hp_gain":0.0,"max_hp_loss":0.0,"gold_gain":75.0,"event_name":"World of Goop","player_choice":"Gather Gold","floor":11.0,"gold_loss":0.0,"damage_taken":11.0},{"damage_healed":0.0,"max_hp_gain":0.0,"max_hp_loss":0.0,"gold_gain":99.0,"event_name":"Nest","player_choice":"Stole From Cult","floor":20.0,"gold_loss":0.0,"damage_taken":0.0},{"damage_healed":16.0,"max_hp_gain":0.0,"max_hp_loss":0.0,"gold_gain":0.0,"event_name":"Wheel of Change","player_choice":"Full Heal","floor":22.0,"gold_loss":0.0,"damage_taken":0.0},{"damage_healed":0,"gold_gain":0,"player_choice":"Max HP","damage_taken":0,"max_hp_gain":0,"max_hp_loss":4,"event_name":"Winding Halls","floor":37,"gold_loss":0},{"damage_healed":0,"gold_gain":0,"player_choice":"Fight","damage_taken":0,"max_hp_gain":0,"max_hp_loss":0,"event_name":"MindBloom","floor":44,"gold_loss":0},{"damage_healed":0,"gold_gain":333,"player_choice":"Gave Idol","damage_taken":0,"max_hp_gain":0,"max_hp_loss":0,"event_name":"The Moai Head","floor":45,"relics_lost":["Golden Idol"],"gold_loss":0},{"damage_healed":0,"gold_gain":0,"player_choice":"Fight","damage_taken":0,"max_hp_gain":0,"max_hp_loss":0,"event_name":"OrinTheCat","floor":47,"gold_loss":0}],"is_beta":false,"boss_relics":[{"not_picked":["Ring of the Serpent","Fusion Hammer"],"picked":"Cursed Key"},{"not_picked":["Snecko Eye","Calling Bell"],"picked":"Empty Cage"}],"items_purged_floors":[5,19,24],"is_endless":false,"potions_floor_spawned":[4,7,13,14,21,31,38,39,40,44],"killed_by":"Donu and Deca","ascension_level":0}}