{"host":"Jonboy","time":1609611321,"event":{"mods":["AchievementEnabler","BaseMod","Block Reminder","Colored Powertips","Minty Spire (QoL Compilation)","Relic Stats"],"gold_per_floor":[118,118,128,128,142,142,173,184,184,194,209,209,226,258,258,331,331,343,359,124,24,41,41,53,53,53,65,85,112,138,148,148,148,148],"floor_reached":33,"playtime":1638,"items_purged":["Pain","Strike_P"],"score":538,"play_id":"8bde6cc9-90db-4387-8768-8883d32955b0","local_time":"20210102181521","is_ascension_mode":true,"campfire_choices":[{"data":"Wallop","floor":6,"key":"SMITH"},{"floor":12,"key":"REST"},{"floor":15,"key":"REST"},{"floor":23,"key":"REST"},{"floor":25,"key":"DIG"},{"floor":32,"key":"REST"}],"circlet_count":0,"master_deck":["AscendersBane","Strike_P","Strike_P","Strike_P","Defend_P","Defend_P","Defend_P","Defend_P","Eruption","Vigilance","CutThroughFate","Wallop+1","InnerPeace","CrushJoints","FlyingSleeves","DeceiveReality","DeceiveReality","Vault","BowlingBash+1","ReachHeaven","Vault","Conclude"],"relics":["Sozu","WarpedTongs","Darkstone Periapt","Unceasing Top","Shovel","Snecko Eye","Bag of Preparation","Yang","Akabeko","Happy Flower","MealTicket"],"acts_visited":["Exordium","TheCity"],"potions_floor_usage":[],"damage_taken":[{"damage":0,"enemies":"Jaw Worm","floor":1,"turns":4},{"damage":0,"enemies":"Small Slimes","floor":3,"turns":2},{"damage":3,"enemies":"Cultist","floor":5,"turns":3},{"damage":8,"enemies":"Lagavulin","floor":7,"turns":6},{"damage":24,"enemies":"Lots of Slimes","floor":8,"turns":5},{"damage":2,"enemies":"Exordium Thugs","floor":10,"turns":3},{"damage":8,"enemies":"Looter","floor":11,"turns":2},{"damage":5,"enemies":"Exordium Wildlife","floor":13,"turns":5},{"damage":11,"enemies":"3 Sentries","floor":14,"turns":6},{"damage":14,"enemies":"Hexaghost","floor":16,"turns":9},{"damage":13,"enemies":"Chosen","floor":18,"turns":4},{"damage":26,"enemies":"2 Thieves","floor":19,"turns":5},{"damage":0,"enemies":"Chosen and Byrds","floor":22,"turns":3},{"damage":0,"enemies":"Snake Plant","floor":24,"turns":2},{"damage":0,"enemies":"Cultist and Chosen","floor":27,"turns":3},{"damage":0,"enemies":"3 Cultists","floor":28,"turns":3},{"damage":16,"enemies":"Gremlin Leader","floor":29,"turns":5},{"damage":4,"enemies":"Snake Plant","floor":31,"turns":4},{"damage":51,"enemies":"Champ","floor":33,"turns":16}],"seed_played":"-3085552574281088556","potions_obtained":[],"is_trial":false,"path_per_floor":["M","?","M","?","M","R","E","M","T","M","M","R","M","E","R","B",null,"M","M","$","$","M","R","M","R","T","M","M","E","T","M","R","B"],"character_chosen":"WATCHER","items_purchased":["Bag of Preparation"],"campfire_rested":4,"item_purchase_floors":[20],"current_hp_per_floor":[61,61,61,61,58,58,50,26,26,24,16,36,31,20,40,26,58,45,19,19,19,19,39,39,39,39,39,39,23,23,19,39,0,0],"gold":148,"neow_bonus":"BOSS_RELIC","is_daily":false,"chose_seed":false,"campfire_upgraded":1,"win_rate":0.0,"timestamp":1609611321,"path_taken":["M","?","M","?","M","R","E","M","T","M","M","R","?","E","R","BOSS","M","M","?","$","M","R","M","R","T","M","M","E","?","?","R","BOSS"],"items_purchased_type":["Relic"],"build_version":"2020-12-18","purchased_purges":2,"victory":false,"max_hp_per_floor":[68,68,68,68,68,68,68,68,68,68,68,68,68,68,68,68,68,68,68,68,68,68,68,68,68,68,68,68,68,68,68,68,68,68],"relic_stats":{"Sozu":7,"Darkstone Periapt":0,"Shovel":1,"Happy Flower":[6],"counters":[19,90],"Snecko Eye":[78,86,77,83],"Yang":[72],"MealTicket":0,"Bag of Preparation":[14],"obtain_stats":[{"Sozu":0,"Darkstone Periapt":7,"Shovel":14,"Happy Flower":29,"Snecko Eye":17,"Yang":25,"MealTicket":30,"Bag of Preparation":20,"PureWater":0,"Unceasing Top":9,"Akabeko":26,"WarpedTongs":4},{"Sozu":0,"Darkstone Periapt":4,"Shovel":9,"Happy Flower":17,"Snecko Eye":10,"Yang":14,"MealTicket":17,"Bag of Preparation":12,"PureWater":0,"Unceasing Top":5,"Akabeko":14,"WarpedTongs":2},{"Sozu":0,"Darkstone Periapt":15,"Shovel":36,"Happy Flower":70,"Snecko Eye":45,"Yang":59,"MealTicket":70,"Bag of Preparation":54,"PureWater":0,"Unceasing Top":20,"Akabeko":59,"WarpedTongs":6}],"Unceasing Top":[0],"WarpedTongs":[84]},"card_choices":[{"not_picked":["Swivel","Consecrate"],"picked":"CutThroughFate","floor":1},{"not_picked":["Study","Evaluate","Prostrate"],"picked":"SKIP","floor":3},{"not_picked":["CutThroughFate","Evaluate"],"picked":"Wallop","floor":5},{"not_picked":["EmptyBody","Crescendo"],"picked":"InnerPeace","floor":7},{"not_picked":["Protect","MasterReality"],"picked":"CrushJoints","floor":8},{"not_picked":["PathToVictory","SignatureMove"],"picked":"FlyingSleeves","floor":10},{"not_picked":["FlyingSleeves","FollowUp"],"picked":"DeceiveReality","floor":11},{"not_picked":["JustLucky","Prostrate"],"picked":"DeceiveReality","floor":13},{"not_picked":["ThirdEye","FlyingSleeves","Brilliance"],"picked":"SKIP","floor":14},{"not_picked":["Omniscience","Alpha"],"picked":"Vault","floor":16},{"not_picked":["Nirvana+1","ReachHeaven"],"picked":"BowlingBash+1","floor":18},{"not_picked":["PathToVictory","CrushJoints","Halt"],"picked":"SKIP","floor":19},{"not_picked":["Prostrate","Consecrate","SashWhip"],"picked":"SKIP","floor":22},{"not_picked":["Crescendo","Study"],"picked":"ReachHeaven","floor":24},{"not_picked":["FlyingSleeves","FlurryOfBlows","Evaluate"],"picked":"SKIP","floor":27},{"not_picked":["Crescendo","FlurryOfBlows"],"picked":"Vault","floor":28},{"not_picked":["FlyingSleeves","ConjureBlade"],"picked":"Conclude","floor":29},{"not_picked":["FlurryOfBlows","EmptyFist+1","Crescendo"],"picked":"SKIP","floor":31}],"player_experience":419862,"relics_obtained":[{"floor":7,"key":"Darkstone Periapt"},{"floor":9,"key":"Unceasing Top"},{"floor":14,"key":"Shovel"},{"floor":25,"key":"Yang"},{"floor":26,"key":"Akabeko"},{"floor":29,"key":"Happy Flower"},{"floor":30,"key":"MealTicket"}],"event_choices":[{"damage_healed":0,"gold_gain":0,"player_choice":"Ignored","damage_taken":0,"max_hp_gain":0,"max_hp_loss":0,"event_name":"Liars Game","floor":2,"gold_loss":0},{"damage_healed":0,"gold_gain":0,"player_choice":"Rummage","damage_taken":0,"relics_obtained":["WarpedTongs"],"max_hp_gain":0,"max_hp_loss":0,"event_name":"Accursed Blacksmith","floor":4,"gold_loss":0,"cards_obtained":["Pain"]}],"is_beta":true,"boss_relics":[{"not_picked":["Philosopher\u0027s Stone","Ectoplasm"],"picked":"Snecko Eye"}],"items_purged_floors":[20,21],"is_endless":false,"potions_floor_spawned":[1,11,14,18,19,27,31],"killed_by":"Champ","ascension_level":18}}