{"host":"pfy6u49v5s5r680p","time":1609568164,"event":{"mods":["BaseMod","Colored Map","DeckTracker","Highlight Path","Keyboard Shortcuts","Minty Spire (QoL Compilation)","Permanent Neow","Quick Restart","StSLib","SuperFastMode","everything is the same but u backflip on backflip"],"gold_per_floor":[112,130,147,147,2,2,36,52,52,52,79,90,90,108,108,207,207,218,93,93,105,117,145,145,145,227,255,255,275,3,17,17,118,118,128,51,0,19,34,34,49,82,82,102,136,136,164,176,176,176],"floor_reached":51,"playtime":3013,"items_purged":["Defend_P","Defend_P"],"score":1143,"play_id":"690b67ea-79f7-4a8c-b9f6-a894b5e34325","local_time":"20210102151604","is_ascension_mode":true,"campfire_choices":[{"data":"WreathOfFlame","floor":6.0,"key":"SMITH"},{"floor":10.0,"key":"REST"},{"data":"Tantrum","floor":15.0,"key":"SMITH"},{"data":"Ghostly","floor":25.0,"key":"SMITH"},{"data":"Ghostly","floor":28.0,"key":"SMITH"},{"floor":32.0,"key":"DIG"},{"data":"Ragnarok","floor":40.0,"key":"SMITH"},{"data":"Scrawl","floor":46,"key":"SMITH"},{"floor":49,"key":"DIG"}],"circlet_count":0,"master_deck":["Defend_P","Eruption","Vigilance+1","Swivel","Devotion","Tantrum+1","WheelKick","WreathOfFlame+1","ClearTheMind","Prostrate","Brilliance","Prostrate+1","Master of Strategy","Ghostly+1","Ghostly+1","Ghostly+1","Ghostly","Ghostly","MentalFortress+1","Prostrate+1","Adaptation+1","Ragnarok+1","Prostrate+1","Scrawl+1","Pray","Adaptation"],"relics":["PureWater","Membership Card","Question Card","Blue Candle","Bag of Preparation","Empty Cage","Ancient Tea Set","Eternal Feather","Regal Pillow","Shovel","War Paint","Anchor","Sozu","Vajra","Red Mask","Meat on the Bone","Pantograph","Nunchaku","Juzu Bracelet","Sundial"],"acts_visited":["Exordium","TheCity","TheBeyond"],"potions_floor_usage":[],"damage_taken":[{"damage":6.0,"enemies":"Cultist","floor":1.0,"turns":6.0},{"damage":2.0,"enemies":"Jaw Worm","floor":2.0,"turns":4.0},{"damage":7.0,"enemies":"Small Slimes","floor":3.0,"turns":3.0},{"damage":32.0,"enemies":"Lagavulin","floor":7.0,"turns":3.0},{"damage":0.0,"enemies":"2 Fungi Beasts","floor":8.0,"turns":1.0},{"damage":0.0,"enemies":"Exordium Thugs","floor":12.0,"turns":2.0},{"damage":5.0,"enemies":"Blue Slaver","floor":14.0,"turns":2.0},{"damage":1.0,"enemies":"Hexaghost","floor":16.0,"turns":7.0},{"damage":7.0,"enemies":"Spheric Guardian","floor":18.0,"turns":3.0},{"damage":0.0,"enemies":"Chosen","floor":21.0,"turns":4.0},{"damage":6.0,"enemies":"3 Cultists","floor":22.0,"turns":5.0},{"damage":2.0,"enemies":"Gremlin Leader","floor":23.0,"turns":5.0},{"damage":2.0,"enemies":"Book of Stabbing","floor":27.0,"turns":5.0},{"damage":0.0,"enemies":"Snake Plant","floor":29.0,"turns":4.0},{"damage":0.0,"enemies":"Sentry and Sphere","floor":31.0,"turns":4.0},{"damage":0.0,"enemies":"Automaton","floor":33.0,"turns":5.0},{"damage":0.0,"enemies":"Orb Walker","floor":35.0,"turns":3.0},{"damage":0.0,"enemies":"3 Shapes","floor":38.0,"turns":4.0},{"damage":2.0,"enemies":"Transient","floor":39.0,"turns":5.0},{"damage":0,"enemies":"Maw","floor":41,"turns":6},{"damage":0,"enemies":"Giant Head","floor":42,"turns":5},{"damage":0,"enemies":"Spire Growth","floor":44,"turns":2},{"damage":0,"enemies":"Nemesis","floor":45,"turns":5},{"damage":0,"enemies":"Reptomancer","floor":47,"turns":2},{"damage":4,"enemies":"Sphere and 2 Shapes","floor":48,"turns":6},{"damage":0,"enemies":"Time Eater","floor":50,"turns":5}],"seed_played":"-1693779942140672448","potions_obtained":[{"floor":1.0,"key":"BlessingOfTheForge"},{"floor":12.0,"key":"Block Potion"},{"floor":16.0,"key":"LiquidBronze"},{"floor":23.0,"key":"Weak Potion"},{"floor":27.0,"key":"Fire Potion"},{"floor":29.0,"key":"AttackPotion"}],"is_trial":false,"path_per_floor":["M","M","M","?","$","R","E","M","T","R","T","M","?","M","R","B",null,"M","$","?","M","M","E","?","R","T","E","R","M","$","M","R","B",null,"M","$","?","M","M","R","M","E","T","M","E","R","E","M","R","B",null],"character_chosen":"WATCHER","items_purchased":["Membership Card","Master of Strategy","Shovel","War Paint","Vajra"],"campfire_rested":1,"item_purchase_floors":[5,19,30,30,36],"current_hp_per_floor":[59,57,50,43,43,43,11,11,11,30,30,30,30,25,25,24,65,58,58,32,32,26,24,24,24,24,22,32,32,32,32,32,32,32,32,32,32,32,30,32,32,32,32,32,32,32,32,28,32,32],"gold":176,"neow_bonus":"TRANSFORM_TWO_CARDS","is_daily":false,"chose_seed":false,"campfire_upgraded":6,"win_rate":0.0,"timestamp":1609568164,"path_taken":["M","M","M","?","$","R","E","M","T","R","?","?","?","M","R","BOSS","M","$","?","M","M","E","?","R","T","E","R","M","$","?","R","BOSS","M","$","?","M","M","R","M","E","T","M","E","R","E","M","R","BOSS"],"items_purchased_type":["Relic","Card","Relic","Relic","Relic"],"build_version":"2020-12-22","purchased_purges":2,"victory":true,"max_hp_per_floor":[65,65,65,65,65,65,65,65,65,65,65,65,65,65,65,65,65,65,65,32,32,32,32,32,32,32,32,32,32,32,32,32,32,32,32,32,32,32,32,32,32,32,32,32,32,32,32,32,32,32],"card_choices":[{"not_picked":["Protect","FlyingSleeves"],"picked":"Tantrum","floor":1.0},{"not_picked":["Crescendo","Weave"],"picked":"WheelKick","floor":2.0},{"not_picked":["FlurryOfBlows","PathToVictory"],"picked":"WreathOfFlame","floor":3.0},{"not_picked":["BowlingBash","Crescendo"],"picked":"ClearTheMind","floor":7.0},{"not_picked":["Sanctity","Vengeance","Perseverance"],"picked":"Prostrate","floor":8.0},{"not_picked":["FlurryOfBlows","Evaluate","CutThroughFate","ThirdEye"],"picked":"SKIP","floor":12.0},{"not_picked":["Wireheading","Halt","CutThroughFate","ClearTheMind"],"picked":"SKIP","floor":14.0},{"not_picked":["Alpha","Devotion","Omniscience"],"picked":"Brilliance","floor":16.0},{"not_picked":["FollowUp+1","WindmillStrike","Tantrum"],"picked":"Prostrate","floor":18.0},{"not_picked":["Adaptation","Pray","CarveReality"],"picked":"MentalFortress+1","floor":21.0},{"not_picked":["ThirdEye","Consecrate","Perseverance","Halt"],"picked":"SKIP","floor":22.0},{"not_picked":["Perseverance","Conclude","WaveOfTheHand","InnerPeace"],"picked":"SKIP","floor":23.0},{"not_picked":["Wallop","FollowUp","ConjureBlade"],"picked":"Prostrate+1","floor":27.0},{"not_picked":["PathToVictory","Swivel","ReachHeaven"],"picked":"Adaptation+1","floor":29.0},{"not_picked":["FlurryOfBlows+1","BowlingBash","TalkToTheHand+1","EmptyFist+1"],"picked":"SKIP","floor":31.0},{"not_picked":["DeusExMachina","Devotion","DevaForm"],"picked":"Ragnarok","floor":33.0},{"not_picked":["Protect","EmptyBody","CutThroughFate","Evaluate+1"],"picked":"SKIP","floor":35.0},{"not_picked":["FearNoEvil+1","Evaluate","Consecrate"],"picked":"Prostrate+1","floor":38.0},{"not_picked":["EmptyFist+1","Consecrate+1","SignatureMove","Tantrum"],"picked":"SKIP","floor":39.0},{"not_picked":["Consecrate","Halt+1","EmptyBody+1"],"picked":"Scrawl","floor":41},{"not_picked":["EmptyBody+1","Weave+1","CarveReality+1","Perseverance+1"],"picked":"SKIP","floor":42},{"not_picked":["PathToVictory","ThirdEye","Vengeance"],"picked":"Pray","floor":44},{"not_picked":["Indignation","WheelKick+1","CutThroughFate","JustLucky+1"],"picked":"SKIP","floor":45},{"not_picked":["EmptyMind+1","WaveOfTheHand","Consecrate+1"],"picked":"Adaptation","floor":47},{"not_picked":["Nirvana","Vengeance+1","ThirdEye+1","EmptyFist+1"],"picked":"SKIP","floor":48}],"player_experience":110105,"relics_obtained":[{"floor":7.0,"key":"Question Card"},{"floor":9.0,"key":"Blue Candle"},{"floor":11.0,"key":"Bag of Preparation"},{"floor":23.0,"key":"Ancient Tea Set"},{"floor":26.0,"key":"Eternal Feather"},{"floor":27.0,"key":"Regal Pillow"},{"floor":32.0,"key":"Anchor"},{"floor":42,"key":"Meat on the Bone"},{"floor":43,"key":"Pantograph"},{"floor":45,"key":"Nunchaku"},{"floor":47,"key":"Juzu Bracelet"},{"floor":49,"key":"Sundial"}],"event_choices":[{"cards_removed":["Strike_P"],"damage_healed":0.0,"max_hp_gain":0.0,"max_hp_loss":0.0,"gold_gain":0.0,"event_name":"Golden Wing","player_choice":"Card Removal","floor":4.0,"gold_loss":0.0,"damage_taken":7.0},{"damage_healed":0.0,"max_hp_gain":0.0,"max_hp_loss":0.0,"gold_gain":0.0,"event_name":"Shining Light","player_choice":"Ignored","floor":13.0,"gold_loss":0.0,"damage_taken":0.0},{"damage_healed":0.0,"max_hp_gain":0.0,"max_hp_loss":33.0,"gold_gain":0.0,"event_name":"Ghosts","player_choice":"Became a Ghost","floor":20.0,"gold_loss":0.0,"damage_taken":0.0,"cards_obtained":["Ghostly","Ghostly","Ghostly","Ghostly","Ghostly"]},{"damage_healed":0.0,"max_hp_gain":0.0,"max_hp_loss":0.0,"gold_gain":0.0,"event_name":"Accursed Blacksmith","player_choice":"Forge","floor":24.0,"gold_loss":0.0,"damage_taken":0.0,"cards_upgraded":["Ghostly"]},{"damage_healed":0.0,"max_hp_gain":0.0,"max_hp_loss":0.0,"gold_gain":0.0,"event_name":"Tomb of Lord Red Mask","player_choice":"Paid","floor":37.0,"gold_loss":51.0,"damage_taken":0.0,"relics_obtained":["Red Mask"]}],"is_beta":false,"boss_relics":[{"not_picked":["Snecko Eye","Astrolabe"],"picked":"Empty Cage"},{"not_picked":["Black Star","Runic Dome"],"picked":"Sozu"}],"items_purged_floors":[19,30],"is_endless":false,"potions_floor_spawned":[1,12,16,23,27,29,38,39,42,45,47],"ascension_level":3}}