{"host":"bf9sa99gaumonoeu","time":1609557725,"event":{"mods":["AchievementEnabler","Act Like it!","BaseMod","Colored Map","Colored Powertips","Downfall","Friendly Minions","Gensokyo","Hallownest","Hermit","Jorbs\u0027s Wanderer Trilogy","Lobotomy","Marisa????????","Minty Spire (QoL Compilation)","Remilia??????","Replay The Spire","Shop Mod","StSLib","The Animator","The Bug Knight","The Cursed","The Disciple","The Hierophant","The Senshi","The Servant 0.9.4"],"gold_per_floor":[17,33,45,61,78,107,107,107,152,162,195,213,233,247,247,343,343,361,10,28,48,48,48],"floor_reached":22,"playtime":2010,"items_purged":[],"score":240,"play_id":"23d3f0a5-7799-4734-b8a2-2c3523530fbf","local_time":"20210102012205","is_ascension_mode":true,"campfire_choices":[{"data":"hermit:Combo","floor":8,"key":"SMITH"},{"floor":15,"key":"REST"}],"circlet_count":0,"master_deck":["hermit:Strike_Hermit","hermit:Strike_Hermit","hermit:Strike_Hermit","hermit:Strike_Hermit","hermit:Defend_Hermit","hermit:Defend_Hermit","hermit:Defend_Hermit","hermit:Defend_Hermit","hermit:Snapshot","hermit:Covet","hermit:BodyArmor","hermit:Headshot","hermit:Grudge+1","hermit:Dive","hermit:ShadowCloak","hermit:Combo+1","hermit:Dive","hermit:Headshot","hermit:DeadMansHand","hermit:ShadowCloak","hermit:DeadOrAlive+1","hermit:Determination","Gensokyo:RPG","Gensokyo:ReactiveArmor","Gensokyo:LifeforceConverter","Gensokyo:BlemishedSteel","hermit:HighCaliber"],"relics":["hermit:Momento","Potion Belt","Replay:Wax Seal","Bottled Tornado","Velvet Choker","Guide Book"],"acts_visited":["Exordium","Exordium"],"potions_floor_usage":[6,6,10,16,20,21,22],"damage_taken":[{"damage":5,"enemies":"Small Slimes","floor":1,"turns":3},{"damage":1,"enemies":"Jaw Worm","floor":2,"turns":4},{"damage":0,"enemies":"2 Louse","floor":3,"turns":3},{"damage":0,"enemies":"Exordium Wildlife","floor":4,"turns":3},{"damage":3,"enemies":"3 Louse","floor":5,"turns":2},{"damage":0,"enemies":"Gremlin Nob","floor":6,"turns":3},{"damage":16,"enemies":"Gremlin Gang","floor":10,"turns":6},{"damage":24,"enemies":"3 Sentries","floor":11,"turns":8},{"damage":4,"enemies":"HollowMod:HuskWarrior","floor":12,"turns":9},{"damage":0,"enemies":"3 Louse","floor":13,"turns":4},{"damage":26,"enemies":"Gremlin Gang","floor":14,"turns":6},{"damage":20,"enemies":"The Guardian","floor":16,"turns":19},{"damage":24,"enemies":"Gensokyo:2_Gloops","floor":18,"turns":6},{"damage":29,"enemies":"Gensokyo:CosmicMonolith","floor":20,"turns":4},{"damage":17,"enemies":"Gensokyo:Slime_Group","floor":21,"turns":5},{"damage":24,"enemies":"Gensokyo:Wraith","floor":22,"turns":3}],"seed_played":"5504720740985621217","potions_obtained":[{"floor":1,"key":"BlessingOfTheForge"},{"floor":3,"key":"Cursed Concoction"},{"floor":6,"key":"Dexterity Potion"},{"floor":10,"key":"Ancient Potion"},{"floor":14,"key":"Weak Potion"},{"floor":20,"key":"Weak Potion"},{"floor":21,"key":"DuplicationPotion"}],"is_trial":false,"path_per_floor":["M","M","M","M","M","E","?","R","T","M","E","M","M","M","R","B",null,"M","COS","M","M","M"],"character_chosen":"HERMIT","items_purchased":[],"campfire_rested":1,"item_purchase_floors":[],"current_hp_per_floor":[84,83,83,83,80,80,80,80,80,64,40,36,36,10,36,16,89,65,65,36,19,0,0],"gold":48,"neow_bonus":"TWENTY_PERCENT_HP_BONUS","is_daily":false,"chose_seed":false,"campfire_upgraded":1,"win_rate":0.0,"timestamp":1609557725,"path_taken":["M","M","M","M","M","E","?","R","T","M","E","M","M","M","R","BOSS","M","COS","M","M","M"],"items_purchased_type":[],"build_version":"2020-12-22","purchased_purges":0,"victory":false,"max_hp_per_floor":[89,89,89,89,89,89,89,89,89,89,89,89,89,89,89,89,89,89,89,89,89,89,89],"card_choices":[{"not_picked":["hermit:GhostlyPresence","hermit:CalledShot"],"picked":"hermit:BodyArmor","floor":1},{"not_picked":["hermit:HighCaliber","hermit:LoneWolf"],"picked":"hermit:Headshot","floor":2},{"not_picked":["hermit:Quickdraw","hermit:Roulette"],"picked":"hermit:Grudge","floor":3},{"not_picked":["hermit:Purgatory","hermit:ItchyTrigger"],"picked":"hermit:Dive","floor":4},{"not_picked":["hermit:Coalescence","hermit:BodyArmor"],"picked":"hermit:ShadowCloak","floor":5},{"not_picked":["hermit:DeadMansHand","hermit:Coalescence"],"picked":"hermit:Combo","floor":6},{"not_picked":["hermit:Brawl","hermit:Cheat"],"picked":"hermit:Dive","floor":10},{"not_picked":["hermit:Vantage","hermit:Quickdraw"],"picked":"hermit:Headshot","floor":11},{"not_picked":["hermit:Deadeye","hermit:Grudge"],"picked":"hermit:DeadMansHand","floor":12},{"not_picked":["hermit:Misfire","hermit:Feint","hermit:Cheat"],"picked":"SKIP","floor":13},{"not_picked":["hermit:Showdown","hermit:Quickdraw"],"picked":"hermit:ShadowCloak","floor":14},{"not_picked":["hermit:FinalCanter","hermit:RoundhouseKick"],"picked":"hermit:DeadOrAlive","floor":16},{"not_picked":["hermit:ItchyTrigger","hermit:Malice+1"],"picked":"hermit:Determination","floor":18},{"not_picked":["hermit:FullyLoaded","hermit:TrackingShot","hermit:WideOpen+1"],"picked":"SKIP","floor":20},{"not_picked":["hermit:Midnight+1","hermit:Feint"],"picked":"hermit:HighCaliber","floor":21}],"player_experience":687761,"relics_obtained":[{"floor":6,"key":"Potion Belt"},{"floor":9,"key":"Replay:Wax Seal"},{"floor":11,"key":"Bottled Tornado"}],"event_choices":[],"is_beta":false,"boss_relics":[{"not_picked":["Pandora\u0027s Box","Coffee Dripper"],"picked":"Velvet Choker"}],"items_purged_floors":[],"is_endless":false,"potions_floor_spawned":[1,3,6,10,14,20,21],"killed_by":"Gensokyo:Wraith","ascension_level":1}}