{"host":"yecadp3kwkksam5a","time":1609588829,"event":{"mods":["Arknights The Spire","BaseMod","Minty Spire (QoL Compilation)","StSLib","The Hierophant"],"gold_per_floor":[414,414,414,339,264,290,190,190,190,190,206,123,136,169,169,240,290,304,322,322,322,336,361,361,375,375,408,408,434,444,476,476,549,549,562,572,462,479,354,387,237,237,237,266,266,278,290,321,321,321,321,321,152,182,182],"floor_reached":56,"playtime":3461,"items_purged":["Defend_G","Defend_G","Deflect+1","Deflect+1"],"score":2998,"play_id":"6547c305-2a86-4827-9b88-19ac04180554","local_time":"20210102210029","is_ascension_mode":true,"campfire_choices":[{"data":"Adrenaline","floor":10.0,"key":"SMITH"},{"data":"Calculated Gamble","floor":15.0,"key":"SMITH"},{"floor":24,"key":"RECALL"},{"data":"Grand Finale","floor":32,"key":"SMITH"},{"data":"Quick Slash","floor":45,"key":"SMITH"},{"floor":49,"key":"REST"},{"floor":52,"key":"REST"}],"circlet_count":0,"master_deck":["AscendersBane","Bouncing Flask+1","Quick Slash+1","Prepared+1","Acrobatics+1","Tactician+1","Purity+1","Venomology+1","Concentrate+1","Reflex+1","Footwork+1","Backflip+1","Acrobatics+1","Adrenaline+1","After Image+1","Calculated Gamble+1","After Image","Grand Finale+1","Escape Plan+1","Adrenaline+1"],"relics":["Ring of the Snake","Old Coin","Happy Flower","ClockworkSouvenir","Empty Cage","Akabeko","InkBottle","Turnip","White Beast Statue","Runic Pyramid","Kunai","MealTicket","Torii","MealTicket","Toy Ornithopter","Ornamental Fan","Tiny House","Toxic Egg 2","Pear","Bronze Scales","Lizard Tail","Juzu Bracelet","Gremlin Horn","Molten Egg 2","HornCleat"],"acts_visited":["Exordium","TheCity","TheBeyond","TheEnding"],"potions_floor_usage":[23,25,27,29,30,31,33,35,40,47,48,54,55],"damage_taken":[{"damage":0.0,"enemies":"2 Louse","floor":1.0,"turns":2.0},{"damage":0.0,"enemies":"Gremlin Nob","floor":6.0,"turns":1.0},{"damage":0.0,"enemies":"Small Slimes","floor":11.0,"turns":1.0},{"damage":0.0,"enemies":"Cultist","floor":13.0,"turns":1.0},{"damage":0.0,"enemies":"Lagavulin","floor":14.0,"turns":2.0},{"damage":0.0,"enemies":"Slime Boss","floor":16.0,"turns":1.0},{"damage":0.0,"enemies":"Chosen","floor":18.0,"turns":1.0},{"damage":1.0,"enemies":"3 Byrds","floor":19.0,"turns":2.0},{"damage":0.0,"enemies":"Snake Plant","floor":22.0,"turns":2.0},{"damage":28,"enemies":"Gremlin Leader","floor":23,"turns":2},{"damage":6,"enemies":"Centurion and Healer","floor":25,"turns":2},{"damage":0,"enemies":"Book of Stabbing","floor":27,"turns":1},{"damage":0,"enemies":"Gremlin Leader","floor":29,"turns":1},{"damage":0,"enemies":"Snecko","floor":30,"turns":1},{"damage":0,"enemies":"Slavers","floor":31,"turns":1},{"damage":0,"enemies":"Collector","floor":33,"turns":1},{"damage":0,"enemies":"3 Darklings","floor":35,"turns":1},{"damage":0,"enemies":"Orb Walker","floor":36,"turns":1},{"damage":0,"enemies":"Jaw Worm Horde","floor":38,"turns":1},{"damage":0,"enemies":"Giant Head","floor":40,"turns":1},{"damage":0,"enemies":"Reptomancer","floor":44,"turns":1},{"damage":0,"enemies":"Maw","floor":46,"turns":1},{"damage":0,"enemies":"Sphere and 2 Shapes","floor":47,"turns":1},{"damage":0,"enemies":"Giant Head","floor":48,"turns":1},{"damage":0,"enemies":"Donu and Deca","floor":50,"turns":1},{"damage":0,"enemies":"Shield and Spear","floor":54,"turns":1},{"damage":1,"enemies":"The Heart","floor":55,"turns":3}],"seed_played":"7312602910308476459","potions_obtained":[{"floor":1.0,"key":"Strength Potion"},{"floor":6.0,"key":"Fruit Juice"},{"floor":35,"key":"FairyPotion"}],"is_trial":false,"path_per_floor":["M","?","?","$","?","E","$","?","T","R","M","$","M","E","R","B",null,"M","M","?","?","M","E","R","M","T","E","?","E","M","E","R","B",null,"M","M","?","M","$","E","$","?","T","E","R","M","M","E","R","B",null,"R","$","E","B",null],"character_chosen":"THE_SILENT","items_purchased":["After Image","Adrenaline+1"],"campfire_rested":2,"item_purchase_floors":[12,53],"current_hp_per_floor":[69,34,34,64,64,74,74,74,74,74,74,74,74,74,74,74,79,79,78,78,78,78,51,51,50,50,65,65,70,75,80,80,85,88,89,89,89,89,89,89,89,89,89,89,89,89,89,89,89,89,89,89,89,89,89],"gold":182,"neow_bonus":"TEN_PERCENT_HP_BONUS","is_daily":false,"chose_seed":false,"campfire_upgraded":4,"win_rate":0.0,"timestamp":1609588829,"path_taken":["M","?","?","$","?","E","$","?","T","R","M","$","M","E","R","BOSS","M","M","?","?","M","E","R","?","T","E","?","E","M","E","R","BOSS","M","M","?","?","$","E","$","?","T","E","R","M","M","E","R","BOSS","R","$","E","BOSS"],"items_purchased_type":["Card","Card"],"build_version":"2020-12-22","purchased_purges":4,"victory":true,"max_hp_per_floor":[69,69,69,69,69,74,74,74,74,74,74,74,74,74,74,74,79,79,79,79,79,79,79,79,79,79,89,89,89,89,89,89,89,89,89,89,89,89,89,89,89,89,89,89,89,89,89,89,89,89,89,89,89,89,89],"card_choices":[{"not_picked":["Distraction","Tactician","Well Laid Plans"],"picked":"SKIP","floor":1.0},{"not_picked":["Leg Sweep","Backflip","All Out Attack"],"picked":"SKIP","floor":6.0},{"not_picked":["Blade Dance","Dodge and Roll","PiercingWail"],"picked":"SKIP","floor":11.0},{"not_picked":["Flying Knee","Backstab","Prepared"],"picked":"SKIP","floor":13.0},{"not_picked":["Underhanded Strike","Riddle With Holes"],"picked":"Calculated Gamble","floor":14.0},{"not_picked":["Glass Knife","Bullet Time"],"picked":"After Image","floor":16.0},{"not_picked":["PiercingWail+1","Blade Dance","Acrobatics"],"picked":"SKIP","floor":18.0},{"not_picked":["Deadly Poison","Blade Dance","Predator"],"picked":"SKIP","floor":19.0},{"not_picked":["Cloak And Dagger","Slice"],"picked":"Grand Finale","floor":22.0},{"not_picked":["Backflip","Riddle With Holes","Deflect"],"picked":"SKIP","floor":23},{"not_picked":["Blur","Dodge and Roll+1","Outmaneuver"],"picked":"SKIP","floor":25},{"not_picked":["Expertise+1","Bane","Well Laid Plans+1"],"picked":"SKIP","floor":27},{"not_picked":["Deadly Poison+1","Quick Slash"],"picked":"Escape Plan+1","floor":29},{"not_picked":["Leg Sweep+1","Deadly Poison+1","Setup+1"],"picked":"SKIP","floor":30},{"not_picked":["Bane","Dodge and Roll+1","Deflect+1"],"picked":"SKIP","floor":31},{"not_picked":["Deadly Poison+1","Flechettes","Outmaneuver+1"],"picked":"SKIP","floor":35},{"not_picked":["Dagger Throw","Well Laid Plans","Outmaneuver+1"],"picked":"SKIP","floor":36},{"not_picked":["Cloak And Dagger+1","Deadly Poison+1","Deflect+1"],"picked":"SKIP","floor":38},{"not_picked":["Accuracy","Dodge and Roll+1","Dash"],"picked":"SKIP","floor":40},{"not_picked":["Crippling Poison+1","Heel Hook","Blade Dance+1"],"picked":"SKIP","floor":44},{"not_picked":["Distraction+1","Calculated Gamble+1","Slice"],"picked":"SKIP","floor":46},{"not_picked":["Backflip+1","Skewer","PiercingWail+1"],"picked":"SKIP","floor":47},{"not_picked":["Quick Slash+1","Dash+1","Acrobatics+1"],"picked":"SKIP","floor":48},{"not_picked":["Bouncing Flask+1","Caltrops","Dash+1"],"picked":"SKIP","floor":54}],"player_experience":320086,"relics_obtained":[{"floor":6.0,"key":"Toy Ornithopter"},{"floor":14.0,"key":"Ornamental Fan"},{"floor":26,"key":"Toxic Egg 2"},{"floor":27,"key":"Pear"},{"floor":29,"key":"Bronze Scales"},{"floor":31,"key":"Lizard Tail"},{"floor":40,"key":"Juzu Bracelet"},{"floor":44,"key":"Gremlin Horn"},{"floor":48,"key":"Molten Egg 2"},{"floor":54,"key":"HornCleat"}],"event_choices":[{"damage_healed":0.0,"max_hp_gain":0.0,"max_hp_loss":0.0,"gold_gain":0.0,"event_name":"Scrap Ooze","player_choice":"Success","floor":2.0,"gold_loss":0.0,"damage_taken":35.0,"relics_obtained":["MealTicket"]},{"damage_healed":0.0,"max_hp_gain":0.0,"max_hp_loss":0.0,"gold_gain":0.0,"cards_transformed":["Defend_G"],"event_name":"Living Wall","player_choice":"Change","floor":3.0,"gold_loss":0.0,"damage_taken":0.0,"cards_obtained":["Adrenaline"]},{"cards_removed":["Defend_G"],"damage_healed":0.0,"max_hp_gain":0.0,"max_hp_loss":0.0,"gold_gain":0.0,"event_name":"The Cleric","player_choice":"Card Removal","floor":5.0,"gold_loss":75.0,"damage_taken":0.0},{"damage_healed":0.0,"max_hp_gain":0.0,"max_hp_loss":0.0,"gold_gain":0.0,"event_name":"Liars Game","player_choice":"Ignored","floor":8.0,"gold_loss":0.0,"damage_taken":0.0},{"damage_healed":0.0,"max_hp_gain":0.0,"max_hp_loss":0.0,"gold_gain":0.0,"event_name":"Vampires","player_choice":"Ignored","floor":20.0,"gold_loss":0.0,"damage_taken":0.0},{"damage_healed":0.0,"max_hp_gain":0.0,"max_hp_loss":0.0,"gold_gain":0.0,"cards_transformed":["Survivor"],"event_name":"Transmorgrifier","player_choice":"Transformed","floor":21.0,"gold_loss":0.0,"damage_taken":0.0,"cards_obtained":["Storm of Steel"]},{"cards_removed":["Decay"],"damage_healed":0,"gold_gain":0,"player_choice":"Elegance","damage_taken":0,"max_hp_gain":0,"max_hp_loss":0,"event_name":"Back to Basics","floor":28,"gold_loss":0},{"cards_removed":["Storm of Steel"],"damage_healed":0,"gold_gain":0,"player_choice":"Upgrade and Remove","damage_taken":0,"max_hp_gain":0,"max_hp_loss":0,"event_name":"Designer","floor":37,"gold_loss":110,"cards_upgraded":["After Image"]},{"cards_removed":["Underhanded Strike"],"damage_healed":0,"gold_gain":0,"player_choice":"Removed Attack","damage_taken":0,"max_hp_gain":0,"max_hp_loss":0,"event_name":"Falling","floor":42,"gold_loss":0}],"is_beta":false,"boss_relics":[{"not_picked":["Busted Crown","Calling Bell"],"picked":"Tiny House"},{"not_picked":["Velvet Choker","Snecko Eye","Ring of the Serpent"]}],"items_purged_floors":[4,7,39,41],"is_endless":false,"potions_floor_spawned":[1,6,11,13,14,16,18,19,22,23,25,27,29,30,31,33,35,36,38,40,44,46,47,48,54],"ascension_level":16}}