{"host":"vsdszi3rnxsdp24p","time":1609608462,"event":{"mods":["AchievementEnabler","BaseMod","Colored Map","Colored Powertips","Hermit","Highlight Path","Minty Spire (QoL Compilation)","Quick Restart","Relic Sorter","Relic Stats","StSLib","SuperFastMode","Synergy Search","The Cursed","The Mystic"],"gold_per_floor":[116,76,96,12,29,29,48,48,48,59,93,103,103,117,117,117,117],"floor_reached":16,"playtime":635,"items_purged":[],"score":104,"play_id":"a033044c-6632-483c-b26c-8b75160d5309","local_time":"20210102182742","is_ascension_mode":false,"campfire_choices":[{"data":"Capacitor","floor":6,"key":"SMITH"},{"data":"Hello World","floor":8,"key":"SMITH"},{"floor":15,"key":"REST"}],"circlet_count":0,"master_deck":["Strike_B","Strike_B","Strike_B","Strike_B","Defend_B","Defend_B","Defend_B","Defend_B","Zap","Dualcast","Rebound","Capacitor","Capacitor+1","Stack","Static Discharge","Hello World+1","Streamline","Recycle","Creative AI+1","Double Energy"],"relics":["Cracked Core","NeowsBlessing","Ginger","Peace Pipe"],"acts_visited":["Exordium"],"potions_floor_usage":[11,11,11,16,16,16],"damage_taken":[{"damage":0,"enemies":"Jaw Worm","floor":1,"turns":1},{"damage":0,"enemies":"Cultist","floor":3,"turns":1},{"damage":0,"enemies":"2 Louse","floor":5,"turns":1},{"damage":15,"enemies":"Looter","floor":7,"turns":3},{"damage":16,"enemies":"Red Slaver","floor":10,"turns":4},{"damage":27,"enemies":"3 Sentries","floor":11,"turns":6},{"damage":5,"enemies":"2 Fungi Beasts","floor":12,"turns":4},{"damage":0,"enemies":"Large Slime","floor":14,"turns":8},{"damage":42,"enemies":"Slime Boss","floor":16,"turns":6}],"seed_played":"-4632373583837598804","potions_obtained":[{"floor":1,"key":"BlessingOfTheForge"},{"floor":2,"key":"DuplicationPotion"},{"floor":2,"key":"EntropicBrew"}],"is_trial":false,"path_per_floor":["M","?","M","$","M","R","M","R","T","M","E","M","?","M","R","B"],"character_chosen":"DEFECT","items_purchased":["Capacitor","Stack"],"campfire_rested":1,"item_purchase_floors":[4,4],"current_hp_per_floor":[75,75,75,75,75,75,60,60,60,44,17,12,12,12,34,0,0],"gold":117,"neow_bonus":"THREE_ENEMY_KILL","is_daily":false,"chose_seed":false,"campfire_upgraded":2,"win_rate":0.0,"timestamp":1609608462,"path_taken":["M","?","M","$","M","R","?","R","T","M","E","M","?","M","R","BOSS"],"items_purchased_type":["Card","Card"],"build_version":"2020-12-22","purchased_purges":0,"victory":false,"max_hp_per_floor":[75,75,75,75,75,75,75,75,75,75,75,75,75,75,75,75,75],"relic_stats":{"Peace Pipe":0,"counters":[9,34],"Ginger":[0],"obtain_stats":[{"Peace Pipe":11,"NeowsBlessing":0,"Ginger":9,"Cracked Core":0},{"Peace Pipe":6,"NeowsBlessing":0,"Ginger":4,"Cracked Core":0},{"Peace Pipe":16,"NeowsBlessing":0,"Ginger":6,"Cracked Core":0}]},"card_choices":[{"not_picked":["Heatsinks","Sweeping Beam"],"picked":"Rebound","floor":1},{"not_picked":["Hello World","Steam"],"picked":"Capacitor","floor":3},{"not_picked":["Redo","Leap"],"picked":"Static Discharge","floor":5},{"not_picked":["Skim","Glacier"],"picked":"Hello World","floor":7},{"not_picked":["Stack","Redo"],"picked":"Streamline","floor":10},{"not_picked":["Compile Driver","Sweeping Beam"],"picked":"Recycle","floor":11},{"not_picked":["Conserve Battery","Gash"],"picked":"Creative AI","floor":12},{"not_picked":["Conserve Battery","Steam"],"picked":"Double Energy","floor":14}],"player_experience":117490,"relics_obtained":[{"floor":9,"key":"Ginger"},{"floor":11,"key":"Peace Pipe"}],"event_choices":[{"damage_healed":0,"gold_gain":0,"player_choice":"Bought 3 Potions","damage_taken":0,"max_hp_gain":0,"max_hp_loss":0,"event_name":"The Woman in Blue","floor":2,"gold_loss":0},{"damage_healed":0,"gold_gain":0,"player_choice":"Forge","damage_taken":0,"max_hp_gain":0,"max_hp_loss":0,"event_name":"Accursed Blacksmith","floor":13,"gold_loss":0,"cards_upgraded":["Creative AI"]}],"is_beta":false,"boss_relics":[],"items_purged_floors":[],"is_endless":false,"potions_floor_spawned":[1,5,10,14],"killed_by":"Slime Boss","ascension_level":0}}