{"host":"88sw61cmk1203zgj","time":1609554416,"event":{"mods":["BaseMod","Minty Spire (QoL Compilation)"],"gold_per_floor":[114,127,137,137,137,168,168,198,198,198,226,241,241,258,258,359,359,371,385,335,347,347,372,372,397,397,397,397,397,397],"floor_reached":29,"playtime":1550,"items_purged":[],"score":436,"play_id":"34d751dd-5327-4d55-a356-a9fc5fe981ce","local_time":"20210101212656","is_ascension_mode":true,"campfire_choices":[{"data":"Pommel Strike","floor":7,"key":"SMITH"},{"floor":10,"key":"REST"},{"data":"Uppercut","floor":13,"key":"SMITH"},{"data":"Flex","floor":15,"key":"SMITH"},{"data":"Rupture","floor":24,"key":"SMITH"}],"circlet_count":0,"master_deck":["AscendersBane","Bash+1","Anger","Ghostly Armor","Pommel Strike+1","Pommel Strike","Headbutt","Flex+1","Uppercut+1","Double Tap","Evolve","Bloodletting","Shockwave","Clothesline","Flex","Carnage","Bloodletting","Rupture+1","Shrug It Off+1","J.A.X.","Decay"],"relics":["Burning Blood","Akabeko","HornCleat","Anchor","Pandora\u0027s Box","Ornamental Fan","Dream Catcher","Ice Cream"],"acts_visited":["Exordium","TheCity"],"potions_floor_usage":[23,25],"damage_taken":[{"damage":7.0,"enemies":"2 Louse","floor":1.0,"turns":4.0},{"damage":12.0,"enemies":"Small Slimes","floor":2.0,"turns":5.0},{"damage":6.0,"enemies":"Cultist","floor":3.0,"turns":5.0},{"damage":30,"enemies":"3 Sentries","floor":6,"turns":9},{"damage":23,"enemies":"Lagavulin","floor":8,"turns":6},{"damage":17,"enemies":"Gremlin Nob","floor":11,"turns":4},{"damage":0,"enemies":"Gremlin Gang","floor":12,"turns":3},{"damage":0,"enemies":"Large Slime","floor":14,"turns":4},{"damage":26,"enemies":"Slime Boss","floor":16,"turns":7},{"damage":3,"enemies":"Chosen","floor":18,"turns":3},{"damage":3,"enemies":"Spheric Guardian","floor":19,"turns":3},{"damage":16,"enemies":"3 Cultists","floor":21,"turns":4},{"damage":16,"enemies":"Slavers","floor":23,"turns":4},{"damage":20,"enemies":"Gremlin Leader","floor":25,"turns":7},{"damage":38,"enemies":"Slavers","floor":29,"turns":3}],"seed_played":"8435085717765331761","potions_obtained":[{"floor":6,"key":"DuplicationPotion"},{"floor":11,"key":"GamblersBrew"}],"is_trial":false,"path_per_floor":["M","M","M","?","?","E","R","E","T","R","E","M","R","M","R","B",null,"M","M","?","M","?","E","R","E","T","?","?","E"],"character_chosen":"IRONCLAD","items_purchased":[],"campfire_rested":1,"item_purchase_floors":[],"current_hp_per_floor":[71,65,65,58,58,34,34,17,17,41,30,36,36,42,42,22,66,69,72,72,62,62,52,52,38,38,38,38,0,0],"gold":397,"neow_bonus":"UPGRADE_CARD","is_daily":false,"chose_seed":false,"campfire_upgraded":4,"win_rate":0.0,"timestamp":1609554416,"path_taken":["M","M","M","?","?","E","R","E","T","R","E","M","R","M","R","BOSS","M","M","?","?","?","E","R","E","T","?","?","E"],"items_purchased_type":[],"build_version":"2020-12-22","purchased_purges":0,"victory":false,"max_hp_per_floor":[80,80,80,80,80,80,80,80,80,80,80,80,80,80,80,80,80,80,80,80,80,80,80,80,80,80,80,80,80,80],"card_choices":[{"not_picked":["True Grit","Armaments"],"picked":"Anger","floor":1.0},{"not_picked":["Clash","Clothesline"],"picked":"Ghostly Armor","floor":2.0},{"not_picked":["Iron Wave","Perfected Strike"],"picked":"Pommel Strike","floor":3.0},{"not_picked":["Warcry","Pommel Strike","Sword Boomerang"],"picked":"SKIP","floor":6},{"not_picked":["Warcry","Sword Boomerang"],"picked":"Pommel Strike","floor":6},{"not_picked":["Cleave","Sentinel"],"picked":"Headbutt","floor":8},{"not_picked":["Disarm","Berserk"],"picked":"Flex","floor":11},{"not_picked":["Sword Boomerang","Cleave"],"picked":"Uppercut","floor":12},{"not_picked":["Flame Barrier","Thunderclap","Perfected Strike"],"picked":"SKIP","floor":14},{"not_picked":["Exhume","Corruption"],"picked":"Double Tap","floor":16},{"not_picked":["Thunderclap","Fire Breathing","Heavy Blade"],"picked":"SKIP","floor":18},{"not_picked":["Wild Strike","Dual Wield+1"],"picked":"Rupture","floor":19},{"not_picked":["Body Slam","Flex"],"picked":"Shrug It Off+1","floor":21},{"not_picked":["Flex+1","Clash","Disarm"],"picked":"SKIP","floor":23},{"not_picked":["Cleave","Clash","Intimidate"],"picked":"SKIP","floor":25}],"player_experience":1442040,"relics_obtained":[{"floor":6,"key":"Akabeko"},{"floor":8,"key":"HornCleat"},{"floor":11,"key":"Anchor"},{"floor":23,"key":"Ornamental Fan"},{"floor":25,"key":"Dream Catcher"},{"floor":26,"key":"Ice Cream"}],"event_choices":[{"cards_removed":["Strike_R"],"damage_healed":0.0,"max_hp_gain":0.0,"max_hp_loss":0.0,"gold_gain":0.0,"event_name":"Golden Wing","player_choice":"Card Removal","floor":4.0,"gold_loss":0.0,"damage_taken":7.0},{"cards_removed":["Defend_R"],"damage_healed":0.0,"max_hp_gain":0.0,"max_hp_loss":0.0,"gold_gain":0.0,"event_name":"Bonfire Elementals","player_choice":"Offered Basic","floor":5.0,"gold_loss":0.0,"damage_taken":0.0},{"damage_healed":0,"gold_gain":0,"player_choice":"Bet on Murderer","damage_taken":0,"max_hp_gain":0,"max_hp_loss":0,"event_name":"The Joust","floor":20,"gold_loss":50},{"damage_healed":0,"gold_gain":0,"player_choice":"Obtain J.A.X.","damage_taken":0,"max_hp_gain":0,"max_hp_loss":0,"event_name":"Drug Dealer","floor":22,"gold_loss":0,"cards_obtained":["J.A.X."]},{"damage_healed":0,"gold_gain":0,"player_choice":"Ignored","damage_taken":0,"max_hp_gain":0,"max_hp_loss":0,"event_name":"Ghosts","floor":27,"gold_loss":0},{"damage_healed":0,"gold_gain":0,"player_choice":"Smashed Altar","damage_taken":0,"max_hp_gain":0,"max_hp_loss":0,"event_name":"Forgotten Altar","floor":28,"gold_loss":0,"cards_obtained":["Decay"]}],"is_beta":false,"boss_relics":[{"not_picked":["SlaversCollar","Black Blood"],"picked":"Pandora\u0027s Box"}],"items_purged_floors":[],"is_endless":false,"potions_floor_spawned":[6,11,12,19],"killed_by":"Slavers","ascension_level":11}}