{"host":"c5j8t0wyh2hvx9ju","time":1609597715,"event":{"mods":["Astrologer","BaseMod","BetterRewards","HololiveMod","Minty Spire (QoL Compilation)","Prisma Mod","StSLib"],"gold_per_floor":[112,126,137,156,173,212,212,231,299,299,329,404,404,438,438,544,571,598,615,639,666,684,715,715,715,715,733,733,759,779,804,804,912,921,939,964,1019,1119,1133,1133,1172,1172,1195,1224,1247,1261,1277,1291,1291,1291],"floor_reached":51,"playtime":3537,"items_purged":[],"score":1340,"play_id":"1bab00f3-e512-45d9-9852-73bca377932b","local_time":"20210102232835","is_ascension_mode":true,"campfire_choices":[{"data":"Eruption","floor":7.0,"key":"SMITH"},{"data":"DevaForm","floor":15.0,"key":"SMITH"},{"floor":24.0,"key":"REST"},{"data":"TalkToTheHand","floor":28.0,"key":"SMITH"},{"data":"TalkToTheHand","floor":32.0,"key":"SMITH"},{"floor":40.0,"key":"REST"},{"data":"MentalFortress","floor":42.0,"key":"SMITH"},{"data":"ForeignInfluence","floor":49.0,"key":"SMITH"}],"circlet_count":0,"master_deck":["Strike_P","Defend_P","Defend_P","Defend_P","Defend_P","Eruption+1","Vigilance","DevaForm+1","Vengeance","TalkToTheHand+1","Evaluate","ForeignInfluence+1","ClearTheMind","FlurryOfBlows","ForeignInfluence","FearNoEvil","Brilliance","ForeignInfluence+1","Weave+1","Swivel+1","Tantrum+1","TalkToTheHand+1","WaveOfTheHand+1","ConjureBlade","CurseOfTheBell","Adaptation","Crescendo+1","MentalFortress+1","Parasite"],"relics":["PureWater","Incense Burner","Hololive_LightStick","Pear","CeramicFish","Gremlin Horn","TungstenRod","Regal Pillow","GremlinMask","The Courier","Astrolabe","Blood Vial","Ice Cream","Vajra","Eternal Feather","Calling Bell","Pen Nib","Mercury Hourglass","Lizard Tail","Du-Vu Doll","Oddly Smooth Stone","Ancient Tea Set","Calipers"],"acts_visited":["Exordium","TheCity","TheBeyond"],"potions_floor_usage":[50,50],"damage_taken":[{"damage":0.0,"enemies":"Cultist","floor":1.0,"turns":4.0},{"damage":0.0,"enemies":"Small Slimes","floor":2.0,"turns":4.0},{"damage":0.0,"enemies":"Jaw Worm","floor":3.0,"turns":4.0},{"damage":0.0,"enemies":"3 Louse","floor":4.0,"turns":4.0},{"damage":1.0,"enemies":"Lots of Slimes","floor":5.0,"turns":3.0},{"damage":0.0,"enemies":"Lagavulin","floor":6.0,"turns":5.0},{"damage":0.0,"enemies":"Red Slaver","floor":8.0,"turns":4.0},{"damage":0.0,"enemies":"Gremlin Nob","floor":11.0,"turns":2.0},{"damage":0.0,"enemies":"Lagavulin","floor":14.0,"turns":7.0},{"damage":0.0,"enemies":"Slime Boss","floor":16.0,"turns":5.0},{"damage":8.0,"enemies":"Spheric Guardian","floor":18.0,"turns":4.0},{"damage":0.0,"enemies":"2 Thieves","floor":19.0,"turns":3.0},{"damage":2.0,"enemies":"Shelled Parasite and Fungi","floor":20.0,"turns":4.0},{"damage":9.0,"enemies":"Snake Plant","floor":22.0,"turns":7.0},{"damage":62.0,"enemies":"Slavers","floor":23.0,"turns":5.0},{"damage":0.0,"enemies":"Centurion and Healer","floor":27.0,"turns":3.0},{"damage":20.0,"enemies":"Book of Stabbing","floor":29.0,"turns":6.0},{"damage":3.0,"enemies":"Snecko","floor":30.0,"turns":6.0},{"damage":0.0,"enemies":"Shelled Parasite and Fungi","floor":31.0,"turns":5.0},{"damage":34.0,"enemies":"Champ","floor":33.0,"turns":11.0},{"damage":0.0,"enemies":"Orb Walker","floor":35.0,"turns":3.0},{"damage":0.0,"enemies":"3 Shapes","floor":36.0,"turns":10.0},{"damage":62.0,"enemies":"2 Orb Walkers","floor":37.0,"turns":5.0},{"damage":12.0,"enemies":"Jaw Worm Horde","floor":39.0,"turns":3.0},{"damage":0.0,"enemies":"Reptomancer","floor":41.0,"turns":5.0},{"damage":0.0,"enemies":"Nemesis","floor":44.0,"turns":7.0},{"damage":0.0,"enemies":"Writhing Mass","floor":45.0,"turns":7.0},{"damage":0.0,"enemies":"Maw","floor":46.0,"turns":3.0},{"damage":3.0,"enemies":"Spire Growth","floor":47.0,"turns":4.0},{"damage":1.0,"enemies":"Jaw Worm Horde","floor":48.0,"turns":4.0},{"damage":44,"enemies":"Donu and Deca","floor":50,"turns":6}],"seed_played":"-3452419660078506423","potions_obtained":[{"floor":3.0,"key":"LiquidMemories"},{"floor":4.0,"key":"SpeedPotion"},{"floor":5.0,"key":"CultistPotion"},{"floor":23.0,"key":"SmokeBomb"},{"floor":27.0,"key":"Fruit Juice"},{"floor":35.0,"key":"SpeedPotion"},{"floor":36.0,"key":"StancePotion"},{"floor":39.0,"key":"BlessingOfTheForge"}],"is_trial":false,"path_per_floor":["M","M","M","M","M","E","R","M","T","?","E","?","?","E","R","B",null,"M","M","M","T","M","E","R","?","T","M","R","E","M","M","R","B",null,"M","M","?","?","M","R","E","R","T","E","M","M","M","M","R","B",null],"character_chosen":"WATCHER","items_purchased":["Incense Burner","Hololive_LightStick","DevaForm","Vengeance","TalkToTheHand","Evaluate"],"campfire_rested":2,"item_purchase_floors":[0,0,0,0,0,0],"current_hp_per_floor":[82,82,82,82,81,81,81,81,81,56,56,46,46,46,46,46,82,74,74,72,72,65,5,44,44,44,55,55,37,36,38,50,18,87,87,87,25,25,15,71,73,87,87,87,87,87,84,85,87,43],"gold":1291,"neow_bonus":"","is_daily":false,"chose_seed":false,"campfire_upgraded":6,"win_rate":0.0,"timestamp":1609597715,"path_taken":["M","M","M","M","?","E","R","M","T","?","E","?","?","E","R","BOSS","M","?","M","?","M","E","R","?","T","M","R","E","M","M","R","BOSS","M","M","?","?","?","R","E","R","T","E","M","M","M","M","R","BOSS"],"items_purchased_type":["Relic","Relic","Card","Card","Card","Card"],"build_version":"2020-12-22","purchased_purges":0,"victory":true,"max_hp_per_floor":[82,82,82,82,82,82,82,82,82,82,82,82,82,82,82,82,82,82,82,82,82,82,82,82,82,82,87,87,87,87,87,87,87,87,87,87,87,87,87,87,87,87,87,87,87,87,87,87,87,87],"card_choices":[{"not_picked":["Protect","Nirvana","PathToVictory"],"picked":"SKIP","floor":1.0},{"not_picked":["WreathOfFlame","Crescendo","WheelKick"],"picked":"SKIP","floor":2.0},{"not_picked":["Prostrate","Fasting2"],"picked":"ForeignInfluence","floor":3.0},{"not_picked":["Pray","Evaluate"],"picked":"ClearTheMind","floor":4.0},{"not_picked":["Prostrate","FlyingSleeves"],"picked":"FlurryOfBlows","floor":5.0},{"not_picked":["EmptyBody","BowlingBash"],"picked":"ForeignInfluence","floor":6.0},{"not_picked":["FollowUp","PathToVictory"],"picked":"FearNoEvil","floor":8.0},{"not_picked":["FlyingSleeves","WheelKick","JustLucky"],"picked":"SKIP","floor":11.0},{"not_picked":["Wireheading","BattleHymn","Protect"],"picked":"SKIP","floor":14.0},{"not_picked":["Establishment","Devotion"],"picked":"Brilliance","floor":16.0},{"not_picked":["Meditate","ForeignInfluence"],"picked":"Tantrum+1","floor":18.0},{"not_picked":["Fasting2","ThirdEye","CrushJoints"],"picked":"SKIP","floor":19.0},{"not_picked":["JustLucky","ClearTheMind+1"],"picked":"TalkToTheHand","floor":20.0},{"not_picked":["JustLucky","ThirdEye","Protect"],"picked":"SKIP","floor":22.0},{"not_picked":["Perseverance","Consecrate+1","FlyingSleeves+1"],"picked":"SKIP","floor":23.0},{"not_picked":["ThirdEye","ClearTheMind","PathToVictory+1"],"picked":"SKIP","floor":27.0},{"not_picked":["Protect","FollowUp","Devotion"],"picked":"SKIP","floor":29.0},{"not_picked":["BattleHymn","WheelKick","WreathOfFlame"],"picked":"SKIP","floor":30.0},{"not_picked":["EmptyBody","PathToVictory"],"picked":"WaveOfTheHand+1","floor":31.0},{"not_picked":["Ragnarok","Blasphemy"],"picked":"ConjureBlade","floor":33.0},{"not_picked":["FlyingSleeves+1","WaveOfTheHand","SashWhip"],"picked":"SKIP","floor":35.0},{"not_picked":["ClearTheMind+1","SpiritShield"],"picked":"Adaptation","floor":36.0},{"not_picked":["CrushJoints","BattleHymn"],"picked":"Crescendo+1","floor":37.0},{"not_picked":["Meditate+1","ForeignInfluence","CrushJoints"],"picked":"SKIP","floor":39.0},{"not_picked":["Halt","SashWhip+1"],"picked":"MentalFortress","floor":41.0},{"not_picked":["PathToVictory","FollowUp+1","Halt+1"],"picked":"SKIP","floor":44.0},{"not_picked":["Consecrate+1","Wireheading","EmptyFist"],"picked":"SKIP","floor":45.0},{"not_picked":["SpiritShield","Halt+1","Prostrate"],"picked":"SKIP","floor":46.0},{"not_picked":["ForeignInfluence","EmptyBody","CrushJoints"],"picked":"SKIP","floor":47.0},{"not_picked":["Protect","Evaluate+1","FlyingSleeves+1"],"picked":"SKIP","floor":48.0}],"player_experience":895018,"relics_obtained":[{"floor":6.0,"key":"CeramicFish"},{"floor":9.0,"key":"Gremlin Horn"},{"floor":11.0,"key":"Regal Pillow"},{"floor":14.0,"key":"The Courier"},{"floor":21.0,"key":"Blood Vial"},{"floor":23.0,"key":"Ice Cream"},{"floor":26.0,"key":"Vajra"},{"floor":29.0,"key":"Eternal Feather"},{"floor":34.0,"key":"Pen Nib"},{"floor":34.0,"key":"Mercury Hourglass"},{"floor":34.0,"key":"Lizard Tail"},{"floor":37.0,"key":"Du-Vu Doll"},{"floor":41.0,"key":"Oddly Smooth Stone"},{"floor":43.0,"key":"Ancient Tea Set"},{"floor":44.0,"key":"Calipers"}],"event_choices":[{"damage_healed":0.0,"max_hp_gain":0.0,"max_hp_loss":0.0,"gold_gain":0.0,"event_name":"Scrap Ooze","player_choice":"Success","floor":10.0,"gold_loss":0.0,"damage_taken":25.0,"relics_obtained":["TungstenRod"]},{"damage_healed":0.0,"max_hp_gain":0.0,"max_hp_loss":0.0,"gold_gain":75.0,"event_name":"World of Goop","player_choice":"Gather Gold","floor":12.0,"gold_loss":0.0,"damage_taken":11.0},{"damage_healed":0.0,"max_hp_gain":0.0,"max_hp_loss":0.0,"gold_gain":0.0,"event_name":"FaceTrader","player_choice":"Trade","floor":13.0,"gold_loss":0.0,"damage_taken":0.0,"relics_obtained":["GremlinMask"]},{"damage_healed":0.0,"max_hp_gain":0.0,"max_hp_loss":0.0,"gold_gain":0.0,"event_name":"Vampires","player_choice":"Ignored","floor":25.0,"gold_loss":0.0,"damage_taken":0.0},{"damage_healed":0.0,"max_hp_gain":0.0,"max_hp_loss":0.0,"gold_gain":0.0,"event_name":"Mysterious Sphere","player_choice":"Fight","floor":37.0,"gold_loss":0.0,"damage_taken":0.0},{"damage_healed":0.0,"max_hp_gain":0.0,"max_hp_loss":0.0,"gold_gain":100.0,"event_name":"Golden Shrine","player_choice":"Pray","floor":38.0,"gold_loss":0.0,"damage_taken":0.0}],"is_beta":false,"boss_relics":[{"not_picked":["Hololive_ChaosS","HolyWater"],"picked":"Astrolabe"},{"not_picked":["Coffee Dripper","Philosopher\u0027s Stone"],"picked":"Calling Bell"}],"items_purged_floors":[],"is_endless":false,"potions_floor_spawned":[3,4,5,11,16,19,20,23,27,35,36,39,46,47],"ascension_level":3}}