{"host":"axuns55dzq466eei","time":1609596820,"event":{"mods":["BaseMod","Colored Map","Keyboard Shortcuts","Minty Spire (QoL Compilation)","StSLib","SuperFastMode"],"gold_per_floor":[119,44,59,59,73,73,92,92,92,92,107,107,7,18,18,18,18],"floor_reached":16,"playtime":294,"items_purged":["Injury","Strike_G"],"score":184,"play_id":"1a949180-232e-4b39-abae-0fb6b45fea0a","local_time":"20210102231340","is_ascension_mode":true,"campfire_choices":[{"data":"Crippling Poison","floor":6,"key":"SMITH"},{"data":"Acrobatics","floor":8,"key":"SMITH"},{"data":"Predator","floor":10,"key":"SMITH"},{"data":"Terror","floor":15,"key":"SMITH"}],"circlet_count":0,"master_deck":["AscendersBane","Strike_G","Strike_G","Strike_G","Defend_G","Defend_G","Defend_G","Defend_G","Survivor","Neutralize","Deadly Poison","Underhanded Strike","Predator+1","Blur","Crippling Poison+1","Acrobatics+1","Grand Finale","Terror+1"],"relics":["Ring of the Snake","Letter Opener","Ninja Scroll"],"acts_visited":["Exordium"],"potions_floor_usage":[16],"damage_taken":[{"damage":6,"enemies":"2 Louse","floor":1,"turns":4},{"damage":0,"enemies":"Small Slimes","floor":3,"turns":5},{"damage":4,"enemies":"Jaw Worm","floor":5,"turns":4},{"damage":0,"enemies":"Exordium Thugs","floor":7,"turns":4},{"damage":4,"enemies":"2 Fungi Beasts","floor":11,"turns":3},{"damage":17,"enemies":"Exordium Wildlife","floor":14,"turns":4},{"damage":28,"enemies":"Hexaghost","floor":16,"turns":9}],"seed_played":"-7845385747214890790","potions_obtained":[{"floor":14,"key":"Fruit Juice"}],"is_trial":false,"path_per_floor":["M","$","M","?","M","R","M","R","T","R","M","?","$","M","R","B"],"character_chosen":"THE_SILENT","items_purchased":[],"campfire_rested":0,"item_purchase_floors":[],"current_hp_per_floor":[53,53,53,53,49,49,49,49,49,49,45,40,40,23,23,0,0],"gold":18,"neow_bonus":"TRANSFORM_TWO_CARDS","is_daily":false,"chose_seed":false,"campfire_upgraded":4,"win_rate":0.0,"timestamp":1609596820,"path_taken":["M","$","M","?","M","R","M","R","T","R","M","?","$","M","R","BOSS"],"items_purchased_type":[],"build_version":"2020-12-22","purchased_purges":2,"victory":false,"max_hp_per_floor":[66,66,66,66,66,66,66,66,66,66,66,66,66,66,66,71,71],"card_choices":[{"not_picked":["Poisoned Stab","Cloak And Dagger"],"picked":"Predator","floor":1},{"not_picked":["Slice","Prepared"],"picked":"Blur","floor":3},{"not_picked":["Dodge and Roll","Bane"],"picked":"Crippling Poison","floor":5},{"not_picked":["Dagger Throw","Well Laid Plans"],"picked":"Acrobatics","floor":7},{"not_picked":["Quick Slash","Poisoned Stab"],"picked":"Grand Finale","floor":11},{"not_picked":["Sucker Punch","Bane"],"picked":"Terror","floor":14}],"player_experience":1053704,"relics_obtained":[{"floor":9,"key":"Letter Opener"}],"event_choices":[{"damage_healed":0,"gold_gain":0,"player_choice":"Ignored","damage_taken":0,"max_hp_gain":0,"max_hp_loss":0,"event_name":"Liars Game","floor":4,"gold_loss":0},{"damage_healed":0,"gold_gain":0,"player_choice":"Success","damage_taken":5,"relics_obtained":["Ninja Scroll"],"max_hp_gain":0,"max_hp_loss":0,"event_name":"Scrap Ooze","floor":12,"gold_loss":0}],"is_beta":false,"boss_relics":[],"items_purged_floors":[2,13],"is_endless":false,"potions_floor_spawned":[14],"killed_by":"Hexaghost","ascension_level":20}}