{"host":"pvafbce70weqvzks","time":1609548325,"event":{"mods":["BaseMod","Gremlin Mod","Hermit","Minty Spire (QoL Compilation)","StSLib","themimic"],"gold_per_floor":[119,133,148,158,175,209,40,40,108,108,127,140,140,160,160,257,257,276,288,302,142,153,153,167,167,218,235,235,249,112,122,122,220,220,234,247,262,30,48,48,21,32,32,67,67,82,82,99,99,99,99],"floor_reached":50,"playtime":2160,"items_purged":[],"score":586,"play_id":"66ddd8f6-fa0e-4e65-a9b4-ebc38e585eb6","local_time":"20210101214525","is_ascension_mode":false,"campfire_choices":[{"floor":8,"key":"REST"},{"data":"Flame Barrier","floor":10,"key":"SMITH"},{"floor":15,"key":"REST"},{"data":"1","floor":23,"key":"LIFT"},{"data":"Infernal Blade","floor":32,"key":"SMITH"},{"data":"Bludgeon","floor":40,"key":"SMITH"},{"data":"2","floor":45,"key":"LIFT"},{"data":"3","floor":49,"key":"LIFT"}],"circlet_count":0,"master_deck":["Strike_R","Strike_R","Strike_R","Strike_R","Strike_R","Defend_R","Defend_R","Defend_R","Defend_R","Bash","Fire Breathing","Flame Barrier+1","Uppercut","Dropkick","Rage","Whirlwind","Carnage","Clothesline","Bandage Up","Shrug It Off","Anger","Regret","Iron Wave","Feed","Flex+1","Iron Wave","Thunderclap","Seeing Red","Pommel Strike","Whirlwind","Infernal Blade+1","Intimidate","Clash","Twin Strike+1","Cleave","Twin Strike","Shockwave","Cleave","Impervious","Searing Blow","Cleave","Headbutt+1","Bludgeon+1","Infernal Blade","Perfected Strike","Anger","Cleave+1","Warcry+1","Flex+1","Shrug It Off+1"],"relics":["Black Blood","Bag of Preparation","Magic Flower","HornCleat","Girya","Velvet Choker","MutagenicStrength","Strawberry","Bottled Tornado","InkBottle","Boot"],"acts_visited":["Exordium","TheCity","TheBeyond"],"potions_floor_usage":[4,12,16,16,16,16,16,20,24,33,33,39,44,50],"damage_taken":[{"damage":15,"enemies":"Cultist","floor":1,"turns":6},{"damage":2,"enemies":"2 Louse","floor":2,"turns":4},{"damage":5,"enemies":"Small Slimes","floor":3,"turns":4},{"damage":23,"enemies":"Exordium Thugs","floor":4,"turns":6},{"damage":12,"enemies":"Blue Slaver","floor":5,"turns":5},{"damage":52,"enemies":"Lagavulin","floor":6,"turns":10},{"damage":12,"enemies":"2 Fungi Beasts","floor":11,"turns":3},{"damage":12,"enemies":"Exordium Thugs","floor":12,"turns":4},{"damage":10,"enemies":"Gremlin Gang","floor":14,"turns":2},{"damage":30,"enemies":"Hexaghost","floor":16,"turns":8},{"damage":21,"enemies":"2 Thieves","floor":18,"turns":4},{"damage":0,"enemies":"3 Byrds","floor":19,"turns":4},{"damage":24,"enemies":"Shelled Parasite and Fungi","floor":20,"turns":8},{"damage":21,"enemies":"3 Cultists","floor":22,"turns":5},{"damage":6,"enemies":"Snecko","floor":24,"turns":4},{"damage":7,"enemies":"Snake Plant","floor":27,"turns":3},{"damage":13,"enemies":"Centurion and Healer","floor":29,"turns":5},{"damage":19,"enemies":"Cultist and Chosen","floor":31,"turns":5},{"damage":66,"enemies":"Champ","floor":33,"turns":12},{"damage":0,"enemies":"Orb Walker","floor":35,"turns":3},{"damage":9,"enemies":"3 Shapes","floor":36,"turns":5},{"damage":8,"enemies":"Jaw Worm Horde","floor":37,"turns":4},{"damage":41,"enemies":"Spire Growth","floor":39,"turns":6},{"damage":5,"enemies":"Sphere and 2 Shapes","floor":42,"turns":3},{"damage":37,"enemies":"Reptomancer","floor":44,"turns":5},{"damage":16,"enemies":"3 Darklings","floor":46,"turns":3},{"damage":0,"enemies":"Spire Growth","floor":48,"turns":3},{"damage":105,"enemies":"Donu and Deca","floor":50,"turns":6}],"seed_played":"-6443583394790114248","potions_obtained":[{"floor":2,"key":"FearPotion"},{"floor":3,"key":"Fruit Juice"},{"floor":4,"key":"Block Potion"},{"floor":6,"key":"EntropicBrew"},{"floor":18,"key":"Block Potion"},{"floor":20,"key":"Swift Potion"},{"floor":22,"key":"SteroidPotion"},{"floor":24,"key":"Dexterity Potion"},{"floor":36,"key":"Ancient Potion"},{"floor":37,"key":"Energy Potion"},{"floor":48,"key":"Strength Potion"}],"is_trial":false,"path_per_floor":["M","M","M","M","M","E","$","R","T","R","M","M","?","M","R","B",null,"M","M","M","$","M","R","M","?","T","M","T","M","$","M","R","B",null,"M","M","M","$","M","R","$","M","T","E","R","M","?","M","R","B"],"character_chosen":"IRONCLAD","items_purchased":["Carnage","Clothesline","Bandage Up","Seeing Red","Pommel Strike","Whirlwind","Cleave","Twin Strike","Shockwave","Bludgeon","Infernal Blade","Anger"],"campfire_rested":2,"item_purchase_floors":[7,7,7,21,21,21,30,30,30,38,38,41],"current_hp_per_floor":[71,75,76,64,58,12,12,37,37,37,34,37,37,36,61,46,85,79,85,75,75,69,69,72,72,79,86,86,88,88,84,84,33,95,95,98,98,98,75,75,75,88,88,75,75,77,77,98,98,0,0],"gold":99,"neow_bonus":"RANDOM_COMMON_RELIC","is_daily":false,"chose_seed":false,"campfire_upgraded":3,"win_rate":0.0,"timestamp":1609548325,"path_taken":["M","M","M","M","M","E","?","R","T","R","M","M","?","M","R","BOSS","M","M","M","$","M","R","M","?","T","M","?","M","$","M","R","BOSS","M","M","M","$","M","R","$","M","T","E","R","M","?","M","R","BOSS"],"items_purchased_type":["Card","Card","Card","Card","Card","Card","Card","Card","Card","Card","Card","Card"],"build_version":"2020-12-22","purchased_purges":0,"victory":false,"max_hp_per_floor":[80,80,80,85,85,85,85,85,85,85,85,85,85,85,85,85,85,85,85,85,85,85,85,85,85,92,95,95,95,95,95,95,95,95,95,98,98,98,98,98,98,98,98,98,98,98,98,98,98,98,98],"card_choices":[{"not_picked":["Warcry","Thunderclap"],"picked":"Fire Breathing","floor":1},{"not_picked":["Flex","Body Slam"],"picked":"Flame Barrier","floor":2},{"not_picked":["Ghostly Armor","Iron Wave"],"picked":"Uppercut","floor":3},{"not_picked":["Twin Strike","Clothesline"],"picked":"Dropkick","floor":4},{"not_picked":["Warcry","Fire Breathing"],"picked":"Rage","floor":5},{"not_picked":["Offering","Dual Wield"],"picked":"Whirlwind","floor":6},{"not_picked":["Burning Pact","Body Slam"],"picked":"Shrug It Off","floor":11},{"not_picked":["Rampage","Clothesline"],"picked":"Anger","floor":12},{"not_picked":["Disarm","True Grit"],"picked":"Iron Wave","floor":14},{"not_picked":["Double Tap","Fiend Fire"],"picked":"Feed","floor":16},{"not_picked":["Clothesline","Warcry+1"],"picked":"Flex+1","floor":18},{"not_picked":["Shrug It Off","Rage"],"picked":"Iron Wave","floor":19},{"not_picked":["Armaments","Perfected Strike"],"picked":"Thunderclap","floor":20},{"not_picked":["Feel No Pain","Body Slam"],"picked":"Infernal Blade","floor":22},{"not_picked":["Dropkick","Thunderclap"],"picked":"Intimidate","floor":24},{"not_picked":["Rupture","Impervious"],"picked":"Clash","floor":27},{"not_picked":["Shrug It Off","Iron Wave"],"picked":"Twin Strike+1","floor":29},{"not_picked":["Bloodletting","Whirlwind"],"picked":"Cleave","floor":31},{"not_picked":["Double Tap","Offering"],"picked":"Impervious","floor":33},{"not_picked":["Sword Boomerang+1","Blood for Blood"],"picked":"Searing Blow","floor":35},{"not_picked":["Clash","Twin Strike"],"picked":"Cleave","floor":36},{"not_picked":["Warcry+1","Clothesline+1"],"picked":"Headbutt+1","floor":37},{"not_picked":["Headbutt","Reckless Charge+1"],"picked":"Perfected Strike","floor":39},{"not_picked":["Bludgeon","Clothesline+1"],"picked":"Cleave+1","floor":42},{"not_picked":["Blood for Blood","Shrug It Off"],"picked":"Warcry+1","floor":44},{"not_picked":["Combust+1","Perfected Strike"],"picked":"Flex+1","floor":46},{"not_picked":["Disarm","Sever Soul"],"picked":"Shrug It Off+1","floor":48}],"player_experience":16220,"relics_obtained":[{"floor":6,"key":"Magic Flower"},{"floor":9,"key":"HornCleat"},{"floor":26,"key":"Strawberry"},{"floor":28,"key":"Bottled Tornado"},{"floor":43,"key":"InkBottle"},{"floor":44,"key":"Boot"}],"event_choices":[{"damage_healed":0,"gold_gain":0,"player_choice":"Box","damage_taken":0,"relics_obtained":["Girya"],"max_hp_gain":0,"max_hp_loss":0,"event_name":"Big Fish","floor":13,"gold_loss":0,"cards_obtained":["Regret"]},{"damage_healed":0,"gold_gain":0,"player_choice":"Inject Mutagens","damage_taken":0,"relics_obtained":["MutagenicStrength"],"max_hp_gain":0,"max_hp_loss":0,"event_name":"Drug Dealer","floor":25,"gold_loss":0},{"damage_healed":0,"gold_gain":0,"player_choice":"Bought 0 Potions","damage_taken":0,"max_hp_gain":0,"max_hp_loss":0,"event_name":"The Woman in Blue","floor":47,"gold_loss":0}],"is_beta":false,"boss_relics":[{"not_picked":["Tiny House","SacredBark"],"picked":"Velvet Choker"},{"not_picked":["Coffee Dripper","Busted Crown"],"picked":"Black Blood"}],"items_purged_floors":[],"is_endless":false,"potions_floor_spawned":[2,3,4,6,11,18,20,22,24,36,37,48],"killed_by":"Donu and Deca","ascension_level":0}}