{"host":"dcj2yvrgcvh5dl2s","time":1609586921,"event":{"mods":["BaseMod","Better Note","Block Reminder","Colored Powertips","DeckTracker","Minty Spire (QoL Compilation)","Quick Restart","Rare Cards Sparkle","Relic Stats","StSLib"],"gold_per_floor":[111,111,111,127,28,28,28],"floor_reached":6,"playtime":121,"items_purged":["Pain"],"score":65,"play_id":"8f16d01f-bc5f-4d82-a7da-3d6d07837bbf","local_time":"20210102212841","is_ascension_mode":true,"campfire_choices":[],"circlet_count":0,"master_deck":["AscendersBane","Strike_R","Strike_R","Strike_R","Strike_R","Strike_R","Defend_R","Defend_R","Defend_R","Defend_R","Bash","Limit Break","Shrug It Off","Shrug It Off"],"relics":["Burning Blood","Golden Idol"],"acts_visited":["Exordium"],"potions_floor_usage":[],"damage_taken":[{"damage":21,"enemies":"Jaw Worm","floor":1,"turns":3},{"damage":11,"enemies":"Small Slimes","floor":4,"turns":3},{"damage":60,"enemies":"Lagavulin","floor":6,"turns":6}],"seed_played":"-8119998306508711197","potions_obtained":[],"is_trial":false,"path_per_floor":["M","?","?","M","$","E"],"character_chosen":"IRONCLAD","items_purchased":["Shrug It Off"],"campfire_rested":0,"item_purchase_floors":[5],"current_hp_per_floor":[53,53,53,48,48,0,0],"gold":28,"neow_bonus":"THREE_RARE_CARDS","is_daily":false,"chose_seed":false,"campfire_upgraded":0,"win_rate":0.0,"timestamp":1609586921,"path_taken":["M","?","?","?","?","E"],"items_purchased_type":["Card"],"build_version":"2020-12-22","purchased_purges":1,"victory":false,"max_hp_per_floor":[75,68,68,68,68,68,68],"relic_stats":{"counters":[3,12],"Golden Idol":3,"obtain_stats":[{"Golden Idol":2,"Burning Blood":0},{"Golden Idol":1,"Burning Blood":0},{"Golden Idol":3,"Burning Blood":0}],"Burning Blood":12},"card_choices":[{"not_picked":["Fiend Fire","Juggernaut"],"picked":"Limit Break","floor":0},{"not_picked":["True Grit","Reckless Charge","Evolve"],"picked":"SKIP","floor":1},{"not_picked":["Feel No Pain","Shockwave"],"picked":"Shrug It Off","floor":4}],"player_experience":2145642,"relics_obtained":[],"event_choices":[{"damage_healed":0,"gold_gain":0,"player_choice":"Lose Max HP","damage_taken":0,"relics_obtained":["Golden Idol"],"max_hp_gain":0,"max_hp_loss":7,"event_name":"Golden Idol","floor":2,"gold_loss":0},{"damage_healed":0,"gold_gain":0,"player_choice":"Ignored","damage_taken":0,"max_hp_gain":0,"max_hp_loss":0,"event_name":"Upgrade Shrine","floor":3,"gold_loss":0}],"is_beta":false,"boss_relics":[],"items_purged_floors":[5],"is_endless":false,"potions_floor_spawned":[],"killed_by":"Lagavulin","ascension_level":18}}