{"host":"yck2t2q3ro7hf56e","time":1609592450,"event":{"mods":["Act Like it!","Arknights The Spire","BaseMod","Custom Start","DNKmod","Friendly Minions","Hubris","Minty Spire (QoL Compilation)","Quick Restart","Rare Cards Sparkle","Replay The Spire","Slay the Relics Exporter","StSLib","The Construct","The Marked","Virulent Crown"],"gold_per_floor":[10012,9303,9320,9395,9360,9360,9386,9386,9454,9471,9471,9489,9499,9514,9514,9609,9609,9624,9619,9632,9647,9647,9647,9660,9671,9696,9718,9107,9131,9181,8657,8657,8768,8768,8780,8780,8036,8061,8086,8086,8086,8086,8117,8117,8144,8168,8188,8188,8236,8270,8270,8292],"floor_reached":53,"playtime":15447,"items_purged":[],"score":990,"play_id":"1318086b-a879-494d-bac1-434d3f926780","local_time":"20210102130050","is_ascension_mode":false,"campfire_choices":[{"data":"Zap","floor":6,"key":"SMITH"},{"data":"Stack","floor":8,"key":"SMITH"},{"data":"Genetic Algorithm","floor":15,"key":"SMITH"},{"data":"Ball Lightning","floor":23,"key":"SMITH"},{"data":"Capacitor","floor":32,"key":"SMITH"},{"data":"1","floor":42,"key":"LIFT"},{"data":"2","floor":48,"key":"LIFT"},{"data":"3","floor":51,"key":"LIFT"}],"circlet_count":0,"master_deck":["Strike_B+2","Strike_B","Strike_B","Defend_B","Defend_B","Defend_B+2","Defend_B","Zap+1","Dualcast","Conserve Battery+1","Storm","Storm","Stack+1","Ball Lightning","Genetic Algorithm+1","hubris:Ukulele","hubris:Wrath","Ball Lightning+1","hubris:Ukulele","Tempest+1","Defragment","Melter+1","Melter","Leap","Capacitor+1","Thunder Strike","Leap+1","ReplayTheSpireMod:Reroute Power","Conserve Battery","FIFO Queue"],"relics":["Cracked Core","DollysMirror","hubris:MysteriousPyramids","Sundial","War Paint","Iron Hammer","Ring of Hypnosis","Ring of Peace","Ring of Chaos","ReplayTheSpireMod:CursedCoin","Blue Doll","Replay:Bandana","Quantum Egg","Frozen Eye","ReplayTheSpireMod:TigerMarble","Toy Ornithopter","Geode","Lee\u0027s Waffle","Whetstone","Inserter","hubris:Towel","Chemical X","Vajra","Girya","Prayer Wheel","Replay:Wax Seal","Simple Rune","FossilizedHelix"],"acts_visited":["Exordium","TheCity","TheBeyond"],"potions_floor_usage":[16,21,30,33,33,38,39,52],"damage_taken":[{"damage":0,"enemies":"Small Slimes","floor":1,"turns":2},{"damage":6,"enemies":"Jaw Worm","floor":3,"turns":3},{"damage":13,"enemies":"Lagavulin","floor":7,"turns":6},{"damage":0,"enemies":"2 Louse","floor":10,"turns":3},{"damage":0,"enemies":"Exordium Wildlife","floor":12,"turns":6},{"damage":0,"enemies":"2 Fungi Beasts","floor":13,"turns":3},{"damage":0,"enemies":"Gremlin Gang","floor":14,"turns":4},{"damage":21,"enemies":"Fading Forest","floor":16,"turns":11},{"damage":0,"enemies":"Shell Parasite","floor":18,"turns":7},{"damage":0,"enemies":"3 Byrds","floor":20,"turns":4},{"damage":2,"enemies":"Centurion and Healer","floor":21,"turns":9},{"damage":0,"enemies":"Cultist and Chosen","floor":24,"turns":4},{"damage":0,"enemies":"Chosen and Byrds","floor":25,"turns":5},{"damage":12,"enemies":"Snake Plant","floor":27,"turns":3},{"damage":0,"enemies":"Snecko","floor":29,"turns":2},{"damage":12,"enemies":"Gremlin Leader","floor":30,"turns":5},{"damage":19,"enemies":"Pondfish","floor":33,"turns":9},{"damage":0,"enemies":"Orb Walker","floor":35,"turns":3},{"damage":0,"enemies":"3 Darklings","floor":38,"turns":4},{"damage":10,"enemies":"Jaw Worm Horde","floor":39,"turns":4},{"damage":0,"enemies":"Transient","floor":43,"turns":5},{"damage":11,"enemies":"3 Darklings","floor":46,"turns":3},{"damage":0,"enemies":"Spire Growth","floor":47,"turns":4},{"damage":43,"enemies":"Reptomancer","floor":49,"turns":5},{"damage":17,"enemies":"Jaw Worm Horde","floor":50,"turns":4},{"damage":45,"enemies":"hubris:GrandSnecko","floor":52,"turns":8}],"seed_played":"2410486342835818400","potions_obtained":[{"floor":12,"key":"SmokeBomb"},{"floor":13,"key":"Energy Potion"},{"floor":14,"key":"Fire Potion"},{"floor":16,"key":"EssenceOfSteel"},{"floor":21,"key":"Adrenaline Potion"},{"floor":27,"key":"ColorlessPotion"},{"floor":30,"key":"Block Potion"},{"floor":33,"key":"Doom Potion"},{"floor":35,"key":"LifebloodPotion"},{"floor":38,"key":"AttackPotion"},{"floor":49,"key":"Explosive Potion"}],"is_trial":false,"path_per_floor":["M","$","M","?","?","R","E","R","T","M","?","M","M","M","R","B",null,"M","$","M","M","?","R","M","M","T","M","$","M","E","$","R","B",null,"M","?","$","M","M","PTL","PTL","R","M","?","T","M","M","R","E","M","R","B",null],"character_chosen":"DEFECT","items_purchased":["Storm","DollysMirror","hubris:MysteriousPyramids","Sundial","ReplayTheSpireMod:CursedCoin","Blue Doll","Quantum Egg","Frozen Eye","Defragment","Melter","ReplayTheSpireMod:TigerMarble","Capacitor","Geode","Lee\u0027s Waffle","Whetstone","Chemical X","Vajra","Girya","ReplayTheSpireMod:Fabricate Wheel"],"campfire_rested":0,"item_purchase_floors":[2,2,2,2,19,19,28,28,28,28,28,31,31,31,31,37,37,37,37],"current_hp_per_floor":[1000,1000,994,983,1000,1000,987,987,987,987,987,987,987,987,987,976,1000,1000,1000,1000,998,998,998,998,998,998,986,986,986,974,1007,1007,988,1007,1007,1007,1007,1007,997,997,997,997,1003,1003,1003,992,992,992,949,932,932,892],"gold":8292,"neow_bonus":"REMOVE_CARD","is_daily":false,"chose_seed":false,"campfire_upgraded":5,"win_rate":0.0,"timestamp":1609592450,"path_taken":["M","$","M","?","?","R","E","R","T","M","?","M","?","M","R","BOSS","M","$","M","M","?","R","M","M","T","M","$","?","E","?","R","BOSS","M","?","$","M","M","PTL","PTL","R","M","?","T","?","?","R","E","?","R","BOSS"],"items_purchased_type":["Card","Relic","Relic","Relic","Relic","Relic","Relic","Relic","Card","Card","Relic","Card","Relic","Relic","Relic","Relic","Relic","Relic","Card"],"build_version":"2020-12-22","purchased_purges":0,"victory":true,"max_hp_per_floor":[1000,1000,1000,1000,1000,1000,1000,1000,1000,1000,1000,1000,1000,1000,1000,1000,1000,1000,1000,1000,1000,1000,1000,1000,1000,1000,1000,1000,1000,1000,1007,1007,1007,1007,1007,1007,1007,1007,1007,1007,1007,1007,1007,1007,1007,1007,1007,1007,1007,1007,1007,1007],"card_choices":[{"not_picked":["Rebound","Lockon"],"picked":"Conserve Battery","floor":1},{"not_picked":["Panic Button","Fusion"],"picked":"Stack","floor":3},{"not_picked":["Reinforced Body","Storm","Echo Form"],"picked":"SKIP","floor":7},{"not_picked":["Time Bomb","Barrage","Aggregate"],"picked":"SKIP","floor":10},{"not_picked":["ReplayTheSpireMod:Repulse","Storm"],"picked":"Ball Lightning","floor":12},{"not_picked":["Sweeping Beam","Redo"],"picked":"Genetic Algorithm","floor":13},{"not_picked":["Streamline","Compile Driver","Redo"],"picked":"SKIP","floor":14},{"not_picked":["Panic Button","FIFO Queue+1"],"picked":"hubris:Ukulele","floor":18},{"not_picked":["Genetic Algorithm","Hologram"],"picked":"Ball Lightning","floor":20},{"not_picked":["Beam Cell","Redo+1","Gash"],"picked":"SKIP","floor":21},{"not_picked":["Steam","Undo","Streamline"],"picked":"SKIP","floor":24},{"not_picked":["Leap+1","Gash"],"picked":"Tempest+1","floor":25},{"not_picked":["Machine Learning","Panic Button","Aggregate"],"picked":"SKIP","floor":27},{"not_picked":["Gash","Coolheaded"],"picked":"Leap","floor":29},{"not_picked":["Ball Lightning","Conserve Battery","Sunder"],"picked":"SKIP","floor":30},{"not_picked":["hubris:SpecializedCircuitry","ReplayTheSpireMod:Omega Cannon"],"picked":"Thunder Strike","floor":33},{"not_picked":["Doom and Gloom","Gash+1","BasicCrystalCard"],"picked":"SKIP","floor":35},{"not_picked":["Rebound","Doom and Gloom+1","ReplayTheSpireMod:System Scan+1"],"picked":"SKIP","floor":38},{"not_picked":["Darkness","Lockon+1","Sweeping Beam+1"],"picked":"SKIP","floor":38},{"not_picked":["Cold Snap","Redo","Tempest+1"],"picked":"SKIP","floor":39},{"not_picked":["Recycle","Cold Snap+1","Rebound+1"],"picked":"SKIP","floor":39},{"not_picked":["Undo+1","Crystallizer+1"],"picked":"Leap+1","floor":43},{"not_picked":["ReplayGash+1","Hello World+1","Go for the Eyes"],"picked":"SKIP","floor":43},{"not_picked":["Panic Button","Machine Learning"],"picked":"ReplayTheSpireMod:Reroute Power","floor":46},{"not_picked":["Time Bomb","Double Energy+1","Redo+1"],"picked":"SKIP","floor":46},{"not_picked":["Redo","Sunder+1"],"picked":"Conserve Battery","floor":47},{"not_picked":["Coolheaded+1","ReplayTheSpireMod:GoodbyeWorld+1","Panic Button+1"],"picked":"SKIP","floor":47},{"not_picked":["Blizzard+1","Turbo"],"picked":"FIFO Queue","floor":49},{"not_picked":["Steam","Leap","Streamline+1"],"picked":"SKIP","floor":50},{"not_picked":["Sunder+1","Conserve Battery+1","Redo"],"picked":"SKIP","floor":50}],"player_experience":118862,"relics_obtained":[{"floor":7,"key":"War Paint"},{"floor":9,"key":"Iron Hammer"},{"floor":11,"key":"Ring of Hypnosis"},{"floor":11,"key":"Ring of Peace"},{"floor":26,"key":"Replay:Bandana"},{"floor":30,"key":"Toy Ornithopter"},{"floor":45,"key":"Simple Rune"},{"floor":49,"key":"FossilizedHelix"}],"event_choices":[{"damage_healed":0,"gold_gain":75,"player_choice":"Gather Gold","damage_taken":11,"max_hp_gain":0,"max_hp_loss":0,"event_name":"World of Goop","floor":4,"gold_loss":0},{"damage_healed":250,"gold_gain":0,"player_choice":"Healed","damage_taken":0,"max_hp_gain":0,"max_hp_loss":0,"event_name":"The Cleric","floor":5,"gold_loss":35},{"damage_healed":0,"gold_gain":0,"player_choice":"Copied","damage_taken":0,"max_hp_gain":0,"max_hp_loss":0,"event_name":"Duplicator","floor":22,"gold_loss":0,"cards_obtained":["hubris:Ukulele"]},{"damage_healed":0,"gold_gain":0,"player_choice":"Gave Potion","damage_taken":0,"relics_obtained":["Replay:Wax Seal"],"max_hp_gain":0,"max_hp_loss":0,"event_name":"WeMeetAgain","floor":44,"gold_loss":0}],"is_beta":false,"boss_relics":[{"not_picked":["Snecko Eye","Sozu"],"picked":"Ring of Chaos"},{"not_picked":["Coffee Dripper","hubris:CrackedHourglass"],"picked":"Inserter"}],"items_purged_floors":[],"is_endless":false,"potions_floor_spawned":[12,13,14,16,21,24,27,30,33,35,38,49],"ascension_level":0}}