{"host":"sc0o2qwpf9j16a4i","time":1609613654,"event":{"mods":["AchievementEnabler","BaseMod","BetterRewards","Block Reminder","Colored Map","Colored Powertips","Custom Start","Highlight Path","Minty Spire (QoL Compilation)","Relic Stats"],"gold_per_floor":[114,137,153,153,166,166,178,207,207,207,207,233,251,271,271,342,342,356,376,0,0,17,17,47,47,47,47,47],"floor_reached":27,"playtime":1001,"items_purged":["Strike_G"],"score":686,"play_id":"413dd22b-05c5-41fa-8983-be4e5bb46153","local_time":"20210102205414","is_ascension_mode":true,"campfire_choices":[{"data":"Noxious Fumes","floor":6,"key":"SMITH"},{"floor":11,"key":"REST"},{"data":"Crippling Poison","floor":15,"key":"SMITH"},{"floor":23,"key":"REST"}],"circlet_count":0,"master_deck":["AscendersBane","Strike_G","Defend_G","Defend_G","Defend_G","Defend_G","Survivor","Neutralize","Noxious Fumes+1","Crippling Poison+1","Sucker Punch","Bouncing Flask","Calculated Gamble","Quick Slash","Terror","Caltrops","Acrobatics","Footwork","Flying Knee","Footwork","Dodge and Roll","Tools of the Trade","Skewer","Catalyst"],"relics":["Ring of the Snake","Vajra","Lee\u0027s Waffle","Art of War","Orichalcum","Gremlin Horn","Shuriken","Snecko Eye","Regal Pillow","Ancient Tea Set","Smiling Mask"],"acts_visited":["Exordium","TheCity"],"potions_floor_usage":[8,14,19,27],"damage_taken":[{"damage":3,"enemies":"Cultist","floor":1,"turns":5},{"damage":4,"enemies":"Jaw Worm","floor":3,"turns":3},{"damage":6,"enemies":"2 Louse","floor":5,"turns":3},{"damage":1,"enemies":"Red Slaver","floor":7,"turns":3},{"damage":23,"enemies":"3 Sentries","floor":8,"turns":7},{"damage":20,"enemies":"Lagavulin","floor":12,"turns":8},{"damage":0,"enemies":"Exordium Wildlife","floor":13,"turns":3},{"damage":0,"enemies":"Gremlin Gang","floor":14,"turns":2},{"damage":6,"enemies":"Hexaghost","floor":16,"turns":7},{"damage":11,"enemies":"Spheric Guardian","floor":18,"turns":4},{"damage":10,"enemies":"2 Thieves","floor":19,"turns":4},{"damage":10,"enemies":"Centurion and Healer","floor":22,"turns":6},{"damage":40,"enemies":"Book of Stabbing","floor":24,"turns":7},{"damage":26,"enemies":"3 Cultists","floor":27,"turns":4}],"seed_played":"-2446213999188839745","potions_obtained":[{"floor":7,"key":"DuplicationPotion"},{"floor":8,"key":"Explosive Potion"},{"floor":12,"key":"Swift Potion"},{"floor":13,"key":"Dexterity Potion"},{"floor":18,"key":"GamblersBrew"},{"floor":24,"key":"Ancient Potion"}],"is_trial":false,"path_per_floor":["M","T","M","?","M","R","M","E","T","?","R","E","M","M","R","B",null,"M","M","$","?","M","R","E","$","T","M"],"character_chosen":"THE_SILENT","items_purchased":["Noxious Fumes","Vajra","Lee\u0027s Waffle","Crippling Poison","Sucker Punch","Footwork","Regal Pillow","Dodge and Roll"],"campfire_rested":2,"item_purchase_floors":[0,0,0,0,0,20,20,20],"current_hp_per_floor":[70,70,66,59,53,53,52,29,29,29,50,30,30,30,30,24,61,50,40,40,40,30,66,26,26,26,0,0],"gold":47,"neow_bonus":"","is_daily":false,"chose_seed":false,"campfire_upgraded":2,"win_rate":0.0,"timestamp":1609613654,"path_taken":["M","?","M","?","M","R","M","E","T","?","R","E","M","M","R","BOSS","M","M","$","?","M","R","E","$","T","M"],"items_purchased_type":["Card","Relic","Relic","Card","Card","Card","Relic","Card"],"build_version":"2020-12-22","purchased_purges":1,"victory":false,"max_hp_per_floor":[73,73,73,73,73,73,73,73,73,73,73,73,73,73,73,73,73,73,73,73,73,73,73,73,73,73,73,73],"relic_stats":{"Lee\u0027s Waffle":39,"Regal Pillow":44,"Gremlin Horn":[17,17],"counters":[31,177],"Shuriken":[4],"Snecko Eye":[320,296,310,315],"Art of War":[34],"Orichalcum":[126],"Smiling Mask":0,"obtain_stats":[{"Lee\u0027s Waffle":0,"Regal Pillow":20,"Tiny House":0,"Gremlin Horn":9,"Nilry\u0027s Codex":20,"Blue Candle":7,"Vajra":0,"Odd Mushroom":12,"Orichalcum":8,"Ancient Tea Set":24,"Smiling Mask":26,"Sozu":17,"OrangePellets":3,"Busted Crown":34,"Sundial":9,"Shuriken":12,"Strawberry":26,"Snecko Eye":17,"Molten Egg 2":28,"Red Mask":38,"Art of War":2,"Ring of the Snake":0},{"Lee\u0027s Waffle":17,"Regal Pillow":28,"Tiny House":0,"Gremlin Horn":22,"Nilry\u0027s Codex":10,"Blue Candle":4,"Vajra":17,"Odd Mushroom":6,"Orichalcum":22,"Ancient Tea Set":30,"Smiling Mask":30,"Sozu":8,"OrangePellets":2,"Busted Crown":14,"Sundial":5,"Shuriken":23,"Strawberry":12,"Snecko Eye":26,"Molten Egg 2":13,"Red Mask":16,"Art of War":18,"Ring of the Snake":0},{"Lee\u0027s Waffle":111,"Regal Pillow":160,"Tiny House":0,"Gremlin Horn":132,"Nilry\u0027s Codex":64,"Blue Candle":23,"Vajra":111,"Odd Mushroom":33,"Orichalcum":132,"Ancient Tea Set":173,"Smiling Mask":173,"Sozu":52,"OrangePellets":8,"Busted Crown":94,"Sundial":27,"Shuriken":140,"Strawberry":77,"Snecko Eye":152,"Molten Egg 2":83,"Red Mask":108,"Art of War":116,"Ring of the Snake":0}],"Ring of the Snake":[28]},"card_choices":[{"not_picked":["Deadly Poison","Accuracy"],"picked":"Bouncing Flask","floor":1},{"not_picked":["Prepared","Endless Agony"],"picked":"Calculated Gamble","floor":3},{"not_picked":["Flechettes","Reflex"],"picked":"Quick Slash","floor":5},{"not_picked":["Slice","Underhanded Strike"],"picked":"Terror","floor":7},{"not_picked":["Escape Plan","Endless Agony"],"picked":"Caltrops","floor":8},{"not_picked":["Noxious Fumes","Catalyst"],"picked":"Footwork","floor":12},{"not_picked":["Footwork","Noxious Fumes"],"picked":"Flying Knee","floor":13},{"not_picked":["Riddle With Holes","Expertise","Sucker Punch"],"picked":"SKIP","floor":14},{"not_picked":["Expertise","Caltrops","Prepared"],"picked":"SKIP","floor":18},{"not_picked":["Cloak And Dagger","Deflect","Backstab"],"picked":"SKIP","floor":19},{"not_picked":["Riddle With Holes","Deflect","Dagger Spray"],"picked":"SKIP","floor":22},{"not_picked":["Outmaneuver","Bouncing Flask"],"picked":"Catalyst","floor":24}],"player_experience":517645,"relics_obtained":[{"floor":2,"key":"Art of War"},{"floor":8,"key":"Orichalcum"},{"floor":9,"key":"Gremlin Horn"},{"floor":12,"key":"Shuriken"},{"floor":24,"key":"Ancient Tea Set"},{"floor":26,"key":"Smiling Mask"}],"event_choices":[{"cards_removed":["Strike_G"],"damage_healed":0,"gold_gain":0,"player_choice":"Card Removal","damage_taken":7,"max_hp_gain":0,"max_hp_loss":0,"event_name":"Golden Wing","floor":4,"gold_loss":0},{"damage_healed":0,"gold_gain":0,"cards_transformed":["Strike_G"],"player_choice":"Transformed","damage_taken":0,"max_hp_gain":0,"max_hp_loss":0,"event_name":"Transmorgrifier","floor":10,"gold_loss":0,"cards_obtained":["Acrobatics"]},{"damage_healed":0,"gold_gain":0,"cards_transformed":["Defend_G","Strike_G"],"player_choice":"Became Test Subject","damage_taken":0,"max_hp_gain":0,"max_hp_loss":0,"event_name":"Drug Dealer","floor":21,"gold_loss":0,"cards_obtained":["Tools of the Trade","Skewer"]}],"is_beta":false,"boss_relics":[{"not_picked":["Coffee Dripper","Cursed Key"],"picked":"Snecko Eye"}],"items_purged_floors":[20],"is_endless":false,"potions_floor_spawned":[7,8,12,13,18,24],"killed_by":"3 Cultists","ascension_level":20}}