{"host":"ecuvtzmejf7hhjpv","time":1609624366,"event":{"mods":["AchievementEnabler","Act Like it!","Aspiration","BaseMod","Better Altar","Better Match","Better Note","Better Sensory Stone","Better Skull","Better Third Choice","BetterRewards","Conspire","Custom Start","Gensokyo","GifTheSpireLib","Hallownest","Hermit","Hubris","Kratos Character Expansion","Marisa????????","Minty Spire (QoL Compilation)","Prisma Mod","Replay The Spire","Spicy Shops","StSLib","The Animator","The Blackbeard","The Bug Knight","The Forsaken","The Hierophant","The Jungle","The Necromancer","The Poker Player","The Wild Card"],"gold_per_floor":[115,125,125,145,182,208,225,257,257,220,220,245,245,245,245,341,341,356,376,390,406,276,308,308,339,365,395,411,411,426,426,426,530,530,544,469,429,429,445,345,370,370,370,402,402,414,442,455,455,455,455,455,73,98,98],"floor_reached":56,"playtime":1884,"items_purged":["hubris:Gluttony"],"score":1806,"play_id":"282af762-dee0-401d-bf01-8473ce9f6065","local_time":"20210102155246","is_ascension_mode":true,"campfire_choices":[{"data":"Pommel Strike","floor":13,"key":"SMITH"},{"data":"Demon Form","floor":15,"key":"SMITH"},{"data":"ReplayTheSpireMod:LeadingStrike","floor":24,"key":"SMITH"},{"data":"Defend_R","floor":29,"key":"SMITH"},{"floor":32,"key":"DIG"},{"floor":45,"key":"RECALL"},{"data":"Limit Break","floor":49,"key":"SMITH"},{"data":"Offering","floor":52,"key":"SMITH"}],"circlet_count":0,"master_deck":["Strike_R","Strike_R","Strike_R","Strike_R","Strike_R","Defend_R","Defend_R","Bash","Iron Wave","Pommel Strike+1","Limit Break+1","Armaments+1","True Grit+1","Demon Form+1","hubris:StunningStrike","ReplayTheSpireMod:LeadingStrike+1","Clothesline+1","Flex+1","Finesse","hubris:CleavingFinish+1","Dual Wield+1","Pot Of Greed","Pot Of Greed","Pot Of Greed","Iron Wave","Uppercut+1","Reaper","Impervious","Heavy Blade","Offering+1","Sword Boomerang"],"relics":["Burning Blood","Chemical X","hubris:OldNail","Lantern","HollowMod:PaleOreRelic","Matryoshka","Mirror","CaptainsWheel","hubris:Icosahedron","hubris:Reverence","Black Star","Centennial Puzzle","Charon\u0027s Ashes","Happy Flower","Toy Ornithopter","ReplayFunnel","Grinning Jar","BranchBurnRelic","aspiration:AnachronicSnailShell","conspire:Flyswatter","Velvet Choker","Anchor","ReplayTheSpireMod:CursedCoin","Membership Card","hubris:IronBody","ReplayTheSpireMod:Shallot","Vajra","Bottled Tornado","PreservedInsect","hubris:Metronome","conspire:Dentures","Sling","hubris:GlazedTorus","Pantograph","Mummified Hand"],"acts_visited":["Exordium","TheCity","TheBeyond","TheEnding"],"potions_floor_usage":[6,8,16,23,25,25,50,54,55,55],"damage_taken":[{"damage":2,"enemies":"Small Slimes","floor":1,"turns":5},{"damage":0,"enemies":"2 Louse","floor":2,"turns":4},{"damage":1,"enemies":"conspire:RoseBush","floor":4,"turns":5},{"damage":14,"enemies":"conspire:MimicChest","floor":5,"turns":7},{"damage":17,"enemies":"3 Sentries","floor":6,"turns":5},{"damage":9,"enemies":"2 Fungi Beasts","floor":7,"turns":3},{"damage":13,"enemies":"Lagavulin","floor":8,"turns":6},{"damage":9,"enemies":"Gremlin Nob","floor":12,"turns":4},{"damage":48,"enemies":"The Guardian","floor":16,"turns":12},{"damage":0,"enemies":"Spheric Guardian","floor":18,"turns":4},{"damage":16,"enemies":"conspire:FuzzyDice","floor":19,"turns":7},{"damage":11,"enemies":"Cultist and Chosen","floor":20,"turns":5},{"damage":12,"enemies":"Snake Plant","floor":21,"turns":6},{"damage":2,"enemies":"Replay:Snechameleon","floor":23,"turns":4},{"damage":22,"enemies":"Slavers","floor":25,"turns":4},{"damage":5,"enemies":"conspire:SneckoGhost","floor":27,"turns":5},{"damage":6,"enemies":"conspire:HollyBat","floor":28,"turns":7},{"damage":0,"enemies":"Cultist and Chosen","floor":30,"turns":5},{"damage":49,"enemies":"hubris:MusketHawk","floor":33,"turns":8},{"damage":7,"enemies":"Orb Walker","floor":35,"turns":3},{"damage":1,"enemies":"3 Shapes","floor":39,"turns":5},{"damage":0,"enemies":"R_Hoarder","floor":41,"turns":4},{"damage":0,"enemies":"Giant Head","floor":44,"turns":5},{"damage":6,"enemies":"Spire Growth","floor":46,"turns":4},{"damage":6,"enemies":"R_Hoarder","floor":47,"turns":3},{"damage":0,"enemies":"Sphere and 2 Shapes","floor":48,"turns":2},{"damage":8,"enemies":"Awakened One","floor":50,"turns":7},{"damage":6,"enemies":"Shield and Spear","floor":54,"turns":2},{"damage":13,"enemies":"The Heart","floor":55,"turns":6}],"seed_played":"-7326816336226369514","potions_obtained":[{"floor":2,"key":"PowerPotion"},{"floor":5,"key":"BloodPotion"},{"floor":6,"key":"PowerPotion"},{"floor":12,"key":"BlessingOfTheForge"},{"floor":19,"key":"Strength Potion"},{"floor":20,"key":"Languid Potion"},{"floor":30,"key":"Weak Potion"},{"floor":33,"key":"DuplicationPotion"},{"floor":44,"key":"Adrenaline Potion"}],"is_trial":false,"path_per_floor":["M","M","?","M","?","E","M","E","T","$","?","E","R","?","R","B",null,"M","M","M","M","$","E","R","E","T","E","M","R","M","T","R","B",null,"M","$","?","$","M","NS","E","?","T","E","R","M","E","M","R","B",null,"R","$","E","B",null],"character_chosen":"IRONCLAD","items_purchased":["Chemical X","hubris:OldNail","True Grit+1","Finesse","Anchor","ReplayTheSpireMod:CursedCoin","Membership Card","PowerPotion","conspire:Dentures","Sling","hubris:GlazedTorus","PowerPotion"],"campfire_rested":0,"item_purchase_floors":[0,0,10,22,36,36,38,38,53,53,53,53],"current_hp_per_floor":[73,79,72,77,69,58,55,48,48,48,48,45,45,45,45,19,80,80,70,65,59,59,63,63,47,47,48,48,48,68,68,68,71,80,79,79,79,66,71,71,77,77,77,80,80,80,80,80,80,80,80,80,80,80,74],"gold":98,"neow_bonus":"","is_daily":false,"chose_seed":false,"campfire_upgraded":6,"win_rate":0.0,"timestamp":1609624366,"path_taken":["M","M","?","M","?","E","M","E","T","$","?","E","R","?","R","BOSS","M","M","M","M","$","E","R","E","T","E","?","R","?","?","R","BOSS","M","$","?","?","M","NS","E","?","T","E","R","M","E","M","R","BOSS","R","$","E","BOSS"],"items_purchased_type":["Relic","Relic","Card","Card","Relic","Relic","Relic","Potion","Relic","Relic","Relic","Potion"],"build_version":"2020-12-22","purchased_purges":1,"victory":true,"max_hp_per_floor":[80,80,80,80,80,80,80,80,80,80,80,80,80,80,80,80,80,80,80,80,80,80,80,80,80,80,80,80,80,80,80,80,80,80,80,80,80,80,80,80,80,80,80,80,80,80,80,80,80,80,80,80,80,80,80],"card_choices":[{"not_picked":["Burning Pact","hubris:SharpeningStone","Massacre"],"picked":"SKIP","floor":1},{"not_picked":["Perfected Strike","Battle Trance"],"picked":"Iron Wave","floor":2},{"not_picked":["Combust","Wild Strike"],"picked":"Pommel Strike","floor":4},{"not_picked":["Shockwave","Clash"],"picked":"Limit Break","floor":5},{"not_picked":["Body Slam","Sever Soul","Anger"],"picked":"SKIP","floor":6},{"not_picked":["Warcry","Intimidate"],"picked":"Armaments","floor":7},{"not_picked":["Body Slam","Clothesline"],"picked":"Rampage","floor":8},{"not_picked":["Replay:Undeath\u0027s Touch","Armaments"],"picked":"Demon Form","floor":12},{"not_picked":["Eclipse","Demon Form"],"picked":"hubris:StunningStrike","floor":16},{"not_picked":["Perfected Strike","Armaments"],"picked":"ReplayTheSpireMod:LeadingStrike","floor":18},{"not_picked":["Massacre","Perfected Strike+1","Clash"],"picked":"SKIP","floor":19},{"not_picked":["Armaments","Perfected Strike+1"],"picked":"Clothesline+1","floor":20},{"not_picked":["Seeing Red","ReplayReversal"],"picked":"Flex+1","floor":21},{"not_picked":["Second Wind","Flex"],"picked":"hubris:CleavingFinish+1","floor":23},{"not_picked":["Abandon","Armaments"],"picked":"Dual Wield+1","floor":25},{"not_picked":["Warcry+1","Defy Death+1"],"picked":"Iron Wave","floor":27},{"not_picked":["Evolve+1","Rampage"],"picked":"Uppercut+1","floor":28},{"not_picked":["ReplayTheSpireMod:Muscle Training","hubris:ReadiedAction"],"picked":"Reaper","floor":30},{"not_picked":["Demonic Infusion","Brutality"],"picked":"Impervious","floor":33},{"not_picked":["Thunderclap","Shockwave"],"picked":"Heavy Blade","floor":35},{"not_picked":["Hemokinesis+1","Thunderclap","Intimidate"],"picked":"SKIP","floor":39},{"not_picked":["Armaments","Dropkick","Cleave+1"],"picked":"SKIP","floor":41},{"not_picked":["Run Through+1","Dropkick+1"],"picked":"Offering","floor":44},{"not_picked":["Clash+1","Pommel Strike"],"picked":"Sword Boomerang","floor":46},{"not_picked":["True Grit","conspire:HitWhereItHurts","Shrug It Off+1"],"picked":"SKIP","floor":47},{"not_picked":["Clash+1","Battle Trance+1","Replay:Undeath\u0027s Touch+1"],"picked":"SKIP","floor":48},{"not_picked":["Fire Breathing","Reckless Charge","Shrug It Off+1"],"picked":"SKIP","floor":54}],"player_experience":917778,"relics_obtained":[{"floor":5,"key":"HollowMod:PaleOreRelic"},{"floor":6,"key":"Matryoshka"},{"floor":8,"key":"Mirror"},{"floor":9,"key":"CaptainsWheel"},{"floor":12,"key":"hubris:Reverence"},{"floor":23,"key":"Centennial Puzzle"},{"floor":23,"key":"Charon\u0027s Ashes"},{"floor":25,"key":"Happy Flower"},{"floor":25,"key":"Dead Branch"},{"floor":26,"key":"Toy Ornithopter"},{"floor":27,"key":"ReplayFunnel"},{"floor":27,"key":"Grinning Jar"},{"floor":31,"key":"aspiration:AnachronicSnailShell"},{"floor":32,"key":"conspire:Flyswatter"},{"floor":41,"key":"hubris:IronBody"},{"floor":43,"key":"ReplayTheSpireMod:Shallot"},{"floor":44,"key":"Vajra"},{"floor":44,"key":"Bottled Tornado"},{"floor":47,"key":"PreservedInsect"},{"floor":47,"key":"hubris:Metronome"},{"floor":54,"key":"Pantograph"},{"floor":54,"key":"Mummified Hand"}],"event_choices":[{"damage_healed":0,"gold_gain":0,"player_choice":"Relic ","damage_taken":7,"max_hp_gain":0,"max_hp_loss":0,"event_name":"betterThird:BetterScrap","floor":3,"gold_loss":0,"cards_obtained":["Replay:Cycle"]},{"damage_healed":0,"gold_gain":0,"player_choice":"Upgraded","damage_taken":0,"max_hp_gain":0,"max_hp_loss":0,"event_name":"Upgrade Shrine","floor":14,"gold_loss":0,"cards_upgraded":["Armaments"]},{"damage_healed":0,"gold_gain":0,"player_choice":"Upgrade","damage_taken":0,"max_hp_gain":0,"max_hp_loss":0,"event_name":"Designer","floor":37,"gold_loss":40,"cards_upgraded":["Defend_R"]},{"cards_removed":["Rampage"],"damage_healed":0,"gold_gain":0,"player_choice":"Removed Attack","damage_taken":0,"max_hp_gain":0,"max_hp_loss":0,"event_name":"Falling","floor":42,"gold_loss":0}],"is_beta":false,"boss_relics":[{"not_picked":["hubris:VirtuousBlindfold","Honey Jar"],"picked":"Black Star"},{"not_picked":["Snecko Heart","Calling Bell"],"picked":"Velvet Choker"}],"items_purged_floors":[36],"is_endless":false,"potions_floor_spawned":[2,5,6,12,19,20,21,30,33,39,41,44,48],"ascension_level":1}}