{"host":"oeeu8njhzvf3llor","time":1609548038,"event":{"mods":["BaseMod","Better Match","Better Note","Better Skull","Better Third Choice","Hubris","Minty Spire (QoL Compilation)","Rare Cards Sparkle","Replay The Spire","Shop Mod","Spicy Shops","StSLib","Swap Starting Deck Mod"],"gold_per_floor":[119,133,133,148,148,180,180,212,288,302,320,353,353,364,364,465,465,477,489,499,449,449,449,157,170,193,193,225,225,238,119,119,222,222,234,254,254,268,310,310,356,381,454,481,491,511,538,90,90,90],"floor_reached":51,"playtime":1857,"items_purged":["Spreading Infection"],"score":840,"play_id":"8563c93e-5564-4300-b221-2d7bc0688ea7","local_time":"20210101194038","is_ascension_mode":true,"campfire_choices":[{"data":"Perfected Strike","floor":7.0,"key":"SMITH"},{"data":"Cleave","floor":13.0,"key":"SMITH"},{"data":"Twin Strike","floor":15.0,"key":"SMITH"},{"data":"hubris:StunningStrike","floor":23,"key":"SMITH"},{"data":"Pommel Strike","floor":27,"key":"SMITH"},{"data":"Thunderclap","floor":29,"key":"SMITH"},{"data":"Perfected Strike","floor":32,"key":"SMITH"},{"data":"Flex","floor":40,"key":"SMITH"},{"data":"Limit Break","floor":49,"key":"SMITH"}],"circlet_count":0,"master_deck":["Strike_R","Strike_R","Strike_R+1","Strike_R","Strike_R","Defend_R","Defend_R","Defend_R+1","Defend_R","Bash","Cleave+1","ReplayTheSpireMod:Strike From Hell","Perfected Strike+1","Clothesline","Twin Strike+1","Shrug It Off","hubris:StunningStrike+1","Pommel Strike+1","Perfected Strike+1","Pommel Strike","Flex+1","hubris:DuctTapeCard","Infernal Blade+1","ReplayTheSpireMod:Strike From Hell+1","Twin Strike+1","hubris:CleavingFinish+1","Limit Break+1"],"relics":["Burning Blood","hubris:64BitClover","Snack Pack","Toy Ornithopter","Pantograph","Mercury Hourglass","Busted Crown","Happy Flower","Whetstone","MerchantsRug","Regal Pillow","Smiling Mask","hubris:RunicObelisk","hubris:Towel","hubris:DuctTape","Replay:PocketPolymizer","Another Sword","Nunchaku","Onion Ring","Mango","ReplayTheSpireMod:Ninjato","Molten Egg 2"],"acts_visited":["Exordium","TheCity","TheBeyond"],"potions_floor_usage":[33,33,33,41,50,50],"damage_taken":[{"damage":10.0,"enemies":"Small Slimes","floor":1.0,"turns":4.0},{"damage":3.0,"enemies":"Jaw Worm","floor":2.0,"turns":3.0},{"damage":6.0,"enemies":"Cultist","floor":4.0,"turns":3.0},{"damage":17.0,"enemies":"Replay:BlueRogue","floor":6.0,"turns":6.0},{"damage":14.0,"enemies":"3 Sentries","floor":8.0,"turns":5.0},{"damage":5.0,"enemies":"Looter","floor":10.0,"turns":2.0},{"damage":8.0,"enemies":"3 Louse","floor":11.0,"turns":4.0},{"damage":8.0,"enemies":"Lagavulin","floor":12.0,"turns":5.0},{"damage":1.0,"enemies":"Blue Slaver","floor":14.0,"turns":3.0},{"damage":72.0,"enemies":"Hexaghost","floor":16.0,"turns":10.0},{"damage":15,"enemies":"Spheric Guardian","floor":18,"turns":4},{"damage":5,"enemies":"Chosen","floor":19,"turns":3},{"damage":15,"enemies":"Snake Plant","floor":20,"turns":4},{"damage":12,"enemies":"3 Cultists","floor":25,"turns":3},{"damage":9,"enemies":"Gremlin Leader","floor":28,"turns":5},{"damage":7,"enemies":"Centurion and Healer","floor":30,"turns":4},{"damage":45,"enemies":"Automaton","floor":33,"turns":6},{"damage":17,"enemies":"3 Shapes","floor":35,"turns":2},{"damage":0,"enemies":"Orb Walker","floor":36,"turns":2},{"damage":14,"enemies":"Sphere and 2 Shapes","floor":38,"turns":3},{"damage":0,"enemies":"2 Orb Walkers","floor":41,"turns":1},{"damage":37,"enemies":"R_Hoarder","floor":42,"turns":7},{"damage":0,"enemies":"Reptomancer","floor":44,"turns":2},{"damage":16,"enemies":"Transient","floor":45,"turns":5},{"damage":6,"enemies":"Maw","floor":46,"turns":5},{"damage":15,"enemies":"R_Hoarder","floor":47,"turns":3},{"damage":94,"enemies":"hubris:GrandSnecko","floor":50,"turns":7}],"seed_played":"-1057954263568384603","potions_obtained":[{"floor":4.0,"key":"Explosive Potion"},{"floor":6.0,"key":"BlessingOfTheForge"},{"floor":10.0,"key":"Strength Potion"},{"floor":11.0,"key":"Fire Potion"},{"floor":16,"key":"DistilledChaos"},{"floor":19,"key":"Dexterity Potion"},{"floor":35,"key":"Cursed Concoction"},{"floor":36,"key":"Swift Potion"},{"floor":42,"key":"FairyPotion"},{"floor":44,"key":"BlessingOfTheForge"}],"is_trial":false,"path_per_floor":["M","M","?","M","?","E","R","E","T","M","M","E","R","M","R","B",null,"M","M","M","?","?","R","$","M","T","R","E","R","M","$","R","B",null,"M","M","?","M","?","R","?","E","T","E","M","M","E","$","R","B",null],"character_chosen":"IRONCLAD","items_purchased":["Whetstone","MerchantsRug","Pommel Strike","Flex","Molten Egg 2","Limit Break"],"campfire_rested":0,"item_purchase_floors":[24,24,31,31,48,48],"current_hp_per_floor":[76,79,76,76,76,65,65,57,57,58,56,66,66,71,71,14,80,71,74,67,67,67,67,67,65,65,65,66,66,69,69,69,59,80,69,77,77,73,73,73,80,57,57,79,77,83,78,78,78,22],"gold":90,"neow_bonus":"RANDOM_EVENT","is_daily":false,"chose_seed":false,"campfire_upgraded":9,"win_rate":0.0,"timestamp":1609548038,"path_taken":["M","M","?","M","?","E","R","E","T","M","M","E","R","?","R","BOSS","BOSS","M","M","M","?","?","R","$","M","T","R","E","R","M","$","R","BOSS","M","M","?","M","?","R","?","E","T","E","M","M","E","$","R","BOSS"],"items_purchased_type":["Relic","Relic","Card","Card","Relic","Card"],"build_version":"2020-12-22","purchased_purges":1,"victory":true,"max_hp_per_floor":[80,80,80,80,80,80,80,80,80,80,80,80,80,80,80,80,80,80,80,80,80,80,80,80,80,80,80,80,80,80,80,80,80,80,80,80,80,80,80,80,80,80,80,94,94,94,94,94,94,94],"card_choices":[{"not_picked":["Perfected Strike","hubris:ReadiedAction"],"picked":"Cleave","floor":1.0},{"not_picked":["ReplayTheSpireMod:Corrosion Curse","Havoc"],"picked":"ReplayTheSpireMod:Strike From Hell","floor":2.0},{"not_picked":["Run Through","ReplayTheSpireMod:Strike From Hell"],"picked":"Perfected Strike","floor":4.0},{"not_picked":["Fiend Fire","Heavy Blade"],"picked":"Clothesline","floor":6.0},{"not_picked":["Replay:Undeath\u0027s Touch","Clothesline","Abandon"],"picked":"SKIP","floor":8.0},{"not_picked":["Shockwave","Headbutt"],"picked":"Twin Strike","floor":10.0},{"not_picked":["Iron Wave","Intimidate"],"picked":"Shrug It Off","floor":11.0},{"not_picked":["Heavy Blade","ReplayTheSpireMod:Corrosion Curse","Burning Pact"],"picked":"SKIP","floor":12.0},{"not_picked":["Clothesline","Headbutt"],"picked":"Cleave","floor":14.0},{"not_picked":["Reaper","Corruption"],"picked":"hubris:StunningStrike","floor":16},{"not_picked":["Clothesline"],"picked":"SKIP","floor":18},{"not_picked":["Defy Death"],"picked":"SKIP","floor":19},{"not_picked":["Dark Embrace"],"picked":"SKIP","floor":20},{"not_picked":[],"picked":"Pommel Strike","floor":25},{"not_picked":[],"picked":"Thunderclap","floor":28},{"not_picked":[],"picked":"Perfected Strike","floor":30},{"not_picked":["Anger"],"picked":"SKIP","floor":35},{"not_picked":["Flex"],"picked":"SKIP","floor":36},{"not_picked":[],"picked":"Infernal Blade+1","floor":38},{"not_picked":[],"picked":"ReplayTheSpireMod:Strike From Hell+1","floor":41},{"not_picked":["Replay:Many Hands"],"picked":"SKIP","floor":42},{"not_picked":["Dropkick+1"],"picked":"SKIP","floor":44},{"not_picked":["Armaments"],"picked":"SKIP","floor":45},{"not_picked":[],"picked":"Twin Strike+1","floor":46},{"not_picked":[],"picked":"hubris:CleavingFinish+1","floor":47}],"player_experience":486715,"relics_obtained":[{"floor":6.0,"key":"Snack Pack"},{"floor":8.0,"key":"Toy Ornithopter"},{"floor":9.0,"key":"Pantograph"},{"floor":12.0,"key":"Mercury Hourglass"},{"floor":19,"key":"Happy Flower"},{"floor":26,"key":"Regal Pillow"},{"floor":28,"key":"Smiling Mask"},{"floor":38,"key":"hubris:DuctTape"},{"floor":39,"key":"Replay:PocketPolymizer"},{"floor":41,"key":"Another Sword"},{"floor":42,"key":"Nunchaku"},{"floor":43,"key":"Onion Ring"},{"floor":44,"key":"Mango"},{"floor":47,"key":"ReplayTheSpireMod:Ninjato"}],"event_choices":[{"damage_healed":0.0,"max_hp_gain":0.0,"max_hp_loss":0.0,"gold_gain":0.0,"event_name":"betterThird:BetterScrap","player_choice":"Relic ","floor":3.0,"gold_loss":0.0,"damage_taken":3.0,"cards_obtained":["Heatsinks"]},{"damage_healed":0.0,"max_hp_gain":0.0,"max_hp_loss":0.0,"gold_gain":0.0,"event_name":"Purifier","player_choice":"Ignored","floor":5.0,"gold_loss":0.0,"damage_taken":0.0},{"damage_healed":0,"gold_gain":0,"player_choice":"Bet on Owner","damage_taken":0,"max_hp_gain":0,"max_hp_loss":0,"event_name":"The Joust","floor":21,"gold_loss":50},{"damage_healed":0,"gold_gain":0,"player_choice":"Ignored","damage_taken":0,"max_hp_gain":0,"max_hp_loss":0,"event_name":"betterNote:BetterNote","floor":22,"gold_loss":0,"cards_obtained":["Strike_R"]},{"damage_healed":0,"gold_gain":0,"player_choice":"Fight","damage_taken":0,"max_hp_gain":0,"max_hp_loss":0,"event_name":"Mysterious Sphere","floor":41,"gold_loss":0}],"is_beta":false,"boss_relics":[{"not_picked":["SacredBark","Pandora\u0027s Box"],"picked":"Busted Crown"},{"not_picked":["hubris:Stopwatch","ReplayTheSpireMod:Onyx Gauntlets"],"picked":"hubris:RunicObelisk"}],"items_purged_floors":[48],"is_endless":false,"potions_floor_spawned":[4,6,10,11,16,19,20,35,36,42,44,45],"ascension_level":1}}