{"host":"464ef02pwgdzxxwi","time":1609568970,"event":{"mods":["AchievementEnabler","BaseMod","Colored Map","Colored Powertips","DeckTracker","Downfall","Highlight Path","Hubris","Infinite Spire","Minty Spire (QoL Compilation)","Quick Restart","Replay The Spire","StSLib","SuperFastMode"],"gold_per_floor":[118,118,43,60,72,72,72,72,148,148,103,63,83,83,83,83,83],"floor_reached":16,"playtime":576,"items_purged":["Defend_G"],"score":88,"play_id":"67375507-e8ec-48f1-adef-864e5e9178d3","local_time":"20210102072930","is_ascension_mode":false,"campfire_choices":[{"floor":6,"key":"RECALL"},{"floor":10,"key":"REST"},{"floor":15,"key":"REST"}],"circlet_count":0,"master_deck":["Strike_G","Strike_G","Strike_G","Strike_G","Defend_G","Defend_G","Defend_G","Survivor","Neutralize","Looming Evil","ReplayTheSpireMod:Scrap Shanks","Accuracy"],"relics":["Ring of the Snake","NeowsBlessing","Ring of Fangs","ReplayTheSpireMod:Ring of Collecting","ReplayTheSpireMod:Ring of Exchange","White Beast Statue"],"acts_visited":["Exordium"],"potions_floor_usage":[13,16,16,16],"damage_taken":[{"damage":0,"enemies":"2 Louse","floor":1,"turns":1},{"damage":0,"enemies":"Cultist","floor":4,"turns":1},{"damage":0,"enemies":"Jaw Worm","floor":5,"turns":1},{"damage":17,"enemies":"Looter","floor":11,"turns":5},{"damage":36,"enemies":"Large Slime","floor":13,"turns":7},{"damage":57,"enemies":"Fading Forest","floor":16,"turns":8}],"seed_played":"5945808508179946061","potions_obtained":[{"floor":1,"key":"champ:CounterPotion"},{"floor":5,"key":"infinitespire:BlackPotion"},{"floor":11,"key":"Dexterity Potion"},{"floor":13,"key":"LiquidMemories"}],"is_trial":false,"path_per_floor":["M","?","$","M","M","R","?","?","T","R","M","$","M","$","R","B"],"character_chosen":"THE_SILENT","items_purchased":["Accuracy"],"campfire_rested":2,"item_purchase_floors":[12],"current_hp_per_floor":[70,70,70,70,70,70,63,63,63,70,53,53,17,17,38,0,0],"gold":83,"neow_bonus":"THREE_ENEMY_KILL","is_daily":false,"chose_seed":false,"campfire_upgraded":0,"win_rate":0.0,"timestamp":1609568970,"path_taken":["M","?","?","M","?","R","?","?","T","R","M","$","M","$","R","BOSS"],"items_purchased_type":["Card"],"build_version":"2020-12-22","purchased_purges":1,"victory":false,"max_hp_per_floor":[70,70,70,70,70,70,70,70,70,70,70,70,70,70,70,70,70],"card_choices":[{"not_picked":["Distraction","Prepared","Bouncing Flask"],"picked":"SKIP","floor":1},{"not_picked":["Acrobatics","Sucker Punch","Sneak Up"],"picked":"SKIP","floor":4},{"not_picked":["Acrobatics","Poisoned Stab","Replay:Poison Smokescreen"],"picked":"SKIP","floor":5},{"not_picked":["Poisoned Stab","PiercingWail"],"picked":"ReplayTheSpireMod:Scrap Shanks","floor":11},{"not_picked":["Dodge and Roll","Sucker Punch","Expertise"],"picked":"SKIP","floor":13}],"player_experience":195024,"relics_obtained":[{"floor":8,"key":"Ring of Fangs"},{"floor":8,"key":"ReplayTheSpireMod:Ring of Collecting"},{"floor":9,"key":"ReplayTheSpireMod:Ring of Exchange"},{"floor":9,"key":"White Beast Statue"}],"event_choices":[{"cards_removed":["Defend_G"],"damage_healed":0,"gold_gain":0,"player_choice":"Offered Basic","damage_taken":0,"max_hp_gain":0,"max_hp_loss":0,"event_name":"Bonfire Elementals","floor":2,"gold_loss":0},{"cards_removed":["Strike_G"],"damage_healed":0,"gold_gain":0,"player_choice":"Card Removal","damage_taken":7,"max_hp_gain":0,"max_hp_loss":0,"event_name":"Golden Wing","floor":7,"gold_loss":0}],"is_beta":false,"boss_relics":[],"items_purged_floors":[3],"is_endless":false,"potions_floor_spawned":[1,5,11,13],"killed_by":"Fading Forest","ascension_level":0}}