{"host":"raai0vtvcfkt8csp","time":1609615463,"event":{"mods":["2.2 Compatiblity","BaseMod","Beaked The Cultist","Block Reminder","DeckTracker","Defective Defect","GifTheSpireLib","Minty Spire (QoL Compilation)","Quick Restart","Random Character Button","Rare Cards Sparkle","StSLib","Unceasing Turn Reminder"],"gold_per_floor":[118,65,76,87,99,126,126,158,158,168,194,257,290,310,310,405,405,420,519,487,498,498,526,526,561,623,635,635],"floor_reached":27,"playtime":2060,"items_purged":[],"score":297,"play_id":"7ebd2c67-b8b6-4630-9a56-b2e06ad75316","local_time":"20210102202423","is_ascension_mode":true,"campfire_choices":[{"data":"beaked:Ceremony","floor":7,"key":"SMITH"},{"data":"beaked:Ceremony","floor":15,"key":"SMITH"},{"data":"beaked:Ceremony","floor":24,"key":"SMITH"}],"circlet_count":0,"master_deck":["beaked:Strike_Y","beaked:Strike_Y","beaked:Strike_Y","beaked:Strike_Y","beaked:Strike_Y","beaked:Strike_Y","beaked:Defend_Y","beaked:Defend_Y","beaked:Defend_Y","beaked:Defend_Y","beaked:Ceremony+1","beaked:Ceremony+1","beaked:Ceremony+1","beaked:Foresight","beaked:HuntressSpirit","beaked:BloodRitual","beaked:WarriorEssence","beaked:SacrificialDive","beaked:Molting","beaked:DigDeep","beaked:Foresight","beaked:MaddeningMurmurs","beaked:SurvivalInstinct","beaked:DarkTribute","beaked:MachineEssence","beaked:Struggle","beaked:DesperateSwing","beaked:WarriorEssence+1","beaked:Brace","beaked:MimicWarrior"],"relics":["beaked:MendingPlumage","HornCleat","Dead Branch","WingedGreaves","Incense Burner","Oddly Smooth Stone","Omamori","Akabeko","Busted Crown","Blood Vial","MawBank","Boot"],"acts_visited":["Exordium","TheCity"],"potions_floor_usage":[23,25],"damage_taken":[{"damage":11,"enemies":"Jaw Worm","floor":1,"turns":7},{"damage":6,"enemies":"Cultist","floor":3,"turns":5},{"damage":1,"enemies":"2 Louse","floor":4,"turns":5},{"damage":9,"enemies":"2 Fungi Beasts","floor":5,"turns":6},{"damage":27,"enemies":"Gremlin Nob","floor":6,"turns":6},{"damage":34,"enemies":"3 Sentries","floor":8,"turns":8},{"damage":10,"enemies":"3 Louse","floor":10,"turns":6},{"damage":26,"enemies":"Lagavulin","floor":11,"turns":8},{"damage":4,"enemies":"3 Sentries","floor":12,"turns":9},{"damage":21,"enemies":"Gremlin Nob","floor":13,"turns":5},{"damage":20,"enemies":"Blue Slaver","floor":14,"turns":6},{"damage":29,"enemies":"Slime Boss","floor":16,"turns":10},{"damage":41,"enemies":"Spheric Guardian","floor":18,"turns":8},{"damage":28,"enemies":"2 Thieves","floor":20,"turns":5},{"damage":23,"enemies":"Chosen and Byrds","floor":21,"turns":10},{"damage":73,"enemies":"Book of Stabbing","floor":23,"turns":11},{"damage":61,"enemies":"Slavers","floor":25,"turns":9},{"damage":77,"enemies":"Gremlin Leader","floor":27,"turns":6}],"seed_played":"-5246908327507226253","potions_obtained":[{"floor":3,"key":"Strength Potion"},{"floor":10,"key":"PowerPotion"},{"floor":11,"key":"ColorlessPotion"},{"floor":23,"key":"Strength Potion"}],"is_trial":false,"path_per_floor":["M","?","M","M","M","E","R","E","T","M","E","?","E","M","R","B",null,"M","?","M","M","?","E","R","E","T","E"],"character_chosen":"BEAKED_THE_CULTIST","items_purchased":[],"campfire_rested":0,"item_purchase_floors":[],"current_hp_per_floor":[55,55,55,55,51,34,34,18,18,24,38,55,52,46,46,55,55,55,55,35,55,55,46,46,53,53,0,0],"gold":635,"neow_bonus":"TEN_PERCENT_HP_BONUS","is_daily":false,"chose_seed":false,"campfire_upgraded":3,"win_rate":0.0,"timestamp":1609615463,"path_taken":["M","?","M","?","M","E","R","E","T","M","E","?","E","M","R","BOSS","M","?","M","M","?","E","R","E","T","E"],"items_purchased_type":[],"build_version":"2020-12-22","purchased_purges":0,"victory":false,"max_hp_per_floor":[55,55,55,55,55,55,55,55,55,55,55,55,55,55,55,55,55,55,55,55,55,55,55,55,55,55,55,55],"card_choices":[{"not_picked":["beaked:DigDeep","beaked:Daydream"],"picked":"beaked:Foresight","floor":1},{"not_picked":["beaked:Redirect","beaked:Cower"],"picked":"beaked:HuntressSpirit","floor":3},{"not_picked":["beaked:Replenish","beaked:Poke"],"picked":"beaked:BloodRitual","floor":4},{"not_picked":["beaked:DigDeeper","beaked:Overexert"],"picked":"beaked:WarriorEssence","floor":5},{"not_picked":["beaked:Overexert","beaked:CheekyTricks"],"picked":"beaked:SacrificialDive","floor":6},{"not_picked":["beaked:BloodRitual","beaked:Pecker"],"picked":"beaked:Molting","floor":8},{"not_picked":["beaked:WarriorEssence","beaked:Cower"],"picked":"beaked:DigDeep","floor":10},{"not_picked":["beaked:BraceForImpact","beaked:Flinch"],"picked":"beaked:Foresight","floor":11},{"not_picked":["beaked:Foresight","beaked:TuckingFeathers"],"picked":"beaked:MaddeningMurmurs","floor":12},{"not_picked":["beaked:Tradeoff","beaked:StickSmack"],"picked":"beaked:SurvivalInstinct","floor":13},{"not_picked":["beaked:Poke","beaked:WarriorEssence"],"picked":"beaked:DarkTribute","floor":14},{"not_picked":["beaked:ShadowFade","beaked:WildInstinct"],"picked":"beaked:MachineEssence","floor":16},{"not_picked":[],"picked":"beaked:Struggle","floor":18},{"not_picked":[],"picked":"beaked:DesperateSwing","floor":20},{"not_picked":[],"picked":"beaked:WarriorEssence+1","floor":21},{"not_picked":["beaked:Mantra"],"picked":"SKIP","floor":23},{"not_picked":[],"picked":"beaked:MimicWarrior","floor":25}],"player_experience":643756,"relics_obtained":[{"floor":6,"key":"Dead Branch"},{"floor":8,"key":"WingedGreaves"},{"floor":9,"key":"Incense Burner"},{"floor":11,"key":"Oddly Smooth Stone"},{"floor":12,"key":"Omamori"},{"floor":13,"key":"Akabeko"},{"floor":23,"key":"Blood Vial"},{"floor":25,"key":"MawBank"},{"floor":26,"key":"Boot"}],"event_choices":[{"damage_healed":0,"gold_gain":0,"player_choice":"Paid Gold","damage_taken":0,"relics_obtained":["HornCleat"],"max_hp_gain":0,"max_hp_loss":0,"event_name":"WeMeetAgain","floor":2,"gold_loss":53},{"damage_healed":0,"gold_gain":0,"player_choice":"Searched \u00272\u0027 times","damage_taken":0,"max_hp_gain":0,"max_hp_loss":0,"event_name":"Dead Adventurer","floor":12,"gold_loss":0},{"damage_healed":0,"gold_gain":99,"player_choice":"Stole From Cult","damage_taken":0,"max_hp_gain":0,"max_hp_loss":0,"event_name":"Nest","floor":19,"gold_loss":0},{"damage_healed":0,"gold_gain":0,"player_choice":"Read","damage_taken":0,"max_hp_gain":0,"max_hp_loss":0,"event_name":"The Library","floor":22,"gold_loss":0,"cards_obtained":["beaked:Brace"]}],"is_beta":false,"boss_relics":[{"not_picked":["SlaversCollar","Astrolabe"],"picked":"Busted Crown"}],"items_purged_floors":[],"is_endless":false,"potions_floor_spawned":[3,10,11,12,13,16,18,20,23],"killed_by":"Gremlin Leader","ascension_level":1}}