{"host":"t7mx8yfj1no5p62f","time":1609563392,"event":{"mods":["BaseMod","Colored Map","Colored Powertips","Minty Spire (QoL Compilation)","Relic Stats","StSLib"],"gold_per_floor":[109,121,121,137,137,137,166,184,210,230,242,274,292,312,312,390,390,402,415,415,71,85,119,119,148,148,63,77,109,52,63,63,134,134,144,159,159,1158,1169,1194,1084,1112,1112,1141,1156,365,382,393,393,393,393,393,393,37,66,66],"floor_reached":57,"playtime":4346,"items_purged":["Bite","Normality","Defend_G"],"score":3011,"play_id":"cf09c5fd-9d95-4b27-9335-183b54ace7a3","local_time":"20210101235632","is_ascension_mode":true,"campfire_choices":[{"data":"Predator","floor":6.0,"key":"SMITH"},{"data":"Wraith Form v2","floor":15.0,"key":"SMITH"},{"data":"Apotheosis","floor":24.0,"key":"SMITH"},{"data":"Well Laid Plans","floor":32.0,"key":"SMITH"},{"floor":49.0,"key":"RECALL"},{"data":"Wraith Form v2","floor":53.0,"key":"SMITH"}],"circlet_count":0,"master_deck":["AscendersBane","Defend_G","Defend_G","Defend_G","Defend_G","Survivor","Neutralize","Dagger Throw","Predator+1","Footwork","Dodge and Roll","Noxious Fumes","Acrobatics","Wraith Form v2+1","PiercingWail","Venomology","Terror","Bite","Bite","Bite","Bite+1","Apotheosis+1","Backflip","Wraith Form v2","Outmaneuver","Bane+1","PiercingWail","Prepared","Well Laid Plans+1","Wraith Form v2+1","Calculated Gamble","Acrobatics+1","Reflex","Acrobatics","Malaise","Acrobatics","Wraith Form v2+1"],"relics":["Coffee Dripper","Oddly Smooth Stone","Happy Flower","Whetstone","HoveringKite","Vajra","Orichalcum","Mummified Hand","Bag of Preparation","Potion Belt","Snecko Eye","Dream Catcher","The Courier","Shuriken","Dead Branch","Sundial","Pen Nib","Lantern","DollysMirror","Anchor","Toy Ornithopter"],"acts_visited":["Exordium","TheCity","TheBeyond","TheEnding"],"potions_floor_usage":[56,56,56,56],"damage_taken":[{"damage":0.0,"enemies":"Cultist","floor":1.0,"turns":4.0},{"damage":2.0,"enemies":"Jaw Worm","floor":2.0,"turns":4.0},{"damage":6.0,"enemies":"Small Slimes","floor":4.0,"turns":3.0},{"damage":31.0,"enemies":"Gremlin Nob","floor":7.0,"turns":4.0},{"damage":0.0,"enemies":"Blue Slaver","floor":8.0,"turns":5.0},{"damage":0.0,"enemies":"3 Louse","floor":10.0,"turns":6.0},{"damage":0.0,"enemies":"Large Slime","floor":11.0,"turns":5.0},{"damage":5.0,"enemies":"3 Sentries","floor":12.0,"turns":6.0},{"damage":1.0,"enemies":"Gremlin Gang","floor":13.0,"turns":6.0},{"damage":1.0,"enemies":"Blue Slaver","floor":14.0,"turns":5.0},{"damage":1.0,"enemies":"Slime Boss","floor":16.0,"turns":10.0},{"damage":9.0,"enemies":"Chosen","floor":18.0,"turns":7.0},{"damage":0.0,"enemies":"Spheric Guardian","floor":19.0,"turns":6.0},{"damage":0.0,"enemies":"Snake Plant","floor":22.0,"turns":6.0},{"damage":23.0,"enemies":"Slavers","floor":23.0,"turns":7.0},{"damage":1.0,"enemies":"Book of Stabbing","floor":25.0,"turns":8.0},{"damage":0.0,"enemies":"Centurion and Healer","floor":28.0,"turns":6.0},{"damage":3.0,"enemies":"Slavers","floor":29.0,"turns":10.0},{"damage":4.0,"enemies":"Snecko","floor":31.0,"turns":6.0},{"damage":28.0,"enemies":"Collector","floor":33.0,"turns":11.0},{"damage":5.0,"enemies":"3 Darklings","floor":35.0,"turns":6.0},{"damage":0.0,"enemies":"Orb Walker","floor":36.0,"turns":5.0},{"damage":0.0,"enemies":"Writhing Mass","floor":39.0,"turns":9.0},{"damage":1.0,"enemies":"Giant Head","floor":40.0,"turns":10.0},{"damage":3.0,"enemies":"Reptomancer","floor":42.0,"turns":6.0},{"damage":22.0,"enemies":"Giant Head","floor":44.0,"turns":9.0},{"damage":0.0,"enemies":"Jaw Worm Horde","floor":45.0,"turns":5.0},{"damage":0.0,"enemies":"3 Darklings","floor":47.0,"turns":4.0},{"damage":0.0,"enemies":"Sphere and 2 Shapes","floor":48.0,"turns":3.0},{"damage":0.0,"enemies":"Time Eater","floor":50.0,"turns":6.0},{"damage":35.0,"enemies":"Awakened One","floor":51.0,"turns":16.0},{"damage":0.0,"enemies":"Shield and Spear","floor":55.0,"turns":10.0},{"damage":30,"enemies":"The Heart","floor":56,"turns":13}],"seed_played":"-8481507741124374017","potions_obtained":[{"floor":4.0,"key":"Strength Potion"},{"floor":7.0,"key":"Fire Potion"},{"floor":8.0,"key":"Strength Potion"},{"floor":12.0,"key":"Swift Potion"},{"floor":13.0,"key":"AttackPotion"},{"floor":14.0,"key":"FearPotion"},{"floor":18.0,"key":"LiquidMemories"},{"floor":23.0,"key":"ColorlessPotion"},{"floor":29.0,"key":"Energy Potion"},{"floor":31.0,"key":"SkillPotion"},{"floor":45.0,"key":"Block Potion"},{"floor":48.0,"key":"Ancient Potion"},{"floor":55.0,"key":"SkillPotion"}],"is_trial":false,"path_per_floor":["M","M","?","M","?","R","E","M","T","M","M","E","M","M","R","B",null,"M","M","?","$","M","E","R","E","T","?","M","E","$","M","R","B",null,"M","M","?","?","M","E","?","E","T","E","M","$","M","M","R","B","B",null,"R","$","E","B",null],"character_chosen":"THE_SILENT","items_purchased":["Apotheosis","Backflip","Prepared","Dead Branch","Sundial","Pen Nib","Lantern","DollysMirror","Anchor"],"campfire_rested":0,"item_purchase_floors":[21,21,30,46,46,46,46,54,54],"current_hp_per_floor":[59,57,57,51,51,51,20,20,20,20,20,15,14,13,13,12,53,44,44,44,44,46,40,40,46,46,46,46,44,44,46,46,46,46,46,46,46,46,46,46,46,46,46,42,46,46,46,46,46,46,41,45,45,45,46,31],"gold":66,"neow_bonus":"BOSS_RELIC","is_daily":false,"chose_seed":false,"campfire_upgraded":5,"win_rate":0.0,"timestamp":1609563392,"path_taken":["M","M","?","M","?","R","E","M","T","M","M","E","?","M","R","BOSS","M","M","?","$","M","E","R","E","T","?","M","E","?","M","R","BOSS","M","M","?","?","M","E","?","E","T","E","M","$","M","?","R","BOSS","BOSS","R","$","E","BOSS"],"items_purchased_type":["Card","Card","Card","Relic","Relic","Relic","Relic","Relic","Relic"],"build_version":"2020-12-22","purchased_purges":3,"victory":true,"max_hp_per_floor":[66,66,66,66,66,66,66,66,66,66,66,66,66,66,66,66,66,66,66,46,46,46,46,46,46,46,46,46,46,46,46,46,46,46,46,46,46,46,46,46,46,46,46,46,46,46,46,46,46,46,46,46,46,46,46,46],"relic_stats":{"Happy Flower":[69],"counters":[33,227],"Dead Branch":[56],"HoveringKite":[108],"Pen Nib":[12],"Bag of Preparation":[34],"Whetstone":["Strike_G","Strike_G"],"Orichalcum":[234],"Dream Catcher":0,"Mummified Hand":[162],"Shuriken":[30],"Sundial":[12],"Snecko Eye":[236,257,263,283],"obtain_stats":[{"Potion Belt":29,"Lantern":46,"Happy Flower":9,"Dead Branch":46,"Oddly Smooth Stone":7,"HoveringKite":17,"Vajra":23,"The Courier":42,"Pen Nib":46,"Bag of Preparation":27,"Whetstone":12,"Orichalcum":25,"Dream Catcher":40,"Anchor":54,"Mummified Hand":26,"Shuriken":44,"Sundial":46,"DollysMirror":54,"Snecko Eye":34,"Coffee Dripper":0,"Toy Ornithopter":55,"Ring of the Snake":0},{"Potion Belt":18,"Lantern":27,"Happy Flower":5,"Dead Branch":27,"Oddly Smooth Stone":4,"HoveringKite":11,"Vajra":15,"The Courier":25,"Pen Nib":27,"Bag of Preparation":16,"Whetstone":8,"Orichalcum":16,"Dream Catcher":24,"Anchor":31,"Mummified Hand":16,"Shuriken":26,"Sundial":27,"DollysMirror":31,"Snecko Eye":20,"Coffee Dripper":0,"Toy Ornithopter":32,"Ring of the Snake":0},{"Potion Belt":108,"Lantern":175,"Happy Flower":20,"Dead Branch":175,"Oddly Smooth Stone":15,"HoveringKite":58,"Vajra":84,"The Courier":161,"Pen Nib":175,"Bag of Preparation":92,"Whetstone":37,"Orichalcum":92,"Dream Catcher":155,"Anchor":204,"Mummified Hand":92,"Shuriken":170,"Sundial":175,"DollysMirror":204,"Snecko Eye":125,"Coffee Dripper":0,"Toy Ornithopter":214,"Ring of the Snake":0}],"Toy Ornithopter":2},"card_choices":[{"not_picked":["Dodge and Roll","Well Laid Plans"],"picked":"Dagger Throw","floor":1.0},{"not_picked":["Slice","Outmaneuver"],"picked":"Predator","floor":2.0},{"not_picked":["Calculated Gamble","Skewer"],"picked":"Footwork","floor":4.0},{"not_picked":["Deflect","Escape Plan"],"picked":"Dodge and Roll","floor":7.0},{"not_picked":["Prepared","Riddle With Holes","Sucker Punch"],"picked":"SKIP","floor":8.0},{"not_picked":["Endless Agony","Tactician"],"picked":"Noxious Fumes","floor":10.0},{"not_picked":["Cloak And Dagger","Sucker Punch"],"picked":"Acrobatics","floor":11.0},{"not_picked":["Dagger Throw","Choke"],"picked":"Wraith Form v2","floor":12.0},{"not_picked":["Underhanded Strike","Flechettes","Dash"],"picked":"SKIP","floor":13.0},{"not_picked":["Quick Slash","Catalyst"],"picked":"PiercingWail","floor":14.0},{"not_picked":["Glass Knife","Phantasmal Killer"],"picked":"Venomology","floor":16.0},{"not_picked":["Flying Knee","PiercingWail+1"],"picked":"Terror","floor":18.0},{"not_picked":["Blade Dance","Sucker Punch","Predator"],"picked":"SKIP","floor":19.0},{"not_picked":["Slice","All Out Attack","Infinite Blades"],"picked":"SKIP","floor":22.0},{"not_picked":["Dodge and Roll","Deadly Poison+1"],"picked":"Wraith Form v2","floor":23.0},{"not_picked":["Riddle With Holes","PiercingWail"],"picked":"Outmaneuver","floor":25.0},{"not_picked":["After Image","Slice+1"],"picked":"Bane+1","floor":28.0},{"not_picked":["Bane","Predator"],"picked":"PiercingWail","floor":29.0},{"not_picked":["Choke","Caltrops"],"picked":"Well Laid Plans","floor":31.0},{"not_picked":["Malaise","Storm of Steel"],"picked":"Wraith Form v2","floor":33.0},{"not_picked":["Prepared+1","Well Laid Plans","Blade Dance+1"],"picked":"SKIP","floor":35.0},{"not_picked":["Distraction","Leg Sweep"],"picked":"Calculated Gamble","floor":36.0},{"not_picked":["PiercingWail","Flechettes","Deadly Poison"],"picked":"SKIP","floor":39.0},{"not_picked":["Doppelganger","Setup","Deflect+1"],"picked":"SKIP","floor":40.0},{"not_picked":["Escape Plan","Accuracy"],"picked":"Acrobatics+1","floor":42.0},{"not_picked":["PiercingWail","Underhanded Strike"],"picked":"Reflex","floor":44.0},{"not_picked":["Deflect","Blade Dance"],"picked":"Acrobatics","floor":45.0},{"not_picked":["Setup+1","Backstab"],"picked":"Malaise","floor":47.0},{"not_picked":["Escape Plan","Poisoned Stab+1"],"picked":"Acrobatics","floor":48.0},{"not_picked":["Dagger Throw","Blade Dance","Quick Slash"],"picked":"SKIP","floor":55.0}],"player_experience":1628964,"relics_obtained":[{"floor":7.0,"key":"Oddly Smooth Stone"},{"floor":9.0,"key":"Happy Flower"},{"floor":12.0,"key":"Whetstone"},{"floor":23.0,"key":"Vajra"},{"floor":25.0,"key":"Orichalcum"},{"floor":26.0,"key":"Mummified Hand"},{"floor":29.0,"key":"Potion Belt"},{"floor":40.0,"key":"Dream Catcher"},{"floor":42.0,"key":"The Courier"},{"floor":44.0,"key":"Shuriken"},{"floor":55.0,"key":"Toy Ornithopter"}],"event_choices":[{"damage_healed":0.0,"max_hp_gain":0.0,"max_hp_loss":0.0,"gold_gain":0.0,"event_name":"Liars Game","player_choice":"Ignored","floor":3.0,"gold_loss":0.0,"damage_taken":0.0},{"damage_healed":0.0,"max_hp_gain":0.0,"max_hp_loss":0.0,"gold_gain":0.0,"event_name":"Match and Keep!","player_choice":"0 cards matched","floor":5.0,"gold_loss":0.0,"damage_taken":0.0,"cards_obtained":[]},{"damage_healed":0.0,"max_hp_gain":0.0,"max_hp_loss":20.0,"gold_gain":0.0,"event_name":"Vampires","player_choice":"Became a vampire","floor":20.0,"gold_loss":0.0,"damage_taken":0.0,"cards_obtained":["Bite","Bite","Bite","Bite","Bite"]},{"damage_healed":0.0,"max_hp_gain":0.0,"max_hp_loss":0.0,"gold_gain":0.0,"event_name":"Addict","player_choice":"Obtained Relic","floor":27.0,"gold_loss":85.0,"damage_taken":0.0,"relics_obtained":["Bag of Preparation"]},{"damage_healed":0.0,"max_hp_gain":0.0,"max_hp_loss":0.0,"gold_gain":0.0,"event_name":"Tomb of Lord Red Mask","player_choice":"Ignored","floor":37.0,"gold_loss":0.0,"damage_taken":0.0},{"damage_healed":0.0,"max_hp_gain":0.0,"max_hp_loss":0.0,"gold_gain":999.0,"event_name":"MindBloom","player_choice":"Gold","floor":38.0,"gold_loss":0.0,"damage_taken":0.0,"cards_obtained":["Normality","Normality"]},{"cards_removed":["Normality"],"damage_healed":0.0,"max_hp_gain":0.0,"max_hp_loss":0.0,"gold_gain":0.0,"event_name":"Designer","player_choice":"Upgrade and Remove","floor":41.0,"gold_loss":110.0,"damage_taken":0.0,"cards_upgraded":["Bite"]}],"is_beta":false,"boss_relics":[{"not_picked":["Fusion Hammer","Runic Dome"],"picked":"HoveringKite"},{"not_picked":["Sozu","WristBlade"],"picked":"Snecko Eye"}],"items_purged_floors":[21,46,54],"is_endless":false,"potions_floor_spawned":[4,7,8,12,13,14,18,23,29,31,36,39,40,45,48,55],"ascension_level":20}}