{"host":"ynimr9ugvc6f046i","time":1609629091,"event":{"mods":["2.2 Compatiblity","BaseMod","Colored Map","DeckTracker","Highlight Path","Keyboard Shortcuts","Minty Spire (QoL Compilation)","Permanent Neow","Quick Restart","StSLib","SuperFastMode"],"gold_per_floor":[118,118,43,43,63,90,90,122,122,152,71,91,91,91,91,168,168,168,168],"floor_reached":18,"playtime":434,"items_purged":["Strike_R"],"score":352,"play_id":"3c818cb1-a838-485b-9679-eb0fc7b49a0c","local_time":"20210103081131","is_ascension_mode":true,"campfire_choices":[{"floor":7,"key":"REST"},{"data":"Evolve","floor":13,"key":"SMITH"},{"data":"Feel No Pain","floor":15,"key":"SMITH"}],"circlet_count":0,"master_deck":["AscendersBane","Bash+1","Dropkick","Thunderclap","Cleave","Feel No Pain+1","Anger","Dropkick","Evolve+1","Barricade","Sever Soul","Feed","Disarm","Limit Break","Dark Embrace","Sword Boomerang"],"relics":["Burning Blood","StrikeDummy","PreservedInsect","Bag of Marbles","Eternal Feather","Pandora\u0027s Box"],"acts_visited":["Exordium","TheCity"],"potions_floor_usage":[6,18],"damage_taken":[{"damage":0.0,"enemies":"2 Louse","floor":1.0,"turns":2.0},{"damage":1.0,"enemies":"Cultist","floor":5.0,"turns":4.0},{"damage":30,"enemies":"Lagavulin","floor":6,"turns":9},{"damage":32,"enemies":"Gremlin Nob","floor":8,"turns":4},{"damage":22,"enemies":"Lagavulin","floor":10,"turns":4},{"damage":2,"enemies":"Jaw Worm","floor":12,"turns":2},{"damage":30,"enemies":"Hexaghost","floor":16,"turns":8},{"damage":33,"enemies":"Spheric Guardian","floor":18,"turns":4}],"seed_played":"-1872069819188180807","potions_obtained":[{"floor":1.0,"key":"HeartOfIron"},{"floor":8,"key":"GamblersBrew"},{"floor":10,"key":"Regen Potion"}],"is_trial":false,"path_per_floor":["M","?","$","?","M","E","R","E","T","E","$","M","R","?","R","B",null,"M"],"character_chosen":"IRONCLAD","items_purchased":["Dropkick"],"campfire_rested":1,"item_purchase_floors":[11],"current_hp_per_floor":[74,51,51,51,56,32,54,28,28,12,12,16,25,25,34,10,59,26,26],"gold":168,"neow_bonus":"UPGRADE_CARD","is_daily":false,"chose_seed":false,"campfire_upgraded":2,"win_rate":0.0,"timestamp":1609629091,"path_taken":["M","?","$","?","M","E","R","E","T","E","$","?","R","?","R","BOSS","M"],"items_purchased_type":["Card"],"build_version":"2020-12-22","purchased_purges":1,"victory":false,"max_hp_per_floor":[75,75,75,75,75,75,75,75,75,75,75,75,75,75,75,75,75,75,75],"card_choices":[{"not_picked":["Rage","Warcry"],"picked":"Dropkick","floor":1.0},{"not_picked":["Iron Wave","Exhume"],"picked":"Thunderclap","floor":5.0},{"not_picked":["Warcry","Clash"],"picked":"Cleave","floor":6},{"not_picked":["Anger","Intimidate"],"picked":"Feel No Pain","floor":8},{"not_picked":["Clothesline","Twin Strike"],"picked":"Anger","floor":10},{"not_picked":["Headbutt","Bloodletting"],"picked":"Evolve","floor":12},{"not_picked":["Bludgeon","Brutality"],"picked":"Barricade","floor":16}],"player_experience":533190,"relics_obtained":[{"floor":6,"key":"StrikeDummy"},{"floor":8,"key":"PreservedInsect"},{"floor":9,"key":"Bag of Marbles"},{"floor":10,"key":"Eternal Feather"}],"event_choices":[{"damage_healed":0.0,"max_hp_gain":0.0,"max_hp_loss":0.0,"gold_gain":0.0,"event_name":"Shining Light","player_choice":"Entered Light","floor":2.0,"gold_loss":0.0,"damage_taken":23.0,"cards_upgraded":["Strike_R","Defend_R"]},{"cards_removed":["Strike_R"],"damage_healed":0.0,"max_hp_gain":0.0,"max_hp_loss":0.0,"gold_gain":0.0,"event_name":"Bonfire Elementals","player_choice":"Offered Basic","floor":4.0,"gold_loss":0.0,"damage_taken":0.0},{"cards_removed":["Strike_R"],"damage_healed":0,"gold_gain":0,"player_choice":"Purged","damage_taken":0,"max_hp_gain":0,"max_hp_loss":0,"event_name":"Purifier","floor":14,"gold_loss":0}],"is_beta":false,"boss_relics":[{"not_picked":["Runic Dome","Empty Cage"],"picked":"Pandora\u0027s Box"}],"items_purged_floors":[3],"is_endless":false,"potions_floor_spawned":[1,8,10],"killed_by":"Spheric Guardian","ascension_level":20}}