{"host":"mg6qqnp83j5r6p2r","time":1609547422,"event":{"mods":["BaseMod","Colored Map","Colored Powertips","Highlight Path","Minty Spire (QoL Compilation)","Rare Cards Sparkle","Relic Sorter","Relic Stats","StSLib"],"gold_per_floor":[113,125,125,144,162,162,195,195,195,226,226,245,170,251,251,347,347,364,564,576,589,608,608,622,144,171,171,86,86,6,33,33,129,129,141,65,65,77,94,94,45,79,79,79,79],"floor_reached":44,"playtime":4189,"items_purged":["Strike_P"],"score":514,"play_id":"a4a65dc7-e18d-4111-9455-987966ee7c29","local_time":"20210101183022","is_ascension_mode":true,"campfire_choices":[{"data":"Eruption","floor":6.0,"key":"SMITH"},{"floor":8.0,"key":"RECALL"},{"floor":11.0,"key":"REST"},{"data":"WaveOfTheHand","floor":15.0,"key":"SMITH"},{"floor":23,"key":"REST"},{"data":"Apotheosis","floor":27,"key":"SMITH"},{"floor":29,"key":"REST"},{"floor":32,"key":"REST"}],"circlet_count":0,"master_deck":["Strike_P","Strike_P","Defend_P","Defend_P","Defend_P","Defend_P","Eruption+1","Vigilance","DevaForm","FlurryOfBlows","BowlingBash","Vault","CutThroughFate","EmptyFist","ClearTheMind","WaveOfTheHand+1","Vault","Fasting2","Crescendo","InnerPeace","Apotheosis+1","Fasting2","Indignation","Alpha","EmptyBody+1","Protect","Fasting2+1"],"relics":["PureWater","Nunchaku","Gremlin Horn","TeardropLocket","SacredBark","Bronze Scales","Medical Kit","Tiny Chest","Strawberry","Akabeko","Fusion Hammer","CeramicFish","StoneCalendar","Gambling Chip"],"acts_visited":["Exordium","TheCity","TheBeyond"],"potions_floor_usage":[20,21,24,33,38,39,42],"damage_taken":[{"damage":2.0,"enemies":"2 Louse","floor":1.0,"turns":4.0},{"damage":0.0,"enemies":"Cultist","floor":2.0,"turns":2.0},{"damage":3.0,"enemies":"Jaw Worm","floor":4.0,"turns":5.0},{"damage":0.0,"enemies":"Lots of Slimes","floor":5.0,"turns":2.0},{"damage":25.0,"enemies":"Gremlin Nob","floor":7.0,"turns":5.0},{"damage":13.0,"enemies":"Lagavulin","floor":10.0,"turns":8.0},{"damage":0.0,"enemies":"Exordium Wildlife","floor":12.0,"turns":3.0},{"damage":9.0,"enemies":"Slime Boss","floor":16.0,"turns":10.0},{"damage":5.0,"enemies":"3 Byrds","floor":18.0,"turns":7.0},{"damage":9.0,"enemies":"2 Thieves","floor":20.0,"turns":5.0},{"damage":0,"enemies":"Chosen and Byrds","floor":21,"turns":7},{"damage":25,"enemies":"Shelled Parasite and Fungi","floor":22,"turns":5},{"damage":9,"enemies":"Snecko","floor":24,"turns":7},{"damage":27,"enemies":"Gremlin Leader","floor":31,"turns":5},{"damage":11,"enemies":"Champ","floor":33,"turns":7},{"damage":50,"enemies":"3 Darklings","floor":35,"turns":5},{"damage":0,"enemies":"Orb Walker","floor":38,"turns":2},{"damage":26,"enemies":"Writhing Mass","floor":39,"turns":6},{"damage":37,"enemies":"Nemesis","floor":42,"turns":7},{"damage":28,"enemies":"Giant Head","floor":44,"turns":5}],"seed_played":"-1349131364123923127","potions_obtained":[{"floor":1.0,"key":"Ancient Potion"},{"floor":4.0,"key":"Explosive Potion"},{"floor":5.0,"key":"BottledMiracle"},{"floor":12.0,"key":"DistilledChaos"},{"floor":16.0,"key":"Fire Potion"},{"floor":20,"key":"Fruit Juice"},{"floor":22,"key":"GamblersBrew"},{"floor":31,"key":"GamblersBrew"},{"floor":35,"key":"Energy Potion"}],"is_trial":false,"path_per_floor":["M","M","?","M","M","R","E","R","T","E","R","M","$","T","R","B",null,"M","?","M","M","M","R","M","$","T","R","?","R","$","E","R","B",null,"M","$","?","M","M","T","$","E","T","E"],"character_chosen":"WATCHER","items_purchased":["Bronze Scales","Apotheosis","Medical Kit","Fasting2","Regen Potion","Block Potion"],"campfire_rested":4,"item_purchase_floors":[25,25,25,30,36,41],"current_hp_per_floor":[70,70,70,67,67,67,42,42,42,29,50,50,50,50,50,41,72,67,67,68,68,43,67,58,58,58,58,65,89,89,62,88,77,89,39,39,39,39,53,53,53,16,16,0,0],"gold":79,"neow_bonus":"ONE_RANDOM_RARE_CARD","is_daily":false,"chose_seed":false,"campfire_upgraded":3,"win_rate":0.0,"timestamp":1609547422,"path_taken":["M","M","?","M","?","R","E","R","T","E","R","M","$","?","R","BOSS","M","?","?","M","M","R","M","$","T","R","?","R","$","E","R","BOSS","M","$","?","?","M","?","$","E","T","E"],"items_purchased_type":["Relic","Card","Relic","Card","Potion","Potion"],"build_version":"2020-12-22","purchased_purges":1,"victory":false,"max_hp_per_floor":[72,72,72,72,72,72,72,72,72,72,72,72,72,72,72,72,72,72,72,82,82,82,82,82,82,82,82,89,89,89,89,89,89,89,89,89,89,89,89,89,89,89,89,89,89],"relic_stats":{"Nunchaku":[17],"Gremlin Horn":[14,14],"counters":[20,107],"Bronze Scales":[84],"CeramicFish":9,"Gambling Chip":[3],"Tiny Chest":1,"StoneCalendar":[0],"Medical Kit":[0],"obtain_stats":[{"Gremlin Horn":10,"SacredBark":17,"CeramicFish":40,"StoneCalendar":42,"TeardropLocket":14,"Medical Kit":25,"Akabeko":31,"Nunchaku":7,"Bronze Scales":25,"Strawberry":28,"Gambling Chip":43,"Tiny Chest":26,"Fusion Hammer":34,"PureWater":0},{"Gremlin Horn":6,"SacredBark":8,"CeramicFish":18,"StoneCalendar":19,"TeardropLocket":7,"Medical Kit":13,"Akabeko":14,"Nunchaku":5,"Bronze Scales":13,"Strawberry":13,"Gambling Chip":19,"Tiny Chest":13,"Fusion Hammer":15,"PureWater":0},{"Gremlin Horn":26,"SacredBark":39,"CeramicFish":95,"StoneCalendar":102,"TeardropLocket":29,"Medical Kit":70,"Akabeko":75,"Nunchaku":18,"Bronze Scales":70,"Strawberry":70,"Gambling Chip":102,"Tiny Chest":70,"Fusion Hammer":82,"PureWater":0}]},"card_choices":[{"not_picked":["Study","CrushJoints"],"picked":"FlurryOfBlows","floor":1.0},{"not_picked":["JustLucky","FlurryOfBlows"],"picked":"BowlingBash","floor":2.0},{"not_picked":["WindmillStrike","Swivel","FlyingSleeves"],"picked":"SKIP","floor":4.0},{"not_picked":["FlurryOfBlows","WreathOfFlame"],"picked":"CutThroughFate","floor":5.0},{"not_picked":["FollowUp","Devotion"],"picked":"EmptyFist","floor":7.0},{"not_picked":["CutThroughFate","FlurryOfBlows"],"picked":"ClearTheMind","floor":10.0},{"not_picked":["EmptyBody","ClearTheMind"],"picked":"WaveOfTheHand","floor":12.0},{"not_picked":["Scrawl","Blasphemy"],"picked":"Vault","floor":16.0},{"not_picked":["ThirdEye+1","Halt"],"picked":"Fasting2","floor":18.0},{"not_picked":["PathToVictory","Protect"],"picked":"Crescendo","floor":20},{"not_picked":["Indignation","Meditate","ReachHeaven"],"picked":"SKIP","floor":21},{"not_picked":["Adaptation","Halt"],"picked":"InnerPeace","floor":22},{"not_picked":["SandsOfTime","Crescendo","CutThroughFate"],"picked":"SKIP","floor":24},{"not_picked":["Crescendo","EmptyFist"],"picked":"Indignation","floor":31},{"not_picked":["Wish","SpiritShield"],"picked":"Alpha","floor":33},{"not_picked":["CrushJoints","CutThroughFate","Nirvana+1"],"picked":"SKIP","floor":35},{"not_picked":["CutThroughFate+1","JustLucky+1"],"picked":"EmptyBody+1","floor":38},{"not_picked":["WheelKick","Prostrate+1"],"picked":"Protect","floor":39},{"not_picked":["EmptyFist+1","ForeignInfluence+1"],"picked":"Fasting2+1","floor":42}],"player_experience":179407,"relics_obtained":[{"floor":7.0,"key":"Nunchaku"},{"floor":10.0,"key":"Gremlin Horn"},{"floor":14.0,"key":"TeardropLocket"},{"floor":26,"key":"Tiny Chest"},{"floor":31,"key":"Akabeko"},{"floor":40,"key":"CeramicFish"},{"floor":42,"key":"StoneCalendar"},{"floor":43,"key":"Gambling Chip"}],"event_choices":[{"damage_healed":0.0,"max_hp_gain":0.0,"max_hp_loss":0.0,"gold_gain":0.0,"cards_transformed":["Strike_P"],"event_name":"Transmorgrifier","player_choice":"Transformed","floor":3.0,"gold_loss":0.0,"damage_taken":0.0,"cards_obtained":["Vault"]},{"damage_healed":0.0,"max_hp_gain":0.0,"max_hp_loss":0.0,"gold_gain":200.0,"event_name":"Wheel of Change","player_choice":"Gold","floor":19.0,"gold_loss":0.0,"damage_taken":0.0},{"damage_healed":0,"gold_gain":0,"player_choice":"Obtained Relic","damage_taken":0,"relics_obtained":["Strawberry"],"max_hp_gain":0,"max_hp_loss":0,"event_name":"Addict","floor":28,"gold_loss":85},{"damage_healed":0,"gold_gain":0,"player_choice":"0 cards matched","damage_taken":0,"max_hp_gain":0,"max_hp_loss":0,"event_name":"Match and Keep!","floor":37,"gold_loss":0,"cards_obtained":[]}],"is_beta":false,"boss_relics":[{"not_picked":["VioletLotus","Snecko Eye"],"picked":"SacredBark"},{"not_picked":["Black Star","Astrolabe"],"picked":"Fusion Hammer"}],"items_purged_floors":[13],"is_endless":false,"potions_floor_spawned":[1,4,5,12,16,20,22,31,35],"killed_by":"Giant Head","ascension_level":1}}