{"host":"2pffx5rqbod9ds0c","time":1609584350,"event":{"mods":["BaseMod","Better Altar","Better Match","Better Note","Better Sensory Stone","Better Skull","Better Third Choice","Custom Start","Hubris","Minty Spire (QoL Compilation)","Quick Restart","Relic Stats","Spicy Shops","StSLib","The Marked"],"gold_per_floor":[114,124,142,162,174,203,203,217,217,246,246,260,289,239,239,339,339,359,359,284,184,184,184,599044,599063,599136,599136,599161,599172,599204,599218,599218,599322,599322,599335,599335,598150,598150,598169,598169,597114,596116,596116,596116,596125,596125,596143,596157,596157,596157,596157,596157,594776,594815,594815],"floor_reached":56,"playtime":2350,"items_purged":["theMarked:Strike","theMarked:Strike","theMarked:Strike","theMarked:Strike","theMarked:SummonStrength","theMarked:Defend","Parasite","Pain"],"score":1255,"play_id":"d701ce95-474d-4a54-a137-6f636dfcbdb6","local_time":"20210102024550","is_ascension_mode":false,"campfire_choices":[{"data":"theMarked:ThrowWeapon","floor":7.0,"key":"SMITH"},{"data":"theMarked:ThrowWeapon","floor":11.0,"key":"SMITH"},{"data":"theMarked:MaelstromOfLightning","floor":15.0,"key":"SMITH"},{"data":"theMarked:FavorableWinds","floor":23.0,"key":"SMITH"},{"floor":32.0,"key":"REST"},{"data":"theMarked:Static","floor":40.0,"key":"SMITH"},{"data":"theMarked:MagicAdept","floor":44.0,"key":"SMITH"},{"floor":49.0,"key":"RECALL"},{"data":"theMarked:Defend","floor":52.0,"key":"SMITH"}],"circlet_count":0,"master_deck":["theMarked:Defend+1","theMarked:Defend","theMarked:SoldierOfQuellstein+1","theMarked:FavorableWinds+1","theMarked:Static+1","theMarked:MaelstromOfLightning+1","theMarked:SuspiciousRaven","theMarked:Parkour+1","theMarked:MagicAdept+1","hubris:EnhanceAbility+1","theMarked:SuspiciousRaven+1","theMarked:Static+1","hubris:DuctTapeCard","theMarked:TurnInvisible"],"relics":["theMarked:ArtifactOfAir","hubris:DeckOfHolding","Ginger","hubris:DuctTape","hubris:Backtick","Chemical X","Pen Nib","Molten Egg 2","Medical Kit","Bottled Flame","Matryoshka","Oddly Smooth Stone","Centennial Puzzle","Coffee Dripper","Juzu Bracelet","OrangePellets","Happy Flower","Letter Opener","Whetstone","DollysMirror","Frozen Egg 2","Dream Catcher","HandDrill","TheAbacus","Toy Ornithopter","PreservedInsect","hubris:CrystalStatue","Strange Spoon","Blood Vial","CeramicFish","hubris:Reverence","theMarked:Gun","War Paint","hubris:EmptyBottle","Nunchaku","hubris:FunFungus","Vajra"],"acts_visited":["Exordium","TheCity","TheBeyond","TheEnding"],"potions_floor_usage":[55,55,55,55],"damage_taken":[{"damage":1.0,"enemies":"Cultist","floor":1.0,"turns":4.0},{"damage":2.0,"enemies":"Jaw Worm","floor":2.0,"turns":3.0},{"damage":0.0,"enemies":"Small Slimes","floor":3.0,"turns":3.0},{"damage":12.0,"enemies":"Exordium Thugs","floor":4.0,"turns":5.0},{"damage":0.0,"enemies":"Looter","floor":5.0,"turns":3.0},{"damage":14.0,"enemies":"Lagavulin","floor":6.0,"turns":7.0},{"damage":9.0,"enemies":"Blue Slaver","floor":8.0,"turns":4.0},{"damage":8.0,"enemies":"Gremlin Nob","floor":10.0,"turns":3.0},{"damage":0.0,"enemies":"Exordium Thugs","floor":12.0,"turns":4.0},{"damage":9.0,"enemies":"3 Sentries","floor":13.0,"turns":4.0},{"damage":13.0,"enemies":"The Guardian","floor":16.0,"turns":6.0},{"damage":29.0,"enemies":"2 Thieves","floor":18.0,"turns":4.0},{"damage":8.0,"enemies":"3 Byrds","floor":25.0,"turns":3.0},{"damage":19.0,"enemies":"Book of Stabbing","floor":28.0,"turns":4.0},{"damage":0.0,"enemies":"Snake Plant","floor":29.0,"turns":1.0},{"damage":0.0,"enemies":"Gremlin Leader","floor":30.0,"turns":3.0},{"damage":11.0,"enemies":"Centurion and Healer","floor":31.0,"turns":3.0},{"damage":23.0,"enemies":"hubris:MusketHawk","floor":33.0,"turns":4.0},{"damage":12.0,"enemies":"3 Darklings","floor":35.0,"turns":3.0},{"damage":0.0,"enemies":"3 Shapes","floor":39.0,"turns":3.0},{"damage":0.0,"enemies":"Maw","floor":47.0,"turns":2.0},{"damage":0.0,"enemies":"Transient","floor":48.0,"turns":5.0},{"damage":34.0,"enemies":"Donu and Deca","floor":50.0,"turns":6.0},{"damage":2,"enemies":"Shield and Spear","floor":54,"turns":3},{"damage":120,"enemies":"The Heart","floor":55,"turns":7}],"seed_played":"9184493037193276467","potions_obtained":[{"floor":1.0,"key":"Energy Potion"},{"floor":6.0,"key":"LiquidMemories"},{"floor":10.0,"key":"AttackPotion"},{"floor":12.0,"key":"FairyPotion"},{"floor":13.0,"key":"Explosive Potion"},{"floor":16.0,"key":"EssenceOfSteel"}],"is_trial":false,"path_per_floor":["M","M","M","M","M","E","R","M","T","E","R","M","E","?","R","B",null,"M","?","$","$","?","R","$","M","T","?","E","M","E","M","R","B",null,"M","?","$","?","M","R","$","$","T","R","?","?","M","M","R","B",null,"R","$","E","B",null],"character_chosen":"THE_DEFAULT","items_purchased":["Pen Nib","Molten Egg 2","Medical Kit","Bottled Flame","Juzu Bracelet","OrangePellets","Happy Flower","Letter Opener","Whetstone","DollysMirror","Frozen Egg 2","Dream Catcher","HandDrill","TheAbacus","Toy Ornithopter","PreservedInsect","hubris:CrystalStatue","hubris:EnhanceAbility+1","Strange Spoon","Blood Vial","theMarked:Static","theMarked:Gun","War Paint","hubris:EmptyBottle","CultistPotion","Nunchaku","hubris:FunFungus"],"campfire_rested":1,"item_purchase_floors":[24,24,24,24,37,37,37,37,37,37,41,41,41,41,41,42,42,42,42,42,53,53,53,53,53,53,53],"current_hp_per_floor":[69,67,67,55,55,41,41,32,32,24,24,24,15,15,15,2,70,41,41,41,41,41,41,41,33,33,33,14,14,14,3,24,1,70,58,58,58,58,58,58,58,58,58,58,58,58,60,62,62,29,63,63,63,62,18],"gold":594815,"neow_bonus":"ONE_RANDOM_RARE_CARD","is_daily":false,"chose_seed":false,"campfire_upgraded":7,"win_rate":0.0,"timestamp":1609584350,"path_taken":["M","M","M","M","M","E","R","M","T","E","R","M","E","?","R","BOSS","M","?","?","$","?","R","?","?","T","?","E","M","E","M","R","BOSS","M","?","$","?","M","R","?","$","T","R","?","?","M","M","R","BOSS","R","$","E","BOSS"],"items_purchased_type":["Relic","Relic","Relic","Relic","Relic","Relic","Relic","Relic","Relic","Relic","Relic","Relic","Relic","Relic","Relic","Relic","Relic","Card","Relic","Relic","Card","Relic","Relic","Relic","Potion","Relic","Relic"],"build_version":"2020-12-22","purchased_purges":8,"victory":true,"max_hp_per_floor":[70,70,70,70,70,70,70,70,70,70,70,70,70,70,70,70,70,70,70,70,70,70,70,70,70,70,70,70,70,70,70,70,70,70,70,70,70,66,66,66,66,63,63,63,63,63,63,63,63,63,63,63,63,63,63],"relic_stats":{"Happy Flower":[8],"counters":[25,97],"CeramicFish":36,"Pen Nib":[5],"PreservedInsect":68,"Juzu Bracelet":1,"Ginger":[8],"Letter Opener":[70],"Whetstone":[],"War Paint":["theMarked:SuspiciousRaven","theMarked:Static"],"Medical Kit":[3],"Blood Vial":6,"OrangePellets":[0],"Strange Spoon":[9],"Centennial Puzzle":[18],"Dream Catcher":0,"Nunchaku":[1],"TheAbacus":[42],"HandDrill":[6],"Chemical X":[31],"obtain_stats":[{"hubris:CrystalStatue":42,"CeramicFish":43,"Vajra":54,"Juzu Bracelet":37,"Ginger":10,"Whetstone":37,"hubris:EmptyBottle":53,"Blood Vial":42,"Centennial Puzzle":30,"Dream Catcher":41,"Nunchaku":53,"hubris:Backtick":17,"Matryoshka":26,"TheAbacus":41,"DollysMirror":37,"hubris:DeckOfHolding":6,"hubris:FunFungus":53,"HandDrill":41,"Chemical X":17,"theMarked:Gun":53,"hubris:DuctTape":13,"Happy Flower":37,"Oddly Smooth Stone":28,"Pen Nib":24,"PreservedInsect":42,"Letter Opener":37,"Frozen Egg 2":41,"War Paint":53,"Medical Kit":24,"theMarked:ArtifactOfAir":0,"OrangePellets":37,"Strange Spoon":42,"Bottled Flame":24,"Molten Egg 2":24,"Coffee Dripper":34,"Toy Ornithopter":41,"hubris:Reverence":43},{"hubris:CrystalStatue":20,"CeramicFish":20,"Vajra":24,"Juzu Bracelet":19,"Ginger":8,"Whetstone":19,"hubris:EmptyBottle":23,"Blood Vial":20,"Centennial Puzzle":16,"Dream Catcher":20,"Nunchaku":23,"hubris:Backtick":11,"Matryoshka":13,"TheAbacus":20,"DollysMirror":19,"hubris:DeckOfHolding":6,"hubris:FunFungus":23,"HandDrill":20,"Chemical X":11,"theMarked:Gun":23,"hubris:DuctTape":10,"Happy Flower":19,"Oddly Smooth Stone":14,"Pen Nib":12,"PreservedInsect":20,"Letter Opener":19,"Frozen Egg 2":20,"War Paint":23,"Medical Kit":12,"theMarked:ArtifactOfAir":0,"OrangePellets":19,"Strange Spoon":20,"Bottled Flame":12,"Molten Egg 2":12,"Coffee Dripper":18,"Toy Ornithopter":20,"hubris:Reverence":20},{"hubris:CrystalStatue":74,"CeramicFish":74,"Vajra":90,"Juzu Bracelet":71,"Ginger":32,"Whetstone":71,"hubris:EmptyBottle":87,"Blood Vial":74,"Centennial Puzzle":61,"Dream Catcher":74,"Nunchaku":87,"hubris:Backtick":46,"Matryoshka":53,"TheAbacus":74,"DollysMirror":71,"hubris:DeckOfHolding":25,"hubris:FunFungus":87,"HandDrill":74,"Chemical X":46,"theMarked:Gun":87,"hubris:DuctTape":40,"Happy Flower":71,"Oddly Smooth Stone":57,"Pen Nib":50,"PreservedInsect":74,"Letter Opener":71,"Frozen Egg 2":74,"War Paint":87,"Medical Kit":50,"theMarked:ArtifactOfAir":0,"OrangePellets":71,"Strange Spoon":74,"Bottled Flame":50,"Molten Egg 2":50,"Coffee Dripper":68,"Toy Ornithopter":74,"hubris:Reverence":74}],"Toy Ornithopter":1},"card_choices":[{"not_picked":["theMarked:WastefulDefense","theMarked:LightningStrikesTwice"],"picked":"theMarked:Static","floor":1.0},{"not_picked":["theMarked:TwofoldDefense","theMarked:Panic","theMarked:Frustration"],"picked":"SKIP","floor":2.0},{"not_picked":["theMarked:ResourceFulStrike","theMarked:Improvise"],"picked":"theMarked:BanishingStrike","floor":3.0},{"not_picked":["theMarked:EmpowerWeapon","theMarked:ContemptForTheProud"],"picked":"theMarked:ThrowWeapon","floor":4.0},{"not_picked":["theMarked:ElectricStrings","theMarked:ShockingTouch","theMarked:TakeCover"],"picked":"SKIP","floor":5.0},{"not_picked":["theMarked:ChainLightning","theMarked:Improvise"],"picked":"theMarked:MaelstromOfLightning","floor":6.0},{"not_picked":["theMarked:Frustration","theMarked:ResourceFulStrike"],"picked":"theMarked:ThrowWeapon","floor":8.0},{"not_picked":["theMarked:AttractMetal","theMarked:TakeCover","theMarked:ResourceFulStrike"],"picked":"SKIP","floor":10.0},{"not_picked":["theMarked:ElectricStrings","theMarked:Seal","theMarked:DeterminationOfTheMarked"],"picked":"SKIP","floor":12.0},{"not_picked":["theMarked:HeightenedSenses","theMarked:Improvise","theMarked:Frustration"],"picked":"SKIP","floor":13.0},{"not_picked":["theMarked:FavorableWinds","theMarked:Defy"],"picked":"theMarked:SuspiciousRaven","floor":16.0},{"not_picked":["theMarked:Electrocute","theMarked:SwordAndMagic","theMarked:Seal"],"picked":"SKIP","floor":18.0},{"not_picked":["theMarked:Seal+1","theMarked:EmpowerWeapon","theMarked:Overthink"],"picked":"SKIP","floor":25.0},{"not_picked":["theMarked:ResourceFulStrike+1","theMarked:ComboAttacks+1","theMarked:Parkour+1"],"picked":"SKIP","floor":28.0},{"not_picked":["theMarked:Aftermath","theMarked:WastefulAttack+1","theMarked:Static"],"picked":"SKIP","floor":29.0},{"not_picked":["theMarked:ElementalBlade","theMarked:PowerFlow+1","theMarked:CreepingChasm"],"picked":"SKIP","floor":30.0},{"not_picked":["theMarked:Seal","theMarked:Aftermath","theMarked:Convert"],"picked":"SKIP","floor":31.0},{"not_picked":["theMarked:TurnInvisible","theMarked:BindingBlade"],"picked":"theMarked:MagicAdept","floor":33.0},{"not_picked":["theMarked:ComboAttacks+1","theMarked:Static","theMarked:RepellingDischarge"],"picked":"SKIP","floor":35.0},{"not_picked":["theMarked:CreepingChasm+1","theMarked:Static","theMarked:ChainLightning+1"],"picked":"SKIP","floor":39.0},{"not_picked":["theMarked:TwofoldDefense","theMarked:ElectricStrings+1","theMarked:Seal"],"picked":"SKIP","floor":47.0},{"not_picked":["theMarked:SoldierForm+1","theMarked:Electrify+1","theMarked:EnhanceMovement+1"],"picked":"SKIP","floor":48.0},{"not_picked":["theMarked:WastefulDefense","theMarked:WastefulAttack+1"],"picked":"theMarked:TurnInvisible","floor":54}],"player_experience":719378,"relics_obtained":[{"floor":6.0,"key":"hubris:DeckOfHolding"},{"floor":10.0,"key":"Ginger"},{"floor":13.0,"key":"hubris:DuctTape"},{"floor":26.0,"key":"Matryoshka"},{"floor":28.0,"key":"Oddly Smooth Stone"},{"floor":30.0,"key":"Centennial Puzzle"},{"floor":43.0,"key":"CeramicFish"},{"floor":43.0,"key":"hubris:Reverence"},{"floor":54,"key":"Vajra"}],"event_choices":[{"cards_removed":["theMarked:Strike"],"damage_healed":0.0,"max_hp_gain":0.0,"max_hp_loss":0.0,"gold_gain":0.0,"event_name":"The Cleric","player_choice":"Card Removal","floor":14.0,"gold_loss":50.0,"damage_taken":0.0},{"damage_healed":0.0,"max_hp_gain":0.0,"max_hp_loss":0.0,"gold_gain":0.0,"event_name":"Upgrade Shrine","player_choice":"Upgraded","floor":19.0,"gold_loss":0.0,"damage_taken":0.0,"cards_upgraded":["theMarked:SoldierOfQuellstein"]},{"cards_removed":["theMarked:SuspiciousRaven"],"damage_healed":0.0,"max_hp_gain":0.0,"max_hp_loss":0.0,"gold_gain":0.0,"event_name":"betterNote:BetterNote","player_choice":"Give","floor":22.0,"gold_loss":0.0,"damage_taken":0.0,"cards_obtained":["None"]},{"damage_healed":0.0,"max_hp_gain":0.0,"max_hp_loss":0.0,"gold_gain":0.0,"cards_transformed":["theMarked:Defend","theMarked:BanishingStrike"],"event_name":"Drug Dealer","player_choice":"Became Test Subject","floor":27.0,"gold_loss":0.0,"damage_taken":0.0,"cards_obtained":["theMarked:SummonStrength","theMarked:Parkour"]},{"damage_healed":0.0,"max_hp_gain":0.0,"max_hp_loss":0.0,"gold_gain":0.0,"event_name":"Tomb of Lord Red Mask","player_choice":"Ignored","floor":36.0,"gold_loss":0.0,"damage_taken":0.0},{"damage_healed":0.0,"max_hp_gain":0.0,"max_hp_loss":4.0,"gold_gain":0.0,"event_name":"Winding Halls","player_choice":"Max HP","floor":38.0,"gold_loss":0.0,"damage_taken":0.0},{"damage_healed":0.0,"max_hp_gain":0.0,"max_hp_loss":0.0,"gold_gain":3.0,"event_name":"betterStone:BetterStone","player_choice":"4","floor":45.0,"gold_loss":0.0,"damage_taken":0.0,"cards_obtained":["theMarked:SuspiciousRaven"]},{"damage_healed":0.0,"max_hp_gain":0.0,"max_hp_loss":0.0,"gold_gain":0.0,"event_name":"Lab","player_choice":"Got Potions","floor":46.0,"gold_loss":0.0,"damage_taken":0.0}],"is_beta":false,"boss_relics":[{"not_picked":["Black Star","SacredBark"],"picked":"hubris:Backtick"},{"not_picked":["SlaversCollar","Calling Bell"],"picked":"Coffee Dripper"}],"items_purged_floors":[20,21,24,24,37,41,42,53],"is_endless":false,"potions_floor_spawned":[1,6,10,12,13,16,25,28,35,54],"ascension_level":0}}