{"host":"xdg5osv0fulac4z3","time":1609560091,"event":{"mods":["2.2 Compatiblity","Act Like it!","BaseMod","Colored Map","Hallownest","Minty Spire (QoL Compilation)","Rare Cards Sparkle","Replay The Spire","StSLib","The Bug Knight"],"gold_per_floor":[116,0,0,18,18,45,55,55,55,65,65,81,111,127,127,127,127],"floor_reached":16,"playtime":1075,"items_purged":[],"score":112,"play_id":"b46348dd-abc3-4196-930e-f26834d37f43","local_time":"20210102140131","is_ascension_mode":false,"campfire_choices":[{"data":"HollowMod:FocusHealStart","floor":8.0,"key":"SMITH"},{"data":"HollowMod:NewGlowingWomb","floor":11.0,"key":"SMITH"},{"data":"HollowMod:NailStrikeStart","floor":15.0,"key":"PURGE"}],"circlet_count":0,"master_deck":["HollowMod:NailStrikeStart","HollowMod:NailStrikeStart","HollowMod:NailStrikeStart","HollowMod:QuickDashStart","HollowMod:QuickDashStart","HollowMod:QuickDashStart","HollowMod:QuickDashStart","HollowMod:FocusHealStart+1","HollowMod:PogoStrike","HollowMod:MonarchWings","HollowMod:DoubleDash","HollowMod:InfectedAttack","HollowMod:NewGlowingWomb+1","HollowMod:MawleksShell","HollowMod:ChannelNail","HollowMod:MothsMistake"],"relics":["HollowMod:VesselMask","Pocketwatch","Hallownest:BankAccountRelic","Replay:Ringing Soul","Orichalcum","Mercury Hourglass","Replay:Bottled Flurry"],"acts_visited":["Hallownest:Greenpath"],"potions_floor_usage":[16],"damage_taken":[{"damage":0.0,"enemies":"Hallownest:monsterHuskGuard","floor":1.0,"turns":4.0},{"damage":1.0,"enemies":"Hallownest:2_MossCreeps","floor":4.0,"turns":6.0},{"damage":4.0,"enemies":"Hallownest:eliteVengeflyKing","floor":6.0,"turns":6.0},{"damage":0.0,"enemies":"Hallownest:monsterHuskWarrior","floor":7.0,"turns":4.0},{"damage":9.0,"enemies":"Hallownest:monsterFoolEater","floor":10.0,"turns":3.0},{"damage":5.0,"enemies":"Hallownest:Wandering_and_Horned","floor":12.0,"turns":4.0},{"damage":32.0,"enemies":"Hallownest:eliteCrystalGuardian","floor":13.0,"turns":6.0},{"damage":0.0,"enemies":"Hallownest:monsterMossCharger","floor":14.0,"turns":4.0},{"damage":75,"enemies":"Hallownest:BossHornet","floor":16,"turns":9}],"seed_played":"-2470486158901007238","potions_obtained":[{"floor":1.0,"key":"AttackPotion"},{"floor":4.0,"key":"ColorlessPotion"},{"floor":7.0,"key":"Venom Potion"},{"floor":13.0,"key":"BlessingOfTheForge"}],"is_trial":false,"path_per_floor":["M","?","?","M","T","E","M","R","T","M","R","M","E","M","R_BF","B"],"character_chosen":"THE_BUGKNIGHT","items_purchased":[],"campfire_rested":0,"item_purchase_floors":[],"current_hp_per_floor":[68,68,59,64,64,63,66,66,66,60,60,68,49,58,58,0,0],"gold":127,"neow_bonus":"ONE_RARE_RELIC","is_daily":false,"chose_seed":false,"campfire_upgraded":2,"win_rate":0.0,"timestamp":1609560091,"path_taken":["M","?","?","M","?","E","M","R","T","?","R","M","E","M","R_BF","BOSS"],"items_purchased_type":[],"build_version":"2020-12-22","purchased_purges":0,"victory":false,"max_hp_per_floor":[68,68,68,68,68,71,74,74,74,77,77,80,83,86,86,86,86],"card_choices":[{"not_picked":["HollowMod:ShadowDash","HollowMod:LifebloodCocoon"],"picked":"HollowMod:MonarchWings","floor":1.0},{"not_picked":["HollowMod:MonarchWings","HollowMod:SiblingsSouls","HollowMod:WraithStrike"],"picked":"SKIP","floor":4.0},{"not_picked":["HollowMod:LordofShades","HollowMod:ShadowDash"],"picked":"HollowMod:DoubleDash","floor":6.0},{"not_picked":["HollowMod:NewLittleFool","HollowMod:WraithStrike"],"picked":"HollowMod:InfectedAttack","floor":7.0},{"not_picked":["HollowMod:NewJinnsSoul","HollowMod:SoulVessel"],"picked":"HollowMod:NewGlowingWomb","floor":10.0},{"not_picked":["HollowMod:Grubsong","HollowMod:SiblingsSouls"],"picked":"HollowMod:MawleksShell","floor":12.0},{"not_picked":["HollowMod:WraithStrike","HollowMod:GrimmsGift"],"picked":"HollowMod:ChannelNail","floor":13.0},{"not_picked":["HollowMod:VengefulVoid","HollowMod:InfectedAttack"],"picked":"HollowMod:MothsMistake","floor":14.0}],"player_experience":146565,"relics_obtained":[{"floor":5.0,"key":"Replay:Ringing Soul"},{"floor":6.0,"key":"Orichalcum"},{"floor":9.0,"key":"Mercury Hourglass"},{"floor":13.0,"key":"Replay:Bottled Flurry"}],"event_choices":[],"is_beta":false,"boss_relics":[],"items_purged_floors":[],"is_endless":false,"potions_floor_spawned":[1,4,7,13],"killed_by":"Hallownest:BossHornet","ascension_level":0}}