{"host":"6ncdf681trjj7gs6","time":1609631174,"event":{"mods":["BaseMod","Colored Map","Downfall","Highlight Path","Minty Spire (QoL Compilation)","StSLib"],"gold_per_floor":[99,99,99,99,99,99,99,131,148,163,163,181,209,225,240,337,337,187,206,206,226,22,22,22,51,61,91,91,91,122,122,138,240,240,240,256,256,256],"floor_reached":36,"playtime":2743,"items_purged":[],"score":478,"play_id":"c7c95c8f-5eba-420a-8b9d-6ba91de6d943","local_time":"20210102184614","is_ascension_mode":true,"campfire_choices":[{"data":"champ:Taunt","floor":1.0,"key":"SMITH"},{"floor":11.0,"key":"RECALL"},{"data":"champ:StrikeOfGenius","floor":18.0,"key":"SMITH"},{"data":"champ:BerserkerStyle","floor":23.0,"key":"SMITH"},{"data":"champ:IronFortress","floor":28.0,"key":"SMITH"},{"data":"champ:Taunt","floor":35.0,"key":"SMITH"}],"circlet_count":0,"master_deck":["champ:Execute","champ:Taunt+1","champ:Haymaker+1","champ:FanOfKnives","champ:IronFortress+1","champ:GladiatorsShout","champ:FanOfKnives","champ:StanceDance","champ:BerserkerStyle+1","champ:BringItOn","champ:BerserkerStyle","champ:StrikeOfGenius+1","champ:Lariat","champ:AdrenalArmor","champ:AdrenalArmor","champ:AdrenalArmor","champ:GladiatorStyle+1","champ:SwordSigil","champ:GladiatorsShout","champ:Taunt+1"],"relics":["champ:ChampionCrown","downfall:HeartsMalice","Sundial","Turnip","Mummified Hand","Pandora\u0027s Box","downfall:HeartBlessingRed","downfall:HeartBlessingGreen","Empty Cage","Empty Cage","Empty Cage","Sozu","Anchor","Tiny Chest","Ornamental Fan","Orichalcum","MutagenicStrength","StrikeDummy","Runic Pyramid"],"acts_visited":["Exordium","TheCity","TheBeyond"],"potions_floor_usage":[],"damage_taken":[{"damage":0.0,"enemies":"Small Slimes","floor":2.0,"turns":1.0},{"damage":0.0,"enemies":"Cultist","floor":4.0,"turns":1.0},{"damage":0.0,"enemies":"Jaw Worm","floor":6.0,"turns":1.0},{"damage":32.0,"enemies":"3 Sentries","floor":8.0,"turns":8.0},{"damage":5.0,"enemies":"Blue Slaver","floor":9.0,"turns":3.0},{"damage":13.0,"enemies":"Gremlin Gang","floor":10.0,"turns":4.0},{"damage":12.0,"enemies":"Blue Slaver","floor":12.0,"turns":4.0},{"damage":23.0,"enemies":"Gremlin Nob","floor":13.0,"turns":4.0},{"damage":9.0,"enemies":"Exordium Wildlife","floor":14.0,"turns":2.0},{"damage":4.0,"enemies":"Red Slaver","floor":15.0,"turns":3.0},{"damage":29.0,"enemies":"downfall:Watcher","floor":16.0,"turns":10.0},{"damage":25.0,"enemies":"Spheric Guardian","floor":19.0,"turns":4.0},{"damage":33.0,"enemies":"Shell Parasite","floor":21.0,"turns":4.0},{"damage":30.0,"enemies":"downfall:FleeingMerchant","floor":22.0,"turns":4.0},{"damage":66.0,"enemies":"Slavers","floor":25.0,"turns":6.0},{"damage":39.0,"enemies":"Sentry and Sphere","floor":26.0,"turns":5.0},{"damage":69.0,"enemies":"Gremlin Leader","floor":27.0,"turns":6.0},{"damage":30.0,"enemies":"Book of Stabbing","floor":30.0,"turns":4.0},{"damage":38.0,"enemies":"Chosen and Byrds","floor":32.0,"turns":6.0},{"damage":44.0,"enemies":"downfall:Ironclad","floor":33.0,"turns":6.0},{"damage":46,"enemies":"3 Darklings","floor":36,"turns":5}],"seed_played":"1347490643009885616","potions_obtained":[{"floor":8.0,"key":"Ancient Potion"},{"floor":9.0,"key":"PowerPotion"},{"floor":12.0,"key":"Regen Potion"},{"floor":13.0,"key":"SneckoOil"},{"floor":19.0,"key":"PowerPotion"}],"is_trial":false,"path_per_floor":["R","M","?","M","?","M","T","E","M","M","R","M","E","M","M","B",null,"R","M","?","M","$","R","T","E","M","E","R","?","E","?","M","B",null,"R","M"],"character_chosen":"THE_CHAMP","items_purchased":["champ:SwordSigil","Anchor"],"campfire_rested":0,"item_purchase_floors":[22,22],"current_hp_per_floor":[90,90,90,90,90,90,90,66,66,61,61,54,42,36,35,36,90,90,76,76,74,74,74,74,49,49,45,45,45,45,45,45,41,90,90,90,90,90],"gold":256,"neow_bonus":"THREE_ENEMY_KILL","is_daily":false,"chose_seed":false,"campfire_upgraded":5,"win_rate":0.0,"timestamp":1609631174,"path_taken":["R","M","?","?","?","M","T","E","M","M","R","M","E","M","M","BOSS","R","M","?","M","$","R","T","E","M","E","R","?","E","?","M","BOSS","R","M"],"items_purchased_type":["Card","Relic"],"build_version":"2020-12-22","purchased_purges":0,"victory":false,"max_hp_per_floor":[90,90,90,90,90,90,90,90,90,90,90,90,90,90,90,90,90,90,90,90,90,90,90,90,90,90,90,90,90,90,90,90,90,90,90,90,90,90],"card_choices":[{"not_picked":["champ:StanceDance","champ:TornadoPunch"],"picked":"champ:Haymaker","floor":2.0},{"not_picked":["champ:ShieldWall","champ:StanceDance"],"picked":"champ:FanOfKnives","floor":4.0},{"not_picked":["champ:BerserkersShout","champ:ShieldSigil"],"picked":"champ:IronFortress","floor":6.0},{"not_picked":["champ:Duel","champ:Circumvent"],"picked":"champ:GladiatorsShout","floor":8.0},{"not_picked":["champ:ShieldSigil","champ:Backstep"],"picked":"champ:FanOfKnives","floor":9.0},{"not_picked":["champ:FocusedGladiator","champ:PerfectedStrike"],"picked":"champ:StanceDance","floor":10.0},{"not_picked":["champ:DefensiveShout","champ:Backstep"],"picked":"champ:SteelEdge","floor":12.0},{"not_picked":["champ:ViciousMockery","champ:StanceDance"],"picked":"champ:BerserkerStyle","floor":13.0},{"not_picked":["champ:GladiatorsShout","champ:PerfectedStrike"],"picked":"champ:BringItOn","floor":14.0},{"not_picked":["champ:BringItOn","champ:ShieldWall","champ:Circumvent"],"picked":"SKIP","floor":15.0},{"not_picked":["champ:Devastate","champ:ShieldThrow"],"picked":"champ:StrikeOfGenius","floor":16.0},{"not_picked":["champ:Backstep","champ:TornadoPunch+1"],"picked":"champ:AdrenalArmor","floor":19.0},{"not_picked":["champ:CrookedStrike","champ:Duel"],"picked":"champ:GladiatorStyle+1","floor":21.0},{"not_picked":["champ:DefensiveShout","champ:BringItOn+1","champ:FlashCut"],"picked":"SKIP","floor":22.0},{"not_picked":["champ:FaceSlap","champ:SwordSigil"],"picked":"champ:GladiatorsShout","floor":25.0},{"not_picked":["champ:Haymaker","champ:EnragedBash","champ:ShieldSigil+1"],"picked":"SKIP","floor":26.0},{"not_picked":["champ:CrookedStrike","champ:PerfectedStrike","champ:ShieldSigil"],"picked":"SKIP","floor":27.0},{"not_picked":["champ:DeathBlow+1","champ:GladiatorsShout","champ:PerfectedStrike"],"picked":"SKIP","floor":30.0},{"not_picked":["champ:DefensiveStyle","champ:FanOfKnives","champ:FlashCut+1"],"picked":"SKIP","floor":32.0},{"not_picked":["champ:PerfectedStrike+1","champ:RecklessLeap+1","champ:Haymaker"],"picked":"SKIP","floor":36}],"player_experience":970651,"relics_obtained":[{"floor":7.0,"key":"Sundial"},{"floor":8.0,"key":"Turnip"},{"floor":13.0,"key":"Mummified Hand"},{"floor":24.0,"key":"Tiny Chest"},{"floor":25.0,"key":"Ornamental Fan"},{"floor":27.0,"key":"Orichalcum"},{"floor":30.0,"key":"StrikeDummy"}],"event_choices":[{"damage_healed":0.0,"max_hp_gain":0.0,"max_hp_loss":0.0,"gold_gain":0.0,"event_name":"Upgrade Shrine","player_choice":"Upgraded","floor":3.0,"gold_loss":0.0,"damage_taken":0.0,"cards_upgraded":["champ:Haymaker"]},{"damage_healed":0.0,"max_hp_gain":0.0,"max_hp_loss":0.0,"gold_gain":0.0,"event_name":"Drug Dealer","player_choice":"Inject Mutagens","floor":29.0,"gold_loss":0.0,"damage_taken":0.0,"relics_obtained":["MutagenicStrength"]}],"is_beta":false,"boss_relics":[{"not_picked":["Empty Cage","Black Star"],"picked":"Pandora\u0027s Box"},{"not_picked":["Snecko Eye","Busted Crown"],"picked":"Runic Pyramid"}],"items_purged_floors":[],"is_endless":false,"potions_floor_spawned":[8,9,12,13,19,27,32,33],"killed_by":"3 Darklings","ascension_level":1}}