{"host":"2461dio7vetlq1z3","time":1609606947,"event":{"mods":["2.2 Compatiblity","AchievementEnabler","BaseMod","Better Third Choice","Friendly Minions","Minty Spire (QoL Compilation)","Relic Stats","Replay The Spire","Spicy Shops","StSLib","Waifu the Spire"],"gold_per_floor":[113,47,47,57,57,57,72,72,72,72,107,32,32,58,58,132,132,150,150],"floor_reached":18,"playtime":873,"items_purged":["Strike_G"],"score":336,"play_id":"a1f46d93-e070-4db6-8878-e6878315e5bd","local_time":"20210102180227","is_ascension_mode":true,"campfire_choices":[{"floor":6,"key":"REST"},{"floor":8,"key":"REST"},{"data":"Footwork","floor":10,"key":"SMITH"},{"floor":13,"key":"REST"},{"floor":15,"key":"REST"}],"circlet_count":0,"master_deck":["AscendersBane","Strike_G","Strike_G","Defend_G","Defend_G","Defend_G","Defend_G+1","Survivor+1","Neutralize","Crippling Poison+1","Slice+1","Draining Mist+1","Dodge and Roll","Crippling Poison","Blade Dance","Footwork+1","Flying Knee","Wraith Form v2","Dagger Throw","Calculated Gamble","Blade Dance","Burst"],"relics":["Astrolabe","Dream Catcher","Replay:Accelerometer","ReplayFunnel","ReplayTheSpireMod:Ninjato","SlaversCollar"],"acts_visited":["Exordium","TheCity"],"potions_floor_usage":[11],"damage_taken":[{"damage":8,"enemies":"Small Slimes","floor":1,"turns":3},{"damage":0,"enemies":"2 Louse","floor":4,"turns":4},{"damage":1,"enemies":"Jaw Worm","floor":7,"turns":4},{"damage":33,"enemies":"Gremlin Nob","floor":11,"turns":4},{"damage":17,"enemies":"3 Sentries","floor":14,"turns":8},{"damage":6,"enemies":"Fading Forest","floor":16,"turns":14},{"damage":43,"enemies":"Spheric Guardian","floor":18,"turns":8}],"seed_played":"-7954792277891021041","potions_obtained":[{"floor":7,"key":"PowerPotion"},{"floor":18,"key":"SkillPotion"}],"is_trial":false,"path_per_floor":["M","?","?","M","?","R","M","R","T","R","E","$","R","E","R","B",null,"M"],"character_chosen":"THE_SILENT","items_purchased":[],"campfire_rested":4,"item_purchase_floors":[],"current_hp_per_floor":[51,51,31,31,7,26,25,44,44,44,11,11,30,13,32,26,56,13,13],"gold":150,"neow_bonus":"BOSS_RELIC","is_daily":false,"chose_seed":false,"campfire_upgraded":1,"win_rate":0.0,"timestamp":1609606947,"path_taken":["M","?","?","M","?","R","M","R","T","R","E","?","R","E","R","BOSS","M"],"items_purchased_type":[],"build_version":"2020-12-22","purchased_purges":1,"victory":false,"max_hp_per_floor":[66,66,66,66,66,66,66,66,66,66,66,66,66,66,66,66,66,66,66],"relic_stats":{"Dream Catcher":4,"counters":[7,45],"Astrolabe":["Crippling Poison","Slice","Draining Mist"],"obtain_stats":[{"ReplayFunnel":11,"Replay:Accelerometer":9,"SlaversCollar":17,"Dream Catcher":5,"ReplayTheSpireMod:Ninjato":14,"Astrolabe":0,"Ring of the Snake":0},{"ReplayFunnel":4,"Replay:Accelerometer":3,"SlaversCollar":6,"Dream Catcher":2,"ReplayTheSpireMod:Ninjato":5,"Astrolabe":0,"Ring of the Snake":0},{"ReplayFunnel":15,"Replay:Accelerometer":11,"SlaversCollar":37,"Dream Catcher":7,"ReplayTheSpireMod:Ninjato":23,"Astrolabe":0,"Ring of the Snake":0}]},"card_choices":[{"not_picked":["Backflip","Hidden Blade"],"picked":"Dodge and Roll","floor":1},{"not_picked":["ReplayTheSpireMod:The Works","Outmaneuver"],"picked":"Crippling Poison","floor":4},{"not_picked":["Hidden Blade","Slice"],"picked":"Blade Dance","floor":6},{"not_picked":["Backflip","Dagger Spray"],"picked":"Footwork","floor":7},{"not_picked":["ReplayTheSpireMod:The Works","Tactician"],"picked":"Flying Knee","floor":8},{"not_picked":["Flechettes","ReplayTheSpireMod:Scrap Shanks"],"picked":"Wraith Form v2","floor":11},{"not_picked":["Hidden Blade","Setup"],"picked":"Dagger Throw","floor":13},{"not_picked":["Underhanded Strike","Crippling Poison"],"picked":"Calculated Gamble","floor":14},{"not_picked":["Choke","Expertise"],"picked":"Blade Dance","floor":15},{"not_picked":["Adrenaline","Night Terror"],"picked":"Burst","floor":16}],"player_experience":1017608,"relics_obtained":[{"floor":9,"key":"Replay:Accelerometer"},{"floor":11,"key":"ReplayFunnel"},{"floor":14,"key":"ReplayTheSpireMod:Ninjato"}],"event_choices":[{"damage_healed":0,"gold_gain":0,"player_choice":"Left","damage_taken":0,"max_hp_gain":0,"max_hp_loss":0,"event_name":"betterThird:BetterGoop","floor":2,"gold_loss":66},{"damage_healed":51,"gold_gain":0,"player_choice":"Upgrade","damage_taken":20,"max_hp_gain":0,"max_hp_loss":66,"event_name":"betterThird:BetterShining","floor":3,"gold_loss":0,"cards_upgraded":["Defend_G","Survivor"]},{"damage_healed":0,"gold_gain":1,"player_choice":"Relic ","damage_taken":24,"max_hp_gain":0,"max_hp_loss":0,"event_name":"betterThird:BetterScrap","floor":5,"gold_loss":0,"cards_obtained":["Fire Breathing"]}],"is_beta":false,"boss_relics":[{"not_picked":["Honey Jar","Empty Cage"],"picked":"SlaversCollar"}],"items_purged_floors":[12],"is_endless":false,"potions_floor_spawned":[7,18],"killed_by":"Spheric Guardian","ascension_level":20}}