{"host":"csp9nt53rootlkah","time":1609574567,"event":{"mods":["Act Like it!","BaseMod","Colored Powertips","Friendly Minions","Gensokyo","Highlight Path","Minty Spire (QoL Compilation)","Quick Restart","Replay The Spire","StSLib","TestMod","The Factory","The Gatherer","The Jungle","UnlockEverythingMod","¡¾ÒÅÎï¿¨ÅÆ¡¿REMEMod"],"gold_per_floor":[119,119,49,49,67,98,98,98,151,183,202,20,20,33,33,133,133,147,147,147,162,412,425,305,255,255,255,255,255,255],"floor_reached":28,"playtime":1605,"items_purged":["Gatherer:Strike_Gatherer","Gatherer:Defend_Gatherer"],"score":249,"play_id":"8c163a39-d9bc-4010-a0cc-b0c33b442605","local_time":"20210102160247","is_ascension_mode":false,"metric_token":1045,"campfire_choices":[{"data":"Gatherer:FlowerWhip+1","floor":7.0,"key":"SMITH"},{"data":"Gatherer:FlowerWhip+2","floor":13,"key":"SMITH"},{"data":"Gatherer:Centralize","floor":15,"key":"SMITH"},{"data":"Gatherer:Liquidism","floor":27,"key":"SMITH"}],"circlet_count":0,"master_deck":["Gatherer:Strike_Gatherer","Gatherer:Strike_Gatherer","Gatherer:Strike_Gatherer","Gatherer:Strike_Gatherer","Gatherer:Defend_Gatherer","Gatherer:Defend_Gatherer","Gatherer:Defend_Gatherer","Gatherer:Defend_Gatherer","Gatherer:Centralize+1","Gatherer:FlowerWhip+3","Gatherer:AlchemyTrial","Gatherer:FlowerShield","Gatherer:UpgradeBag","Gatherer:Liquidism+1","Gatherer:EnergyBasket","Gatherer:EnergyBasket","Gatherer:DrugPower","Gatherer:Examine","Gatherer:Duplicator"],"relics":["Gatherer:AlchemyBag","testmod-TestBox","REME_ComplimentaryCards","testmod-CyclicPeriapt","NeowsBlessing","Akabeko","testmod-Hope","Bag of Preparation","Strawberry","Potion Belt","Membership Card","Philosopher\u0027s Stone","Gensokyo:SongOfSouls","Gensokyo:MaskOfHope","testmod-TurbochargingSystem"],"acts_visited":["Gensokyo:Gensokyo","Gensokyo:Gensokyoer"],"potions_floor_usage":[10,16,28,28,28,28],"damage_taken":[{"damage":0.0,"enemies":"Gensokyo:2_Kodama","floor":1.0,"turns":1.0},{"damage":0.0,"enemies":"Gensokyo:Python","floor":5.0,"turns":1.0},{"damage":0.0,"enemies":"Gensokyo:Cirno","floor":6.0,"turns":2.0},{"damage":18,"enemies":"Gensokyo:Mamizou","floor":10,"turns":9},{"damage":1,"enemies":"Gensokyo:3_Fairies","floor":11,"turns":5},{"damage":2,"enemies":"Gensokyo:Gryphon_and_Rabbit","floor":14,"turns":4},{"damage":10,"enemies":"Gensokyo:Yukari","floor":16,"turns":6},{"damage":10,"enemies":"Gensokyo:CosmicMonolith","floor":18,"turns":5},{"damage":15,"enemies":"Gensokyo:Chomper","floor":21,"turns":4},{"damage":14,"enemies":"Gensokyo:Wraith","floor":23,"turns":3},{"damage":38,"enemies":"Gensokyo:Reisen","floor":28,"turns":5}],"seed_played":"-6903533589156252969","potions_obtained":[{"floor":1.0,"key":"ColorlessPotion"},{"floor":11,"key":"LifebloodPotion"},{"floor":14,"key":"Elixir"},{"floor":21,"key":"SpeedPotion"},{"floor":23,"key":"EntropicBrew"}],"is_trial":false,"path_per_floor":["M","?","?","?","M","E","R","T","T","E","M","$","R","M","R","B",null,"M","?","?","M","?","M","?","$","T","R","E"],"character_chosen":"THE_GATHERER","items_purchased":["Membership Card"],"campfire_rested":0,"item_purchase_floors":[12],"current_hp_per_floor":[72,72,72,72,72,72,72,72,79,61,60,60,60,58,58,79,79,69,69,69,54,54,40,40,40,40,40,2,2,2],"gold":255,"neow_bonus":"THREE_ENEMY_KILL","is_daily":false,"chose_seed":false,"campfire_upgraded":4,"win_rate":0.0,"timestamp":1609574567,"path_taken":["M","?","?","?","M","E","R","?","T","E","?","$","R","?","R","BOSS","M","?","?","M","?","M","?","?","T","R","E"],"items_purchased_type":["Relic"],"build_version":"2020-12-22","purchased_purges":2,"victory":false,"max_hp_per_floor":[72,72,72,72,72,72,72,72,79,79,79,79,79,79,79,79,79,79,79,79,79,75,75,75,75,75,75,75,75,75],"card_choices":[{"not_picked":["Gatherer:Transmute","Gatherer:EnergyBasket"],"picked":"Gatherer:FlowerShield","floor":1.0},{"not_picked":["Gatherer:Convert","Gatherer:AromaProtection"],"picked":"Gatherer:UpgradeBag","floor":5.0},{"not_picked":["Gatherer:GlowingPlant","Gatherer:UpgradeBag"],"picked":"Gatherer:Liquidism","floor":6.0},{"not_picked":["Gatherer:DrugPower","Gatherer:PoisonMastery"],"picked":"Gatherer:EnergyBasket","floor":10},{"not_picked":["Gatherer:CarefulStrike","Gatherer:Solidify"],"picked":"Gatherer:EnergyBasket","floor":11},{"not_picked":["Gatherer:FlowerPower","Gatherer:CollectorsShot"],"picked":"Gatherer:DrugPower","floor":14},{"not_picked":["Gatherer:BomberForm","Gatherer:ScrollOfPurity"],"picked":"Gatherer:Examine","floor":16},{"not_picked":["Gatherer:FragileHammer","Gatherer:VenomBarrier","Gatherer:TacticalStrike"],"picked":"SKIP","floor":18},{"not_picked":["Gatherer:EnergyBasket","Gatherer:AcidicSpray+1","Gatherer:GatherMaterial"],"picked":"SKIP","floor":21},{"not_picked":["Gatherer:EnergyBasket","Gatherer:SaveValuables"],"picked":"Gatherer:Duplicator","floor":23}],"player_experience":116204,"relics_obtained":[{"floor":6.0,"key":"testmod-Hope"},{"floor":8.0,"key":"Bag of Preparation"},{"floor":9.0,"key":"Strawberry"},{"floor":10,"key":"Potion Belt"},{"floor":26,"key":"testmod-TurbochargingSystem"}],"event_choices":[],"is_beta":false,"boss_relics":[{"not_picked":["Snecko Eye","testmod-StringDisintegrator"],"picked":"Philosopher\u0027s Stone"}],"items_purged_floors":[12,25],"is_endless":false,"potions_floor_spawned":[1,11,14,21,23],"killed_by":"Gensokyo:Reisen","ascension_level":0}}