{"host":"9n6i2vl93jt4o42q","time":1609627210,"event":{"mods":["BaseMod","Downfall","Minty Spire (QoL Compilation)","Relic Stats","StSLib"],"gold_per_floor":[99,115,127,137,137,156,207,232,291,319,319,353,278,293,305,405,405,405,421,438,438,452,482,506,431,431,463,388,405,6,91,103,199,199,199,215,270,290,10,95,150,150,481,481,59,78,108,122,138,138,138,172,44,44,44],"floor_reached":56,"playtime":10514,"items_purged":["Guardian:Gem_Blue","Guardian:Gem_Red","Guardian:Gem_Lightblue"],"score":1605,"play_id":"3b37a328-fc66-4ef2-ba94-4d0ed1931747","local_time":"20210102234010","is_ascension_mode":true,"campfire_choices":[{"data":"Guardian:TwinSlam","floor":1,"key":"SMITH"},{"data":"Guardian:BronzeArmor","floor":18,"key":"SMITH"},{"floor":25,"key":"RECALL"},{"data":"Guardian:SpikerProtocol","floor":28,"key":"SMITH"},{"data":"Guardian:PolyBeam","floor":44,"key":"SMITH"},{"floor":54,"key":"REST"}],"circlet_count":0,"master_deck":["Guardian:Strike_Guardian+1","Guardian:Strike_Guardian+1","Guardian:Strike_Guardian+1","Guardian:Defend_Guardian+1","Guardian:Defend_Guardian+1","Guardian:Defend_Guardian+1","Guardian:Defend_Guardian+1","Guardian:CurlUp","Guardian:TwinSlam+1","Guardian:Gem_Red","Guardian:BronzeOrb","Guardian:PiercingHide","Guardian:Recover","Guardian:ChargeCore","Guardian:Planning","Guardian:SpikerProtocol+1","Guardian:BronzeArmor+1","Guardian:PiercingHide","Guardian:FastForward","Guardian:Planning","Guardian:VentSteam","Guardian:Suspension","Guardian:Orbwalk","Guardian:PolyBeam+1","Guardian:Incinerate+1","Guardian:PrimingBeam+1","Guardian:Repulse","Guardian:TemporalShield","Guardian:PolyBeam"],"relics":["Guardian:ModeShifter","Happy Flower","Vajra","Potion Belt","Thread and Needle","Guardian:PickAxe","Bronze Scales","downfall:HeartBlessingGreen","Busted Crown","Guardian:SackOfGems","downfall:HeartBlessingBlue","Bottled Tornado","downfall:HeartBlessingRed","Lantern","SacredBark","FossilizedHelix","Bottled Flame","Omamori","Orichalcum","Old Coin","ClockworkSouvenir","Centennial Puzzle","Mummified Hand","Gambling Chip"],"acts_visited":["Exordium","TheCity","TheBeyond","TheEnding"],"potions_floor_usage":[27,37,46,47,52,52,52,55,55],"damage_taken":[{"damage":0,"enemies":"Small Slimes","floor":2,"turns":4},{"damage":1,"enemies":"2 Louse","floor":3,"turns":3},{"damage":6,"enemies":"Jaw Worm","floor":4,"turns":3},{"damage":6,"enemies":"Large Slime","floor":6,"turns":8},{"damage":17,"enemies":"3 Sentries","floor":8,"turns":10},{"damage":25,"enemies":"Lagavulin Event","floor":9,"turns":8},{"damage":4,"enemies":"Lagavulin","floor":10,"turns":6},{"damage":0,"enemies":"Lagavulin","floor":11,"turns":3},{"damage":0,"enemies":"3 Sentries","floor":12,"turns":7},{"damage":0,"enemies":"2 Fungi Beasts","floor":14,"turns":2},{"damage":0,"enemies":"Exordium Wildlife","floor":15,"turns":3},{"damage":0,"enemies":"downfall:Ironclad","floor":16,"turns":6},{"damage":0,"enemies":"Shell Parasite","floor":19,"turns":3},{"damage":0,"enemies":"Chosen","floor":20,"turns":4},{"damage":0,"enemies":"Centurion and Healer","floor":22,"turns":6},{"damage":0,"enemies":"Book of Stabbing","floor":23,"turns":4},{"damage":0,"enemies":"Slavers","floor":27,"turns":4},{"damage":0,"enemies":"Snake Plant","floor":29,"turns":3},{"damage":0,"enemies":"downfall:FleeingMerchant","floor":30,"turns":4},{"damage":0,"enemies":"Snecko","floor":32,"turns":5},{"damage":0,"enemies":"downfall:Silent","floor":33,"turns":5},{"damage":0,"enemies":"3 Darklings","floor":36,"turns":5},{"damage":23,"enemies":"2 Orb Walkers","floor":37,"turns":5},{"damage":0,"enemies":"Orb Walker","floor":38,"turns":3},{"damage":0,"enemies":"downfall:FleeingMerchant","floor":39,"turns":4},{"damage":0,"enemies":"downfall:FleeingMerchant","floor":40,"turns":4},{"damage":0,"enemies":"Reptomancer","floor":43,"turns":5},{"damage":0,"enemies":"Transient","floor":46,"turns":5},{"damage":0,"enemies":"Giant Head","floor":47,"turns":7},{"damage":0,"enemies":"Sphere and 2 Shapes","floor":48,"turns":4},{"damage":0,"enemies":"Maw","floor":49,"turns":6},{"damage":0,"enemies":"downfall:Watcher","floor":50,"turns":8},{"damage":33,"enemies":"downfall:CharBossMerchant","floor":52,"turns":9},{"damage":70,"enemies":"downfall:NeowBoss","floor":55,"turns":26}],"seed_played":"-4711994689881548525","potions_obtained":[{"floor":0,"key":"Fire Potion"},{"floor":0,"key":"EssenceOfSteel"},{"floor":0,"key":"Guardian:BlockOnCardUsePotion"},{"floor":2,"key":"LiquidMemories"},{"floor":10,"key":"Swift Potion"},{"floor":12,"key":"Strength Potion"},{"floor":29,"key":"Energy Potion"},{"floor":43,"key":"Swift Potion"},{"floor":48,"key":"AttackPotion"},{"floor":49,"key":"ColorlessPotion"}],"is_trial":false,"path_per_floor":["R","M","M","M","?","M","T","E","?","E","?","E","R","M","M","B",null,"R","M","M","?","M","E","T","R","?","E","R","M","$","?","M","B",null,"R","M","?","M","$","?","T","?","E","R","$","M","E","M","M","B",null,"E","$","R","B",null],"character_chosen":"GUARDIAN","items_purchased":["Guardian:Suspension","Guardian:Orbwalk","Guardian:PolyBeam","Lantern","Guardian:TemporalShield","Bottled Flame","Omamori","ClockworkSouvenir","Centennial Puzzle","Guardian:PolyBeam","PowerPotion"],"campfire_rested":1,"item_purchase_floors":[30,30,30,30,39,39,40,45,45,53,53],"current_hp_per_floor":[80,80,79,73,73,67,67,50,25,21,21,21,21,21,21,21,80,80,80,80,80,80,80,80,90,90,90,90,90,90,74,74,74,90,90,90,67,67,67,67,67,67,67,67,67,67,67,67,67,67,90,57,57,84,14],"gold":44,"neow_bonus":"THREE_SMALL_POTIONS","is_daily":false,"chose_seed":false,"campfire_upgraded":4,"win_rate":0.0,"timestamp":1609627210,"path_taken":["R","M","M","M","?","M","T","E","?","E","?","E","R","M","M","BOSS","R","M","M","?","M","E","T","R","?","E","R","M","$","?","M","BOSS","R","M","?","M","$","?","T","?","E","R","$","M","E","?","M","BOSS","E","$","R","BOSS"],"items_purchased_type":["Card","Card","Card","Relic","Card","Relic","Relic","Relic","Relic","Card","Potion"],"build_version":"2020-12-22","purchased_purges":3,"victory":true,"max_hp_per_floor":[80,80,80,80,80,80,80,80,80,80,80,80,80,80,80,80,80,80,80,80,80,80,80,80,90,90,90,90,90,90,90,90,90,90,90,90,90,90,90,90,90,90,90,90,90,90,90,90,90,90,90,90,90,90,90],"relic_stats":{"Centennial Puzzle":[6],"Busted Crown":40,"Happy Flower":[58],"counters":[34,192],"Mummified Hand":[14],"Bronze Scales":[445],"Gambling Chip":[2],"Orichalcum":[12],"obtain_stats":[{"Potion Belt":9,"Lantern":30,"Happy Flower":7,"downfall:HeartBlessingRed":28,"SacredBark":34,"Guardian:ModeShifter":0,"Vajra":8,"Thread and Needle":10,"downfall:HeartBlessingGreen":13,"Guardian:SackOfGems":23,"Omamori":40,"Bottled Tornado":27,"Orichalcum":41,"Old Coin":43,"ClockworkSouvenir":45,"Guardian:PickAxe":11,"Bottled Flame":39,"Centennial Puzzle":45,"Busted Crown":17,"downfall:HeartBlessingBlue":25,"Mummified Hand":47,"Bronze Scales":12,"Gambling Chip":52,"FossilizedHelix":37},{"Potion Belt":5,"Lantern":19,"Happy Flower":4,"downfall:HeartBlessingRed":17,"SacredBark":21,"Guardian:ModeShifter":0,"Vajra":5,"Thread and Needle":7,"downfall:HeartBlessingGreen":9,"Guardian:SackOfGems":16,"Omamori":26,"Bottled Tornado":17,"Orichalcum":26,"Old Coin":27,"ClockworkSouvenir":27,"Guardian:PickAxe":8,"Bottled Flame":25,"Centennial Puzzle":27,"Busted Crown":12,"downfall:HeartBlessingBlue":16,"Mummified Hand":29,"Bronze Scales":9,"Gambling Chip":33,"FossilizedHelix":23},{"Potion Belt":28,"Lantern":91,"Happy Flower":18,"downfall:HeartBlessingRed":84,"SacredBark":101,"Guardian:ModeShifter":0,"Vajra":28,"Thread and Needle":42,"downfall:HeartBlessingGreen":52,"Guardian:SackOfGems":80,"Omamori":122,"Bottled Tornado":84,"Orichalcum":122,"Old Coin":127,"ClockworkSouvenir":127,"Guardian:PickAxe":45,"Bottled Flame":118,"Centennial Puzzle":127,"Busted Crown":63,"downfall:HeartBlessingBlue":80,"Mummified Hand":139,"Bronze Scales":52,"Gambling Chip":166,"FossilizedHelix":111}]},"card_choices":[{"not_picked":["Guardian:Gem_Green","Guardian:ShieldCharger"],"picked":"Guardian:Gem_Red","floor":2},{"not_picked":["Guardian:Planning","Guardian:PrimingBeam"],"picked":"Guardian:BronzeOrb","floor":3},{"not_picked":["Guardian:Recover","Guardian:Reroute"],"picked":"Guardian:PiercingHide","floor":4},{"not_picked":["Guardian:ShieldSpikes","Guardian:PiercingHide"],"picked":"Guardian:Recover","floor":6},{"not_picked":["Guardian:TimeBomb","Guardian:SentryBeam"],"picked":"Guardian:ChargeCore","floor":8},{"not_picked":["Guardian:Repulse","Guardian:Gem_Red"],"picked":"Guardian:Planning","floor":9},{"not_picked":["Guardian:Gem_Purple","Guardian:TimeBomb"],"picked":"Guardian:SpikerProtocol","floor":10},{"not_picked":["Guardian:TemporalShield","Guardian:VentSteam"],"picked":"Guardian:Gem_Blue","floor":12},{"not_picked":["Guardian:SphericShield","Guardian:FloatingOrbs"],"picked":"Guardian:BronzeArmor","floor":14},{"not_picked":["Guardian:Gem_Cyan","Guardian:Planning"],"picked":"Guardian:PiercingHide","floor":15},{"not_picked":["Guardian:HyperBeam_Guardian","Guardian:SphericShield"],"picked":"Guardian:FastForward","floor":16},{"not_picked":[],"picked":"Guardian:Planning","floor":19},{"not_picked":[],"picked":"Guardian:Gem_Cyan","floor":20},{"not_picked":["Guardian:WalkerClaw"],"picked":"SKIP","floor":22},{"not_picked":["Guardian:SentryBeam"],"picked":"SKIP","floor":23},{"not_picked":[],"picked":"Guardian:Gem_Fragmented","floor":27},{"not_picked":["Guardian:PiercingHide"],"picked":"SKIP","floor":29},{"not_picked":[],"picked":"Guardian:VentSteam","floor":30},{"not_picked":[],"picked":"Guardian:Incinerate+1","floor":32},{"not_picked":[],"picked":"Guardian:PrimingBeam+1","floor":36},{"not_picked":[],"picked":"Guardian:Repulse","floor":37},{"not_picked":["Guardian:VentSteam+1"],"picked":"SKIP","floor":38},{"not_picked":["Guardian:Emergency"],"picked":"SKIP","floor":39},{"not_picked":["Guardian:Emergency"],"picked":"SKIP","floor":40},{"not_picked":["Guardian:VentSteam"],"picked":"SKIP","floor":43},{"not_picked":["Guardian:Gem_Red"],"picked":"SKIP","floor":46},{"not_picked":["Guardian:Planning+1"],"picked":"SKIP","floor":47},{"not_picked":["Guardian:Incinerate"],"picked":"SKIP","floor":48},{"not_picked":["Guardian:Gem_Lightblue"],"picked":"SKIP","floor":49},{"not_picked":["Guardian:ShieldSpikes"],"picked":"SKIP","floor":52}],"player_experience":2069186,"relics_obtained":[{"floor":7,"key":"Happy Flower"},{"floor":8,"key":"Vajra"},{"floor":10,"key":"Thread and Needle"},{"floor":12,"key":"Bronze Scales"},{"floor":23,"key":"Guardian:SackOfGems"},{"floor":27,"key":"Bottled Tornado"},{"floor":37,"key":"FossilizedHelix"},{"floor":41,"key":"Orichalcum"},{"floor":43,"key":"Old Coin"},{"floor":47,"key":"Mummified Hand"},{"floor":52,"key":"Gambling Chip"}],"event_choices":[{"damage_healed":0,"gold_gain":0,"player_choice":"Simplicity","damage_taken":0,"max_hp_gain":0,"max_hp_loss":0,"event_name":"Back to Basics","floor":21,"gold_loss":0,"cards_upgraded":["Guardian:Strike_Guardian","Guardian:Strike_Guardian","Guardian:Strike_Guardian","Guardian:Defend_Guardian","Guardian:Defend_Guardian","Guardian:Defend_Guardian","Guardian:Defend_Guardian"]},{"damage_healed":0,"gold_gain":0,"player_choice":"Fight","damage_taken":0,"max_hp_gain":0,"max_hp_loss":0,"event_name":"Mysterious Sphere","floor":37,"gold_loss":0}],"is_beta":false,"boss_relics":[{"not_picked":["Guardian:ModeShifterPlus","Snecko Eye"],"picked":"Busted Crown"},{"not_picked":["Philosopher\u0027s Stone","SlaversCollar"],"picked":"SacredBark"}],"items_purged_floors":[30,40,45],"is_endless":false,"potions_floor_spawned":[2,10,11,12,15,22,23,29,33,36,43,48,49],"ascension_level":1}}