{"host":"6pcojuaa041y50xg","time":1609596607,"event":{"mods":["2.2 Compatiblity","Act Like it!","Arknights The Spire","BaseMod","Better Match","Better Third Choice","BetterRewards","ChefMod","Colored Powertips","Conspire","Ekko","GifTheSpireLib","Halation","Hallownest","Hermit","Hubris","Infinite Spire","Mad Scientist","Minty Spire (QoL Compilation)","Pale of the Ancients","Rare Cards Sparkle","StSLib","Stuff the Spire","SuperFastMode","The Animator","The Bladedancer","The Bug Knight","The Factory","The Gatherer","The IronCluck","The Judge","The Jungle","The Marked","The Runesmith","The Servant 0.9.4","The Valiant","The Witch","TheSwordswoman","Trackpad","Wandering Minibosses","everything is the same but u backflip on backflip","vexMod"],"gold_per_floor":[128,128,128,403,202,270,270,285,361,393,406,306,379,67,67,69,69],"floor_reached":16,"playtime":515,"items_purged":["Regret","hermit:Defend_Hermit"],"score":108,"play_id":"4c1bd859-aa5b-401d-87f9-f7f53df68a89","local_time":"20210102061007","is_ascension_mode":false,"campfire_choices":[{"floor":7,"key":"REST"},{"data":"hermit:CursedWeapon","floor":15,"key":"SMITH"}],"circlet_count":0,"master_deck":["hermit:Strike_Hermit","hermit:Strike_Hermit","hermit:Strike_Hermit","hermit:Strike_Hermit","hermit:Defend_Hermit","hermit:Defend_Hermit","hermit:Defend_Hermit","hermit:Snapshot","hermit:Covet","hermit:DeadOrAlive","hermit:CursedWeapon+1","hermit:ShadowCloak","hermit:Manifest","hermit:Quickdraw","hermit:SprayPray"],"relics":["hermit:Momento","halation:IllGainedPizza","hubris:Towel","trackpad:PetRock","hubris:MobiusCoin","Happy Flower","Ginger"],"acts_visited":["Exordium"],"potions_floor_usage":[13,13,16],"damage_taken":[{"damage":0,"enemies":"Small Slimes","floor":1,"turns":2},{"damage":56,"enemies":"Gremlin Nob","floor":6,"turns":7},{"damage":14,"enemies":"Jaw Worm","floor":8,"turns":5},{"damage":2,"enemies":"2 Louse","floor":10,"turns":2},{"damage":2,"enemies":"Red Slaver","floor":11,"turns":3},{"damage":11,"enemies":"3 Sentries","floor":13,"turns":6},{"damage":13,"enemies":"Slime Boss","floor":16,"turns":3}],"seed_played":"-8471452633062308293","potions_obtained":[{"floor":6,"key":"ColorlessPotion"},{"floor":10,"key":"LiquidMemories"},{"floor":11,"key":"Fire Potion"}],"is_trial":false,"path_per_floor":["M","?","?","?","$","E","R","M","T","M","M","$","E","$","R","B"],"character_chosen":"HERMIT","items_purchased":["hermit:ShadowCloak","hermit:Manifest","Ginger"],"campfire_rested":1,"item_purchase_floors":[5,5,14],"current_hp_per_floor":[75,72,72,72,72,16,38,24,24,22,20,20,9,9,9,0,0],"gold":69,"neow_bonus":"ONE_RANDOM_RARE_CARD","is_daily":false,"chose_seed":false,"campfire_upgraded":1,"win_rate":0.0,"timestamp":1609596607,"path_taken":["M","?","?","?","$","E","R","M","T","M","?","$","E","?","R","BOSS"],"items_purchased_type":["Card","Card","Relic"],"build_version":"2020-12-22","purchased_purges":2,"victory":false,"max_hp_per_floor":[75,75,75,75,75,75,75,75,75,75,75,75,75,75,75,75,75],"card_choices":[{"not_picked":["hermit:Desperado","hermit:Feint"],"picked":"hermit:CursedWeapon","floor":1},{"not_picked":["hermit:HighCaliber","hermit:TakeCover"],"picked":"hermit:Quickdraw","floor":6},{"not_picked":["hermit:Ricochet","hermit:Snipe","hermit:FullyLoaded"],"picked":"SKIP","floor":8},{"not_picked":["hermit:Coalescence","hermit:Headshot","hermit:HighCaliber"],"picked":"SKIP","floor":10},{"not_picked":["hermit:Dive","hermit:HighCaliber","hermit:TakeCover"],"picked":"SKIP","floor":11},{"not_picked":["hermit:Scavenge","hermit:Headshot"],"picked":"hermit:SprayPray","floor":13}],"player_experience":494128,"relics_obtained":[{"floor":6,"key":"trackpad:PetRock"},{"floor":9,"key":"hubris:MobiusCoin"},{"floor":13,"key":"Happy Flower"}],"event_choices":[{"damage_healed":0,"gold_gain":0,"player_choice":"Relic ","damage_taken":3,"max_hp_gain":0,"max_hp_loss":0,"event_name":"betterThird:BetterScrap","floor":2,"gold_loss":0,"cards_obtained":["BattleHymn"]},{"damage_healed":0,"gold_gain":275,"player_choice":"Desecrate","damage_taken":0,"max_hp_gain":0,"max_hp_loss":0,"event_name":"Golden Shrine","floor":4,"gold_loss":0,"cards_obtained":["Regret"]}],"is_beta":false,"boss_relics":[],"items_purged_floors":[5,12],"is_endless":false,"potions_floor_spawned":[6,10,11],"killed_by":"Slime Boss","ascension_level":0}}