{"host":"phniwng9zo19jwdb","time":1609605811,"event":{"mods":["AchievementEnabler","BaseMod","Colored Powertips","Faster Ascension Climbing","GifTheSpireLib","Minty Spire (QoL Compilation)","Permanent Neow","Rare Cards Sparkle","StSLib"],"gold_per_floor":[109,127,145,145,164,164,179,212,257,277,352,380,380,399,399,477,477,492,492,506,506,506],"floor_reached":21,"playtime":898,"items_purged":[],"score":392,"play_id":"76e66901-0000-495b-8b2c-53871e2fa069","local_time":"20210102174331","is_ascension_mode":true,"campfire_choices":[{"data":"Noxious Fumes","floor":6,"key":"SMITH"},{"data":"After Image","floor":13,"key":"SMITH"},{"data":"Infinite Blades","floor":15,"key":"SMITH"}],"circlet_count":0,"master_deck":["AscendersBane","Strike_G","Strike_G","Strike_G","Strike_G","Defend_G","Defend_G","Defend_G","Defend_G","Defend_G","Survivor","Neutralize","Apotheosis+1","Poisoned Stab","Poisoned Stab","Poisoned Stab","Noxious Fumes+1","Footwork","After Image+1","Prepared","Infinite Blades+1","Prepared","Die Die Die","Calculated Gamble"],"relics":["Ring of the Snake","Nunchaku","Bag of Marbles","Matryoshka","Black Star"],"acts_visited":["Exordium","TheCity"],"potions_floor_usage":[8,12,16,20,21],"damage_taken":[{"damage":0,"enemies":"Small Slimes","floor":1,"turns":5},{"damage":2,"enemies":"Cultist","floor":2,"turns":4},{"damage":0,"enemies":"2 Louse","floor":3,"turns":4},{"damage":0,"enemies":"Large Slime","floor":5,"turns":4},{"damage":0,"enemies":"Exordium Wildlife","floor":7,"turns":3},{"damage":12,"enemies":"Gremlin Nob","floor":8,"turns":3},{"damage":0,"enemies":"2 Fungi Beasts","floor":10,"turns":4},{"damage":0,"enemies":"Lagavulin","floor":12,"turns":6},{"damage":0,"enemies":"Large Slime","floor":14,"turns":4},{"damage":11,"enemies":"Slime Boss","floor":16,"turns":9},{"damage":0,"enemies":"Chosen","floor":18,"turns":6},{"damage":24,"enemies":"2 Thieves","floor":20,"turns":5},{"damage":37,"enemies":"Masked Bandits","floor":21,"turns":5}],"seed_played":"6386781599897810442","potions_obtained":[{"floor":1,"key":"Swift Potion"},{"floor":3,"key":"DistilledChaos"},{"floor":5,"key":"CunningPotion"},{"floor":10,"key":"BlessingOfTheForge"},{"floor":14,"key":"SneckoOil"},{"floor":16,"key":"Weak Potion"},{"floor":20,"key":"ColorlessPotion"}],"is_trial":false,"path_per_floor":["M","M","M","?","M","R","M","E","T","M","?","E","R","M","R","B",null,"M","?","M","?"],"character_chosen":"THE_SILENT","items_purchased":[],"campfire_rested":0,"item_purchase_floors":[],"current_hp_per_floor":[59,57,57,57,57,57,57,45,45,45,34,34,34,34,34,23,51,51,51,27,0,0],"gold":506,"neow_bonus":"RANDOM_COLORLESS_2","is_daily":false,"chose_seed":false,"campfire_upgraded":3,"win_rate":0.0,"timestamp":1609605811,"path_taken":["M","M","M","?","?","R","M","E","T","M","?","E","R","M","R","BOSS","M","?","M","?"],"items_purchased_type":[],"build_version":"2020-12-22","purchased_purges":0,"victory":false,"max_hp_per_floor":[60,60,60,60,60,60,60,60,60,60,60,60,60,60,60,60,60,60,60,60,60,60],"card_choices":[{"not_picked":["Secret Weapon","Thinking Ahead"],"picked":"Apotheosis","floor":0},{"not_picked":["Sucker Punch","Eviscerate"],"picked":"Poisoned Stab","floor":1},{"not_picked":["Slice","Riddle With Holes"],"picked":"Poisoned Stab","floor":2},{"not_picked":["Choke","Underhanded Strike"],"picked":"Poisoned Stab","floor":3},{"not_picked":["Deadly Poison","Underhanded Strike"],"picked":"Noxious Fumes","floor":5},{"not_picked":["Well Laid Plans","Quick Slash"],"picked":"Footwork","floor":7},{"not_picked":["Catalyst","Well Laid Plans"],"picked":"After Image","floor":8},{"not_picked":["Quick Slash","Leg Sweep"],"picked":"Prepared","floor":10},{"not_picked":["Cloak And Dagger","Dagger Spray"],"picked":"Infinite Blades","floor":12},{"not_picked":["Poisoned Stab","Bouncing Flask"],"picked":"Prepared","floor":14},{"not_picked":["Storm of Steel","Venomology"],"picked":"Die Die Die","floor":16},{"not_picked":["All Out Attack","Sucker Punch"],"picked":"Calculated Gamble","floor":18},{"not_picked":["Accuracy","Setup","Prepared+1"],"picked":"SKIP","floor":20}],"player_experience":40143,"relics_obtained":[{"floor":8,"key":"Nunchaku"},{"floor":9,"key":"Bag of Marbles"},{"floor":12,"key":"Matryoshka"}],"event_choices":[{"damage_healed":0,"gold_gain":0,"player_choice":"Upgraded","damage_taken":0,"max_hp_gain":0,"max_hp_loss":0,"event_name":"Upgrade Shrine","floor":4,"gold_loss":0,"cards_upgraded":["Apotheosis"]},{"damage_healed":0,"gold_gain":75,"player_choice":"Gather Gold","damage_taken":11,"max_hp_gain":0,"max_hp_loss":0,"event_name":"World of Goop","floor":11,"gold_loss":0},{"cards_removed":["Strike_G"],"damage_healed":0,"gold_gain":0,"player_choice":"Elegance","damage_taken":0,"max_hp_gain":0,"max_hp_loss":0,"event_name":"Back to Basics","floor":19,"gold_loss":0},{"damage_healed":0,"gold_gain":0,"player_choice":"Fought Bandits","damage_taken":0,"max_hp_gain":0,"max_hp_loss":0,"event_name":"Masked Bandits","floor":21,"gold_loss":0}],"is_beta":false,"boss_relics":[{"not_picked":["SacredBark","Runic Dome"],"picked":"Black Star"}],"items_purged_floors":[],"is_endless":false,"potions_floor_spawned":[1,3,5,10,14,16,20],"killed_by":"Masked Bandits","ascension_level":16}}