{"host":"aewhn2fld106mlky","time":1609561083,"event":{"mods":["Act Like it!","BaseMod","Downfall","GungeonMod","Koishi","KomeijiMod","Minty Spire (QoL Compilation)","Quick Restart","Relic Stats","Spicy Shops","StSLib","The Jungle","The Mystic"],"gold_per_floor":[126,126,174,190,35,35,67,86,86,86,86,142,177,19,19,150,150,167,1,1,1,17,17,17,17,17,17,68,83,102,112,122,122,122,122,122],"floor_reached":35,"playtime":1318,"items_purged":[],"score":291,"play_id":"2789b8af-ec8b-48b6-8310-e8dc01ecf944","local_time":"20210102121803","is_ascension_mode":false,"campfire_choices":[{"data":"DemoMod:DirectionalPad","floor":6,"key":"SMITH"},{"data":"DemoMod:Elimentaler","floor":10,"key":"SMITH"},{"data":"DemoMod:ShadowBullets","floor":15,"key":"SMITH"},{"data":"DemoMod:RustySidearm","floor":24,"key":"SMITH"},{"data":"DemoMod:Roll","floor":27,"key":"SMITH"},{"floor":33,"key":"REST"}],"circlet_count":0,"master_deck":["DemoMod:Strike_Huntress","DemoMod:Strike_Huntress","DemoMod:Defend_Huntress","DemoMod:Defend_Huntress","DemoMod:Defend_Huntress","DemoMod:Defend_Huntress","DemoMod:Roll+1","DemoMod:ManualReload","DemoMod:RustySidearm+1","DemoMod:CrossBow","DemoMod:CursedBullets","DemoMod:DirectionalPad+1","DemoMod:CombinedRifle+1","DemoMod:Elimentaler+1","DemoMod:Evolver","DemoMod:FastSwitch+1","DemoMod:ShadowBullets+1","DemoMod:DoubleVision+1","DemoMod:CursedBullets","DemoMod:HungryBullets+1"],"relics":["DemoMod:Dog","NeowsBlessing","Toxic Egg 2","Gremlin Horn","DemoMod:PinkGuonStone","Bronze Scales","HoshigumaDish","DemoMod:Test1","DemoMod:SilverBullets","Spirit Poop"],"acts_visited":["Exordium","Exordium","theJungle:Jungle"],"potions_floor_usage":[7,7,16,34,34,34],"damage_taken":[{"damage":0,"enemies":"Small Slimes","floor":1,"turns":1},{"damage":0,"enemies":"Cultist","floor":3,"turns":1},{"damage":0,"enemies":"Jaw Worm","floor":4,"turns":1},{"damage":19,"enemies":"Gremlin Nob","floor":7,"turns":4},{"damage":17,"enemies":"Exordium Thugs","floor":8,"turns":5},{"damage":16,"enemies":"3 Sentries","floor":12,"turns":6},{"damage":0,"enemies":"Exordium Wildlife","floor":13,"turns":6},{"damage":10,"enemies":"The Guardian","floor":16,"turns":11},{"damage":3,"enemies":"theJungle:MUSHROOMGANG","floor":18,"turns":3},{"damage":17,"enemies":"Shell Parasite","floor":22,"turns":4},{"damage":4,"enemies":"DemoMod:Veteran_shot_gun_kin_and_bullet_kin","floor":28,"turns":2},{"damage":17,"enemies":"DemoMod:Red_and_blue_shotgun_kin","floor":29,"turns":2},{"damage":8,"enemies":"DemoMod:Red_and_blue_shotgun_kin_with_gunsinger","floor":30,"turns":3},{"damage":0,"enemies":"DemoMod:2_Mousers","floor":31,"turns":1},{"damage":27,"enemies":"DemoMod:Veteran_shot_gun_kin_and_blue_shotgun_kin_with_gunsinger","floor":32,"turns":4},{"damage":25,"enemies":"DemoMod:ResourcefulRat","floor":35,"turns":3}],"seed_played":"-5109516751532909425","potions_obtained":[{"floor":3,"key":"Fire Potion"},{"floor":4,"key":"PowerPotion"},{"floor":7,"key":"DemoMod:LeadSkinPotion"},{"floor":28,"key":"Weak Potion"},{"floor":29,"key":"Dexterity Potion"},{"floor":31,"key":"BlessingOfTheForge"}],"is_trial":false,"path_per_floor":["M","?","M","M","$","R","E","M","T","R","?","E","?","$","R","B",null,"M","$","?","$","M","?","R","$","T","R","M","M","M","M","M","R","B","B"],"character_chosen":"HUNTRESS","items_purchased":["DemoMod:GnawedKey","DemoMod:Purify","DemoMod:ShadowBullets","HoshigumaDish","DemoMod:SilverBullets","DemoMod:CursedBullets"],"campfire_rested":1,"item_purchase_floors":[5,5,14,14,19,19],"current_hp_per_floor":[70,70,70,70,70,70,51,34,34,34,34,25,25,25,25,15,77,74,74,74,74,57,49,49,49,77,77,73,56,48,48,21,44,20,0,0],"gold":122,"neow_bonus":"THREE_ENEMY_KILL","is_daily":false,"chose_seed":false,"campfire_upgraded":5,"win_rate":0.0,"timestamp":1609561083,"path_taken":["M","?","M","?","$","R","E","?","T","R","?","E","?","?","R","BOSS","M","$","?","?","M","?","R","$","T","R","M","M","M","M","M","R","BOSS","BOSS"],"items_purchased_type":["Relic","Card","Card","Relic","Relic","Card"],"build_version":"2020-12-22","purchased_purges":0,"victory":false,"max_hp_per_floor":[70,70,70,70,70,70,70,70,70,70,70,77,77,77,77,77,77,77,77,77,77,77,77,77,77,77,77,77,77,77,77,77,77,77,77,77],"relic_stats":{"Gremlin Horn":[27,30],"counters":[17,65],"Bronze Scales":[181],"obtain_stats":[{"DemoMod:Dog":0,"NeowsBlessing":0,"Gremlin Horn":9,"DemoMod:SilverBullets":19,"Bronze Scales":13,"HoshigumaDish":14,"Spirit Poop":20,"DemoMod:GlassGuonStoneRelic":8,"DemoMod:PinkGuonStone":12,"DemoMod:GnawedKey":5,"Toxic Egg 2":7,"DemoMod:Test1":17},{"DemoMod:Dog":0,"NeowsBlessing":0,"Gremlin Horn":5,"DemoMod:SilverBullets":9,"Bronze Scales":7,"HoshigumaDish":7,"Spirit Poop":9,"DemoMod:GlassGuonStoneRelic":5,"DemoMod:PinkGuonStone":6,"DemoMod:GnawedKey":3,"Toxic Egg 2":4,"DemoMod:Test1":8},{"DemoMod:Dog":0,"NeowsBlessing":0,"Gremlin Horn":12,"DemoMod:SilverBullets":38,"Bronze Scales":24,"HoshigumaDish":24,"Spirit Poop":38,"DemoMod:GlassGuonStoneRelic":12,"DemoMod:PinkGuonStone":18,"DemoMod:GnawedKey":3,"Toxic Egg 2":7,"DemoMod:Test1":35}]},"card_choices":[{"not_picked":["DemoMod:MachoBrace","DemoMod:RadGun"],"picked":"DemoMod:CursedBullets","floor":1},{"not_picked":["DemoMod:ConditionalReflex","DemoMod:AC15"],"picked":"DemoMod:DirectionalPad","floor":3},{"not_picked":["DemoMod:GunstockTap","DemoMod:Rummage","DemoMod:FeignSurrender"],"picked":"SKIP","floor":4},{"not_picked":["DemoMod:ConditionalReflex+1","DemoMod:FeignSurrender+1"],"picked":"DemoMod:CombinedRifle","floor":7},{"not_picked":["DemoMod:SAA","DemoMod:ProbeStrike"],"picked":"DemoMod:Elimentaler","floor":8},{"not_picked":["DemoMod:StickyCrossBow","DemoMod:GunstockTap"],"picked":"DemoMod:Evolver","floor":12},{"not_picked":["DemoMod:PracticeMakesPerfect+1","DemoMod:TeaPot"],"picked":"DemoMod:FastSwitch+1","floor":13},{"not_picked":["DemoMod:Behold!+1","DemoMod:BlackHoleGun"],"picked":"DemoMod:DoubleVision+1","floor":16},{"not_picked":["DemoMod:Ejector+1","DemoMod:BoxingGlove+1","DemoMod:HardPowerCard+1"],"picked":"SKIP","floor":18},{"not_picked":["DemoMod:MachoBrace+1","DemoMod:Unity+1","DemoMod:SniperShot+1"],"picked":"SKIP","floor":22},{"not_picked":["DemoMod:HuntsMan+1","DemoMod:MachoBrace+1","DemoMod:BoxingGlove+1"],"picked":"SKIP","floor":28},{"not_picked":["DemoMod:HardPowerCard+1","DemoMod:DirectionalPad+1","DemoMod:BoxingGlove+1"],"picked":"SKIP","floor":29},{"not_picked":["DemoMod:GunShield+1","DemoMod:MegaHand+1","DemoMod:ZorGun"],"picked":"SKIP","floor":30},{"not_picked":["DemoMod:Camera","DemoMod:Unity+1","DemoMod:Purify+1"],"picked":"SKIP","floor":31},{"not_picked":["DemoMod:DirectionalPad+1","DemoMod:StickyCrossBow+1"],"picked":"DemoMod:HungryBullets+1","floor":32}],"player_experience":36333,"relics_obtained":[{"floor":7,"key":"Toxic Egg 2"},{"floor":9,"key":"Gremlin Horn"},{"floor":12,"key":"DemoMod:PinkGuonStone"},{"floor":13,"key":"Bronze Scales"}],"event_choices":[{"damage_healed":0,"gold_gain":0,"player_choice":"Ignored","damage_taken":0,"max_hp_gain":0,"max_hp_loss":0,"event_name":"NoteForYourself","floor":2,"gold_loss":0},{"damage_healed":0,"gold_gain":0,"player_choice":"Grow","damage_taken":0,"max_hp_gain":0,"max_hp_loss":0,"event_name":"Living Wall","floor":11,"gold_loss":0,"cards_upgraded":["DemoMod:CombinedRifle"]},{"cards_removed":["Decay"],"damage_healed":0,"gold_gain":0,"player_choice":"Offered Curse","damage_taken":0,"relics_obtained":["Spirit Poop"],"max_hp_gain":0,"max_hp_loss":0,"event_name":"Bonfire Elementals","floor":20,"gold_loss":0}],"is_beta":false,"boss_relics":[{"not_picked":["Philosopher\u0027s Stone","Velvet Choker"],"picked":"DemoMod:Test1"}],"items_purged_floors":[],"is_endless":false,"potions_floor_spawned":[3,4,7,28,29,31],"killed_by":"DemoMod:ResourcefulRat","ascension_level":0}}