{"host":"3iouabftir4t7z56","time":1609598700,"event":{"mods":["2.2 Compatiblity","Act Like it!","BaseMod","Colored Map","Hallownest","Minty Spire (QoL Compilation)","StSLib","The Bug Knight"],"gold_per_floor":[117,129,140,140,154,154,79,79,132,132,163,173,173,198,198,198,198],"floor_reached":16,"playtime":905,"items_purged":["HollowMod:NailStrikeStart"],"score":110,"play_id":"fd707e00-c388-449d-b0ac-dfdcfe729679","local_time":"20210102154500","is_ascension_mode":false,"campfire_choices":[{"data":"HollowMod:AbyssShriek","floor":6,"key":"SMITH"},{"data":"HollowMod:WraithStrike","floor":10,"key":"SMITH"},{"data":"HollowMod:MonarchWings","floor":13,"key":"SMITH"},{"floor":15,"key":"REST"}],"circlet_count":0,"master_deck":["HollowMod:NailStrikeStart","HollowMod:QuickDashStart","HollowMod:QuickDashStart","HollowMod:QuickDashStart","HollowMod:QuickDashStart","HollowMod:PogoStrike","HollowMod:AbyssShriek+1","HollowMod:BlackTendrils","HollowMod:WraithStrike+1","HollowMod:MonarchWings+1","HollowMod:MantisMark"],"relics":["HollowMod:VesselMask","NeowsBlessing","Pen Nib","Vajra","Ornamental Fan"],"acts_visited":["Hallownest:Greenpath"],"potions_floor_usage":[16,16],"damage_taken":[{"damage":0,"enemies":"Hallownest:monsterHuskGuard","floor":1,"turns":1},{"damage":0,"enemies":"Hallownest:2_Baldur","floor":2,"turns":1},{"damage":0,"enemies":"Hallownest:2_MossCreeps","floor":3,"turns":1},{"damage":22,"enemies":"Hallownest:1_Ooma_and_2_Uuma","floor":5,"turns":3},{"damage":17,"enemies":"Hallownest:eliteCrystalGuardian","floor":11,"turns":5},{"damage":0,"enemies":"Hallownest:MossCreep_and_Mosskin","floor":12,"turns":2},{"damage":26,"enemies":"Hallownest:eliteMossKnight","floor":14,"turns":5},{"damage":47,"enemies":"Hallownest:BossHornet","floor":16,"turns":9}],"seed_played":"8991276987884598487","potions_obtained":[{"floor":1,"key":"Swift Potion"},{"floor":5,"key":"Dexterity Potion"},{"floor":12,"key":"EssenceOfSteel"}],"is_trial":false,"path_per_floor":["M","M","M","?","M","R","$","?","T","R","E","M","R","?","R","B"],"character_chosen":"THE_BUGKNIGHT","items_purchased":[],"campfire_rested":1,"item_purchase_floors":[],"current_hp_per_floor":[75,75,75,75,56,56,56,56,56,56,42,42,42,19,41,0,0],"gold":198,"neow_bonus":"THREE_ENEMY_KILL","is_daily":false,"chose_seed":false,"campfire_upgraded":3,"win_rate":0.0,"timestamp":1609598700,"path_taken":["M","M","M","?","M","R","$","?","T","R","E","M","R","?","R","BOSS"],"items_purchased_type":[],"build_version":"2020-12-22","purchased_purges":1,"victory":false,"max_hp_per_floor":[75,75,75,75,75,75,75,75,75,75,75,75,75,75,75,75,75],"card_choices":[{"not_picked":["HollowMod:ShadowDash","HollowMod:VengefulVoid"],"picked":"HollowMod:AbyssShriek","floor":1},{"not_picked":["HollowMod:SoulStrike","HollowMod:VengefulVoid"],"picked":"HollowMod:BlackTendrils","floor":2},{"not_picked":["HollowMod:CycloneSlash","HollowMod:InfectedAttack"],"picked":"HollowMod:WraithStrike","floor":3},{"not_picked":["HollowMod:NewLittleFool","HollowMod:HeavyBlow","HollowMod:AbyssShriek"],"picked":"SKIP","floor":5},{"not_picked":["HollowMod:MawleksShell","HollowMod:Hiveblood"],"picked":"HollowMod:MonarchWings","floor":11},{"not_picked":["HollowMod:NewJinnsSoul","HollowMod:VengefulSpirit"],"picked":"HollowMod:MantisMark","floor":12},{"not_picked":["HollowMod:AbyssShriek","HollowMod:InfectionAssault","HollowMod:GoodIntentions"],"picked":"SKIP","floor":14}],"player_experience":580316,"relics_obtained":[{"floor":9,"key":"Pen Nib"},{"floor":11,"key":"Vajra"},{"floor":14,"key":"Ornamental Fan"}],"event_choices":[],"is_beta":false,"boss_relics":[],"items_purged_floors":[7],"is_endless":false,"potions_floor_spawned":[1,5,12],"killed_by":"Hallownest:BossHornet","ascension_level":0}}