{"host":"6pgtslebjnyv5xmi","time":1609608205,"event":{"mods":["AchievementEnabler","BaseMod","Colored Map","Minty Spire (QoL Compilation)","Rare Cards Sparkle","StSLib","SuperFastMode","Td1madao Mod","everything is the same but u backflip on backflip"],"gold_per_floor":[113,113,125,75,250,278,278,303,303,303,334,91,109,134,134,264,264,284,308,308,199,199,199],"floor_reached":22,"playtime":642,"items_purged":[],"score":350,"play_id":"7371da26-c341-40af-a137-c3d80ba6ae6e","local_time":"20210103022325","is_ascension_mode":true,"campfire_choices":[{"data":"Demon Form","floor":10,"key":"SMITH"},{"data":"Evolve","floor":15,"key":"SMITH"}],"circlet_count":0,"master_deck":["AscendersBane","Strike_R+1","Strike_R+1","Strike_R+1","Strike_R+1","Defend_R+1","Defend_R+1","Defend_R+1","Defend_R+1","Bash","Evolve+1","Wild Strike","Doubt","Demon Form+1","Ghostly Armor","Double Tap","Corruption","Feel No Pain","Reckless Charge"],"relics":["Burning Blood","NeowsBlessing","Mercury Hourglass","Golden Idol","Bottled Flame","PreservedInsect","Question Card","Runic Dome"],"acts_visited":["Exordium","TheCity"],"potions_floor_usage":[11,16,16],"damage_taken":[{"damage":0,"enemies":"Small Slimes","floor":1,"turns":1},{"damage":0,"enemies":"Jaw Worm","floor":3,"turns":1},{"damage":0,"enemies":"Lagavulin","floor":6,"turns":1},{"damage":1,"enemies":"Cultist","floor":8,"turns":3},{"damage":45,"enemies":"3 Sentries","floor":11,"turns":6},{"damage":5,"enemies":"2 Fungi Beasts","floor":13,"turns":4},{"damage":2,"enemies":"3 Louse","floor":14,"turns":4},{"damage":23,"enemies":"Slime Boss","floor":16,"turns":7},{"damage":21,"enemies":"Chosen","floor":18,"turns":5},{"damage":42,"enemies":"3 Byrds","floor":19,"turns":5},{"damage":19,"enemies":"Sentry and Sphere","floor":22,"turns":3}],"seed_played":"3951804647172772935","potions_obtained":[{"floor":1,"key":"Strength Potion"},{"floor":13,"key":"Fire Potion"},{"floor":14,"key":"DistilledChaos"},{"floor":19,"key":"ColorlessPotion"}],"is_trial":false,"path_per_floor":["M","$","M","?","?","E","?","M","T","R","E","$","M","M","R","B",null,"M","M","?","$","M"],"character_chosen":"IRONCLAD","items_purchased":["Question Card","Feel No Pain","Reckless Charge"],"campfire_rested":0,"item_purchase_floors":[12,21,21],"current_hp_per_floor":[78,78,80,80,80,80,60,65,65,65,26,26,27,31,31,14,64,49,13,13,13,0,0],"gold":199,"neow_bonus":"THREE_ENEMY_KILL","is_daily":false,"chose_seed":false,"campfire_upgraded":2,"win_rate":0.0,"timestamp":1609608205,"path_taken":["M","$","M","?","?","E","?","M","T","R","E","$","M","?","R","BOSS","M","M","?","?","M"],"items_purchased_type":["Relic","Card","Card"],"build_version":"2020-12-22","purchased_purges":0,"victory":false,"max_hp_per_floor":[80,80,80,80,80,80,80,80,80,80,80,80,80,80,80,80,80,80,80,80,80,80,80],"card_choices":[{"not_picked":["Spot Weakness","Perfected Strike"],"picked":"Evolve","floor":1},{"not_picked":["Perfected Strike","Cleave"],"picked":"Wild Strike","floor":3},{"not_picked":["Barricade","Clothesline"],"picked":"Demon Form","floor":6},{"not_picked":["Perfected Strike","Iron Wave","Armaments"],"picked":"SKIP","floor":8},{"not_picked":["Twin Strike","Sword Boomerang"],"picked":"Ghostly Armor","floor":11},{"not_picked":["Twin Strike","Heavy Blade","Iron Wave"],"picked":"Double Tap","floor":13},{"not_picked":["Headbutt","Flex","Clash","Flame Barrier"],"picked":"SKIP","floor":14},{"not_picked":["Demon Form","Barricade","Impervious"],"picked":"Corruption","floor":16},{"not_picked":["Cleave","Anger","Thunderclap","True Grit"],"picked":"SKIP","floor":18},{"not_picked":["Entrench","Wild Strike","Headbutt+1","Havoc+1"],"picked":"SKIP","floor":19}],"player_experience":651906,"relics_obtained":[{"floor":6,"key":"Mercury Hourglass"},{"floor":9,"key":"Bottled Flame"},{"floor":11,"key":"PreservedInsect"}],"event_choices":[{"cards_removed":["Strike_R"],"damage_healed":0,"gold_gain":0,"player_choice":"Card Removal","damage_taken":0,"max_hp_gain":0,"max_hp_loss":0,"event_name":"The Cleric","floor":4,"gold_loss":50},{"damage_healed":0,"gold_gain":175,"player_choice":"AGREE","damage_taken":0,"max_hp_gain":0,"max_hp_loss":0,"event_name":"Liars Game","floor":5,"gold_loss":0,"cards_obtained":["Doubt"]},{"damage_healed":0,"gold_gain":0,"player_choice":"Take Damage","damage_taken":20,"relics_obtained":["Golden Idol"],"max_hp_gain":0,"max_hp_loss":0,"event_name":"Golden Idol","floor":7,"gold_loss":0},{"damage_healed":0,"gold_gain":0,"player_choice":"Simplicity","damage_taken":0,"max_hp_gain":0,"max_hp_loss":0,"event_name":"Back to Basics","floor":20,"gold_loss":0,"cards_upgraded":["Strike_R","Strike_R","Strike_R","Strike_R","Defend_R","Defend_R","Defend_R","Defend_R"]}],"is_beta":false,"boss_relics":[{"not_picked":["Tiny House","Coffee Dripper"],"picked":"Runic Dome"}],"items_purged_floors":[],"is_endless":false,"potions_floor_spawned":[1,13,14,19],"killed_by":"Sentry and Sphere","ascension_level":12}}