{"host":"ifw7cdx76lcpw3w9","time":1609563226,"event":{"mods":["AchievementEnabler","Act Like it!","BaseMod","Duelist Mod","Friendly Minions","Minty Spire (QoL Compilation)","StSLib"],"gold_per_floor":[135,135,151,151,162,162,40,68,94,94,94,94,129,147,147,242,242,258,183,183,203,128,157,157,177,177,188,188,9,26,59,59,160,160,177,177,177,177,196,230,230,263,341,373,385,410,410,426,426,426,426,426,3,38,38],"floor_reached":56,"playtime":5724,"items_purged":["theDuelist:Sparks","theDuelist:CastleWalls","theDuelist:DarknessNeosphere+1"],"score":1983,"play_id":"5a577890-d094-4365-8071-a23e0e6c8872","local_time":"20210101215346","is_ascension_mode":true,"campfire_choices":[{"floor":6,"key":"RECALL"},{"data":"theDuelist:Doomdog","floor":10,"key":"SMITH"},{"floor":12,"key":"REST"},{"data":"theDuelist:DarklordMarie","floor":15,"key":"SMITH"},{"floor":24,"key":"REST"},{"data":"theDuelist:AmbitiousGofer","floor":28,"key":"SMITH"},{"data":"theDuelist:RedMirror","floor":32,"key":"SMITH"},{"data":"theDuelist:GarbageLord","floor":41,"key":"SMITH"},{"floor":49,"key":"REST"},{"data":"theDuelist:Relinkuriboh","floor":52,"key":"SMITH"}],"circlet_count":0,"master_deck":["theDuelist:ArchfiendSoldier","theDuelist:ArchfiendSoldier","theDuelist:ArchfiendSoldier","theDuelist:CastleWalls","theDuelist:CastleWalls","theDuelist:FiendMegacyber","theDuelist:SummonedSkull+1","theDuelist:DarkBlade+1","theDuelist:ArchfiendGeneral+1","theDuelist:DarklordMarie+1","theDuelist:Doomdog+1","theDuelist:Relinkuriboh+1","theDuelist:RedSprinter","theDuelist:FabledGallabas","theDuelist:ArchfiendHeiress","theDuelist:PutridPudding","theDuelist:AmbitiousGofer+1","theDuelist:UmbralHorrorUniform","theDuelist:RedMirror+1","theDuelist:GarbageLord+1","theDuelist:ArchfiendCommander","theDuelist:PowerGiant+1","theDuelist:DarkEnergy","theDuelist:SlateWarrior+1"],"relics":["theDuelist:MillenniumPuzzle","theDuelist:CardPoolRelic","theDuelist:CardPoolBasicRelic","theDuelist:BoosterPackPoolRelic","theDuelist:CardPoolAddRelic","theDuelist:CardPoolMinusRelic","theDuelist:CardPoolSaveRelic","theDuelist:CardPoolOptionsRelic","theDuelist:SummonAnchor","Toy Ornithopter","Bag of Marbles","Busted Crown","Boot","Pen Nib","theDuelist:DuelistUrn","theDuelist:BoosterPackHealer","SlaversCollar","WingedGreaves","Paper Frog","Whetstone","Strawberry","Melange","Oddly Smooth Stone","Ornamental Fan"],"acts_visited":["Exordium","TheCity","TheBeyond","TheEnding"],"potions_floor_usage":[33,48],"damage_taken":[{"damage":7,"enemies":"Jaw Worm","floor":1,"turns":3},{"damage":0,"enemies":"Cultist","floor":3,"turns":3},{"damage":4,"enemies":"2 Louse","floor":5,"turns":2},{"damage":7,"enemies":"3 Sentries","floor":8,"turns":4},{"damage":4,"enemies":"Lagavulin","floor":13,"turns":3},{"damage":12,"enemies":"Exordium Thugs","floor":14,"turns":4},{"damage":4,"enemies":"Slime Boss","floor":16,"turns":5},{"damage":16,"enemies":"Shell Parasite","floor":18,"turns":2},{"damage":4,"enemies":"Chosen","floor":21,"turns":4},{"damage":18,"enemies":"Slavers","floor":23,"turns":3},{"damage":4,"enemies":"Snake Plant","floor":25,"turns":1},{"damage":27,"enemies":"Centurion and Healer","floor":27,"turns":3},{"damage":4,"enemies":"Cultist and Chosen","floor":30,"turns":1},{"damage":14,"enemies":"Book of Stabbing","floor":31,"turns":3},{"damage":19,"enemies":"Automaton","floor":33,"turns":5},{"damage":13,"enemies":"3 Darklings","floor":35,"turns":3},{"damage":10,"enemies":"Orb Walker","floor":39,"turns":3},{"damage":6,"enemies":"Giant Head","floor":40,"turns":3},{"damage":8,"enemies":"Reptomancer","floor":42,"turns":3},{"damage":28,"enemies":"Nemesis","floor":44,"turns":5},{"damage":5,"enemies":"Sphere and 2 Shapes","floor":45,"turns":3},{"damage":4,"enemies":"Reptomancer","floor":46,"turns":2},{"damage":4,"enemies":"Transient","floor":48,"turns":5},{"damage":48,"enemies":"Time Eater","floor":50,"turns":7},{"damage":12,"enemies":"Shield and Spear","floor":54,"turns":3},{"damage":87,"enemies":"The Heart","floor":55,"turns":5}],"seed_played":"2464382497720307869","potions_obtained":[{"floor":1,"key":"SpeedPotion"},{"floor":3,"key":"FairyPotion"},{"floor":8,"key":"theDuelist:SealedPackC"},{"floor":16,"key":"theDuelist:DestructPotionPotB"},{"floor":33,"key":"FairyPotion"}],"is_trial":false,"path_per_floor":["M","?","M","?","M","R","$","E","T","R","?","R","E","M","R","B",null,"M","?","?","M","$","E","R","M","T","M","R","$","M","E","R","B",null,"M","?","?","?","M","E","R","E","T","E","M","E","?","M","R","B",null,"R","$","E","B",null],"character_chosen":"THE_DUELIST","items_purchased":["theDuelist:Doomdog","theDuelist:Relinkuriboh","theDuelist:RedMirror","Melange","Oddly Smooth Stone"],"campfire_rested":3,"item_purchase_floors":[7,7,29,53,53],"current_hp_per_floor":[111,105,105,105,101,101,101,97,97,97,97,126,125,116,116,115,123,107,107,107,106,106,94,126,122,122,95,95,95,91,77,77,74,113,110,110,110,110,103,106,106,103,103,84,83,86,90,100,133,88,122,122,122,117,44],"gold":38,"neow_bonus":"TEN_PERCENT_HP_BONUS","is_daily":false,"chose_seed":false,"campfire_upgraded":6,"win_rate":0.0,"timestamp":1609563226,"path_taken":["M","?","M","?","?","R","?","E","T","R","?","R","E","M","R","BOSS","M","?","?","M","$","E","R","?","T","M","R","$","M","E","R","BOSS","M","?","?","?","?","E","R","E","T","E","M","E","?","M","R","BOSS","R","$","E","BOSS"],"items_purchased_type":["Card","Card","Card","Relic","Relic"],"build_version":"2020-12-22","purchased_purges":3,"victory":true,"max_hp_per_floor":[126,126,126,126,126,126,126,126,126,126,126,126,126,126,126,126,126,126,126,126,126,126,126,126,126,126,126,126,126,126,126,126,126,126,126,126,126,126,126,126,126,126,126,126,126,133,133,133,133,133,133,133,133,133,133],"card_choices":[{"not_picked":["theDuelist:KingYami","theDuelist:FlyingSaucer","theDuelist:Zombyra","theDuelist:DarklordMarie"],"picked":"theDuelist:DarkBlade","floor":1},{"not_picked":["theDuelist:RedSprinter+1","theDuelist:FabledAshenveil+1"],"picked":"theDuelist:ArchfiendGeneral+1","floor":3},{"not_picked":["theDuelist:BattleOx","theDuelist:BlackPendant","theDuelist:GilfordLegend","theDuelist:WanderingKing"],"picked":"theDuelist:DarklordMarie","floor":5},{"not_picked":["theDuelist:GiantOrc","theDuelist:Pumpking","theDuelist:UmbralHorrorUniform","theDuelist:PortraitSecret"],"picked":"theDuelist:RedSprinter","floor":8},{"not_picked":["theDuelist:UmbralHorrorGhoul","theDuelist:DarkHunter","theDuelist:AlienTelepath","theDuelist:ArchfiendCommander"],"picked":"theDuelist:FabledGallabas","floor":13},{"not_picked":["theDuelist:Relinkuriboh","theDuelist:DarklordMarie","theDuelist:TerraTerrible","theDuelist:Lajinn"],"picked":"theDuelist:ArchfiendHeiress","floor":14},{"not_picked":["theDuelist:ArchfiendGeneral","theDuelist:CallGrave","theDuelist:FabledGallabas","theDuelist:DarkMasterZorc"],"picked":"theDuelist:PutridPudding","floor":16},{"not_picked":["theDuelist:DrivenDaredevil","theDuelist:DarkTinker","theDuelist:BlastAsmodian+1"],"picked":"SKIP","floor":18},{"not_picked":["theDuelist:DarkTinker+1","theDuelist:ArchfiendSoldier","theDuelist:GrossGhost+1"],"picked":"SKIP","floor":21},{"not_picked":["theDuelist:FlyingSaucer","theDuelist:DoomDonuts"],"picked":"theDuelist:CheerfulCoffin","floor":23},{"not_picked":["theDuelist:CyberArchfiend","theDuelist:CheerfulCoffin"],"picked":"theDuelist:AmbitiousGofer","floor":25},{"not_picked":["theDuelist:FlyingSaucer","theDuelist:BerserkerCrush"],"picked":"theDuelist:UmbralHorrorUniform","floor":27},{"not_picked":["theDuelist:FiendMegacyber+1","theDuelist:TerraTerrible"],"picked":"theDuelist:GarbageLord","floor":30},{"not_picked":["theDuelist:DoomDonuts","theDuelist:DarknessNeosphere","theDuelist:RedMirror","theDuelist:Doomdog"],"picked":"SKIP","floor":31},{"not_picked":["theDuelist:Tierra","theDuelist:FabledGallabas+1"],"picked":"theDuelist:ArchfiendCommander","floor":33},{"not_picked":["theDuelist:EarthquakeGiant+1","theDuelist:MagicHoleGolem+1"],"picked":"theDuelist:PowerGiant","floor":35},{"not_picked":["theDuelist:FluteKuriboh","theDuelist:BigEye","theDuelist:FeatherPho"],"picked":"SKIP","floor":39},{"not_picked":["theDuelist:DoomDonuts","theDuelist:Doomdog+1"],"picked":"theDuelist:DarknessNeosphere+1","floor":40},{"not_picked":["theDuelist:DestroyerGolem+1","theDuelist:LightningVortex+1","theDuelist:BigFire"],"picked":"SKIP","floor":42},{"not_picked":["theDuelist:CheerfulCoffin","theDuelist:TributeDoomed+1"],"picked":"theDuelist:DarkEnergy","floor":44},{"not_picked":["theDuelist:Wildfire+1","theDuelist:Tierra","theDuelist:FabledGallabas"],"picked":"SKIP","floor":45},{"not_picked":["theDuelist:UmbralHorrorGhoul+1","theDuelist:Wildfire+2"],"picked":"theDuelist:SlateWarrior+1","floor":46},{"not_picked":["theDuelist:TerraTerrible+1","theDuelist:DoomsdayHorror","theDuelist:AlienTelepath+1"],"picked":"SKIP","floor":48},{"not_picked":["theDuelist:TributeDoomed+1","theDuelist:JamBreeding+1","theDuelist:PotDuality+1"],"picked":"SKIP","floor":54}],"player_experience":169709,"relics_obtained":[{"floor":8,"key":"Ice Cream"},{"floor":9,"key":"Toy Ornithopter"},{"floor":13,"key":"Bag of Marbles"},{"floor":23,"key":"Boot"},{"floor":26,"key":"Pen Nib"},{"floor":31,"key":"theDuelist:DuelistUrn"},{"floor":40,"key":"WingedGreaves"},{"floor":42,"key":"Paper Frog"},{"floor":44,"key":"Whetstone"},{"floor":46,"key":"Strawberry"},{"floor":54,"key":"Ornamental Fan"}],"event_choices":[{"damage_healed":0,"gold_gain":0,"player_choice":"Dig - random Duelist relic","duelist":true,"damage_taken":0,"max_hp_gain":0,"max_hp_loss":0,"event_name":"Aknamkanon\u0027s Tomb","floor":2,"gold_loss":0},{"damage_healed":0,"gold_gain":0,"player_choice":"Upgraded","damage_taken":0,"max_hp_gain":0,"max_hp_loss":0,"event_name":"Upgrade Shrine","floor":4,"gold_loss":0,"cards_upgraded":["theDuelist:DarkBlade"]},{"damage_healed":0,"gold_gain":0,"player_choice":"Ignored","damage_taken":0,"max_hp_gain":0,"max_hp_loss":0,"event_name":"Liars Game","floor":11,"gold_loss":0},{"cards_removed":["theDuelist:Sparks"],"damage_healed":0,"gold_gain":0,"player_choice":"Gave Gold","damage_taken":0,"max_hp_gain":0,"max_hp_loss":0,"event_name":"Beggar","floor":19,"gold_loss":75},{"damage_healed":0,"gold_gain":0,"player_choice":"Scored: 921","duelist":true,"damage_taken":0,"max_hp_gain":0,"max_hp_loss":0,"event_name":"Visit from Anubis","floor":20,"gold_loss":0},{"damage_healed":0,"gold_gain":0,"player_choice":"Leave","duelist":true,"damage_taken":0,"max_hp_gain":0,"max_hp_loss":0,"event_name":"Card Trader","floor":36,"gold_loss":0},{"damage_healed":0,"gold_gain":0,"player_choice":"Leave","duelist":true,"damage_taken":0,"max_hp_gain":0,"max_hp_loss":0,"event_name":"Relic Duplicator","floor":37,"gold_loss":0},{"cards_removed":["theDuelist:CheerfulCoffin"],"damage_healed":0,"gold_gain":0,"player_choice":"Purged","damage_taken":0,"max_hp_gain":0,"max_hp_loss":0,"event_name":"Purifier","floor":38,"gold_loss":0},{"damage_healed":0,"gold_gain":0,"player_choice":"Memory 1","damage_taken":0,"max_hp_gain":0,"max_hp_loss":0,"event_name":"SensoryStone","floor":47,"gold_loss":0}],"is_beta":false,"boss_relics":[{"not_picked":["SacredBark","Sozu"],"picked":"Busted Crown"},{"not_picked":["HoveringKite","theDuelist:HauntedRelic"],"picked":"SlaversCollar"}],"items_purged_floors":[22,29,53],"is_endless":false,"potions_floor_spawned":[1,3,8,16,18,21,23,30,33,35,40,42,46],"ascension_level":9}}