{"host":"f0dbpmn0khgeoqc0","time":1609627151,"event":{"mods":["2.2 Compatiblity","AchievementEnabler","Act Like it!","Ascension Unlocker","Aspiration","BaseMod","Better Altar","Better Match","Better Sensory Stone","Better Skull","Better Third Choice","BetterRewards","Block Reminder","Colored Map","Colored Powertips","Conspire","DNKmod","Disable Question Mark Monsters","Displayed Cursed Tome","Downfall","Evolution","Friendly Minions","Hermit","Highlight Path","Humility","Infinite Spire","Jorbs\u0027s Wanderer Trilogy","Koishi","Marisa????????","Minty Spire (QoL Compilation)","MostiFishMod","Permanent Neow","Random Character Button","Relic Filter","Relic Stats","Spicy Shops","StSLib","Td1madao Mod","The Gatherer","Treasure Hunter","Wandering Minibosses","??????REMEMod"],"gold_per_floor":[113,113,145,7,19,49,49,83,152,173,205,205,216,249,249,347,347,359,375,375,391,406,406,432,552,552,552,574,56,106,124,124,226,226,278,335,362,424,424,424,424,454,454,482,48,48,122,158,158,173,173,173,95,170,185],"floor_reached":56,"playtime":3789,"items_purged":["Doubt"],"score":2288,"play_id":"a65d85eb-161a-4372-93d2-a67b5380b9f1","local_time":"20210102173911","is_ascension_mode":true,"campfire_choices":[{"data":"Koishi:MentalBreakdown","floor":12.0,"key":"SMITH"},{"data":"Koishi:UnconsciousUrges","floor":15.0,"key":"SMITH"},{"data":"Koishi:HeartStoppingHorror","floor":23,"key":"SMITH"},{"data":"Koishi:TerrifyingSpectre","floor":27,"key":"SMITH"},{"floor":32,"key":"RECALL"},{"floor":40,"key":"DIG"},{"floor":46,"key":"DIG"},{"floor":49,"key":"DIG"},{"floor":52,"key":"DIG"}],"circlet_count":0,"master_deck":["Koishi:BasicStrike","Koishi:BasicStrike","Koishi:BasicStrike","Koishi:BasicStrike","Koishi:BasicDefend","Koishi:BasicDefend+1","Koishi:BasicDefend","Koishi:BasicDefend+1","Koishi:Provoke","Koishi:HauntingSlash+1","MostiFishMod:TemporaryOutbreak","Koishi:DreadfulBlow","Koishi:PhantomBarrier+1","Koishi:StrangeCloudFist","Koishi:HeartfeltFancy+1","Koishi:MentalBreakdown+1","Koishi:EmbryosDream+1","Koishi:EmbersOfLove+1","Koishi:Prune","Koishi:BloodcurdlingScream","TH:CursedSword","Koishi:YoukaiPolygraph","TH:PixieDust","Koishi:UnconsciousUrges+1","TH:CopperCoins","Koishi:JumpScare+1","TH:CursedSword","Koishi:TremblingHands+1","Koishi:GeneticsOfTheUnconscious+1","TH:CursedSword","Koishi:TerrifyingSpectre+1","TH:DeckOfManyThings","Koishi:ImGoingToCallYouNow+1","MostiFishMod:TheEndOfMoonlight","MostiFishMod:SparklingWater+1","MostiFishMod:FantasySummer+1","MostiFishMod:NightSea+1","Koishi:HeartStoppingHorror+1","Koishi:PredatoryInstincts+1","Koishi:JumpScare+1","Koishi:DreadfulBlow","TH:CopperCoins","Koishi:TremblingHands","Koishi:StingingMind+1","TH:TreasureMap","Koishi:FleetingPhantom+1","Koishi:MindStellarRelief+1","TH:CursedSword","Koishi:RuptureMind","Koishi:MindNumbingTerror","TH:CopperCoins","Koishi:MindStellarRelief+1","Koishi:MindNumbingTerror","Koishi:Catatonia","TH:CursedSword","TH:Mimic","TH:ElvenBoots","TH:DeckOfManyThings","Koishi:Possession+1","TH:ElvenBoots","TH:ArmorSpikes","TH:EnergyPotion","TH:TreasureMap","Koishi:Possession+1","TH:CursedSword","Koishi:JumpScare+1","Koishi:DreadfulBlow+1","TH:Mimic","TH:CopperCoins","TH:PixieDust","TH:TreasureMap","Koishi:UnseenTerror+1","TH:CopperCoins","TH:DeckOfManyThings","TH:Mimic","TH:ArmorSpikes","expansioncontent:AwakenDeath","TH:ElvenBoots","TH:Mimic","TH:CursedSword","TH:TreasureMap"],"relics":["Koishi:ImaginaryFriend","EVO:Axolotl","DaveBox","REME_ComplimentaryCards","Nloth\u0027s Gift","Toxic Egg 2","Blood Vial","Lee\u0027s Waffle","Matryoshka","SynthV:TestCard","aspiration:FrozenJewel","Orichalcum","TH:Strongbox","Bag of Marbles","aspiration:SeaSaltIceCream","Torii","Boot","aspiration:StickyExplosives_weak","MoonlightInvasionPlan","REME_ArchaeologicalTools","Anchor","PreservedInsect","conspire:TreasureMap","Whetstone","Darkstone Periapt","conspire:SpecialSausage","wanderingMiniBosses:OtherGremlinHorn","Shovel","Bronze Scales","REME_IWantAll","Molten Egg 2","Pantograph","Lantern","CeramicFish","Singing Bowl","Akabeko","Bottled Lightning","InkBottle"],"acts_visited":["Exordium","TheCity","TheBeyond","TheEnding"],"potions_floor_usage":[24,33,54],"damage_taken":[{"damage":0.0,"enemies":"2 Louse","floor":1.0,"turns":3.0},{"damage":4.0,"enemies":"conspire:MimicChest","floor":3.0,"turns":5.0},{"damage":3.0,"enemies":"conspire:RoseBush","floor":5.0,"turns":3.0},{"damage":0.0,"enemies":"Lagavulin","floor":6.0,"turns":5.0},{"damage":4.0,"enemies":"Gremlin Nob","floor":8.0,"turns":4.0},{"damage":0.0,"enemies":"infinitespire:Voidling","floor":10.0,"turns":5.0},{"damage":0.0,"enemies":"Lagavulin","floor":11.0,"turns":4.0},{"damage":0.0,"enemies":"Looter","floor":13.0,"turns":3.0},{"damage":10.0,"enemies":"3 Sentries","floor":14.0,"turns":6.0},{"damage":4.0,"enemies":"The Guardian","floor":16.0,"turns":11.0},{"damage":1,"enemies":"Shell Parasite","floor":18,"turns":7},{"damage":6,"enemies":"Spheric Guardian","floor":19,"turns":5},{"damage":0,"enemies":"Snake Plant","floor":21,"turns":1},{"damage":19,"enemies":"conspire:HollyBat","floor":22,"turns":10},{"damage":37,"enemies":"Gremlin Leader","floor":24,"turns":6},{"damage":6,"enemies":"Shelled Parasite and Fungi","floor":25,"turns":8},{"damage":15,"enemies":"Chosen and Byrds","floor":28,"turns":4},{"damage":13,"enemies":"Slavers","floor":30,"turns":5},{"damage":7,"enemies":"Centurion and Healer","floor":31,"turns":4},{"damage":0,"enemies":"Collector","floor":33,"turns":1},{"damage":6,"enemies":"3 Darklings","floor":35,"turns":13},{"damage":9,"enemies":"3 Shapes","floor":36,"turns":9},{"damage":1,"enemies":"Transient","floor":37,"turns":6},{"damage":0,"enemies":"Mind Bloom Boss Battle","floor":38,"turns":1},{"damage":22,"enemies":"Mind Bloom Boss Battle","floor":38,"turns":5},{"damage":0,"enemies":"Nemesis","floor":42,"turns":5},{"damage":27,"enemies":"3 Darklings","floor":44,"turns":5},{"damage":1,"enemies":"Giant Head","floor":47,"turns":5},{"damage":15,"enemies":"Donu and Deca","floor":50,"turns":7},{"damage":2,"enemies":"Shield and Spear","floor":54,"turns":6},{"damage":81,"enemies":"The Heart","floor":55,"turns":7}],"seed_played":"-2336647988251349112","potions_obtained":[{"floor":3.0,"key":"champ:CounterPotion"},{"floor":5.0,"key":"FearPotion"},{"floor":11.0,"key":"LiquidBronze"},{"floor":13.0,"key":"champ:CounterPotion"},{"floor":14.0,"key":"Explosive Potion"},{"floor":18,"key":"SpeedPotion"},{"floor":21,"key":"SteroidPotion"},{"floor":28,"key":"BlessingOfTheForge"},{"floor":30,"key":"AttackPotion"},{"floor":33,"key":"SteroidPotion"},{"floor":42,"key":"DistilledChaos"}],"is_trial":false,"path_per_floor":["M","?","?","$","M","E","?","E","T","M","E","R","M","E","R","B",null,"M","M","?","M","M","R","E","M","T","R","M","$","E","M","R","B",null,"M","M","M","?","?","R","?","E","T","M","$","R","E","T","R","B",null,"R","$","E","B",null],"character_chosen":"KOISHI","items_purchased":["Toxic Egg 2","Blood Vial","Koishi:DreadfulBlow","Koishi:PhantomBarrier+1","Lee\u0027s Waffle","Matryoshka","Koishi:StrangeCloudFist","Koishi:HeartfeltFancy+1","Koishi:EmbersOfLove+1","Koishi:Prune","PreservedInsect","conspire:TreasureMap","Whetstone","Koishi:MindStellarRelief+1","TH:CursedSword","Koishi:JumpScare+1","Koishi:DreadfulBlow+1","Pantograph","expansioncontent:AwakenDeath"],"campfire_rested":0,"item_purchase_floors":[0,0,0,0,0,0,0,0,4,4,29,29,29,29,45,45,45,45,53],"current_hp_per_floor":[67,54,55,55,57,60,60,60,60,62,67,67,67,64,64,67,67,66,67,67,67,62,62,67,67,67,67,67,67,67,67,67,67,67,67,67,67,67,67,67,67,71,75,57,57,57,79,83,83,83,83,83,83,89,63],"gold":185,"neow_bonus":"","is_daily":false,"chose_seed":false,"campfire_upgraded":4,"win_rate":0.0,"timestamp":1609627151,"path_taken":["M","?","?","$","M","E","?","E","T","?","E","R","M","E","R","BOSS","BOSS","M","M","?","M","M","R","E","M","T","R","M","$","E","?","R","BOSS","M","M","M","?","?","R","?","E","T","?","$","R","E","?","R","BOSS","R","$","E","BOSS"],"items_purchased_type":["Relic","Relic","Card","Card","Relic","Relic","Card","Card","Card","Card","Relic","Relic","Relic","Card","Card","Card","Card","Relic","Card"],"build_version":"2020-12-22","purchased_purges":1,"victory":true,"max_hp_per_floor":[67,67,67,67,67,67,67,67,67,67,67,67,67,67,67,67,67,67,67,67,67,67,67,67,67,67,67,67,67,67,67,67,67,67,67,67,67,67,67,67,67,71,75,75,75,75,79,83,83,83,83,83,83,89,89],"relic_stats":{"Darkstone Periapt":0,"Lee\u0027s Waffle":13,"Torii":81,"Singing Bowl":2,"counters":[58,278],"CeramicFish":126,"PreservedInsect":511,"Whetstone":["Koishi:HauntingSlash","Koishi:TremblingHands"],"Orichalcum":[378],"Boot":[59],"Blood Vial":35,"Shovel":4,"Bronze Scales":[127],"Pantograph":0,"Nloth\u0027s Gift":27,"obtain_stats":[{"TwistedFunnel":24,"Chi":4,"CeramicFish":47,"TH:Strongbox":8,"EVO:Axolotl":0,"Whetstone":29,"wanderingMiniBosses:OtherGremlinHorn":36,"Bottled Tornado":29,"Boot":11,"REME_IWantAll":42,"Blood Vial":37,"DollysMirror":4,"Strawberry":29,"DaCapo":4,"HandDrill":29,"REME_ArchaeologicalTools":24,"Toxic Egg 2":0,"hexamod:SpiritBrand":0,"aspiration:StickyExplosives":37,"conspire:TreasureMap":29,"aspiration:Nostalgia":0,"MoonlightInvasionPlan":17,"Eternal Feather":7,"Pen Nib":12,"conspire:Boomerang":38,"Letter Opener":24,"aspiration:SeaSaltIceCream":37,"REME_LimitBreaker":7,"War Paint":29,"aspiration:FrozenJewel":12,"Akabeko":49,"Ling":4,"Bronze Scales":40,"Molten Egg 2":43,"Nloth\u0027s Gift":0,"StrikeDummy":40,"infinitespire:PuzzleCube":4,"ChiLing":4,"Meat on the Bone":43,"Darkstone Periapt":30,"Lantern":6,"Regal Pillow":45,"DaveBox":0,"Torii":9,"Singing Bowl":48,"DiscerningMonocle":0,"Mango":14,"conspire:SpecialSausage":34,"Snake Skull":4,"wanderingMiniBosses:AbyssPearl":35,"Ancient Tea Set":4,"aspiration:StickyExplosives_weak":12,"TheAbacus":37,"Matryoshka":0,"Shovel":38,"Gambling Chip":7,"Pantograph":45,"Toolbox":12,"Chemical X":7,"aspiration:FutureDiary":34,"InkBottle":54,"Ring of the Snake":0,"aspiration:ChemicalBlood":31,"Potion Belt":12,"aspiration:VileToxins":24,"Lee\u0027s Waffle":0,"Thread and Needle":24,"PreservedInsect":26,"Orichalcum":6,"REME_PoisonedDagger":7,"Medical Kit":7,"Anchor":26,"SynthV:TestCard":1,"HaiYi:Twilight":17,"infinitespire:WardingShard":37,"infinitespire:Satchel":25,"Orrery":29,"REME_HandOfSuture":24,"Turnip":29,"Bag of Marbles":9,"Membership Card":24,"Bottled Lightning":52,"PureWater":0,"REME_ComplimentaryCards":0,"Koishi:ImaginaryFriend":0},{"TwistedFunnel":11,"Chi":3,"CeramicFish":55,"TH:Strongbox":32,"EVO:Axolotl":0,"Whetstone":44,"wanderingMiniBosses:OtherGremlinHorn":49,"Bottled Tornado":13,"Boot":34,"REME_IWantAll":53,"Blood Vial":17,"DollysMirror":3,"Strawberry":13,"DaCapo":3,"HandDrill":13,"REME_ArchaeologicalTools":42,"Toxic Egg 2":27,"hexamod:SpiritBrand":0,"aspiration:StickyExplosives":17,"conspire:TreasureMap":44,"aspiration:Nostalgia":0,"MoonlightInvasionPlan":37,"Eternal Feather":5,"Pen Nib":6,"conspire:Boomerang":18,"Letter Opener":11,"aspiration:SeaSaltIceCream":17,"REME_LimitBreaker":5,"War Paint":13,"aspiration:FrozenJewel":6,"Akabeko":55,"Ling":3,"Bronze Scales":52,"Molten Egg 2":53,"Nloth\u0027s Gift":0,"StrikeDummy":20,"infinitespire:PuzzleCube":3,"ChiLing":3,"Meat on the Bone":21,"Darkstone Periapt":45,"Lantern":5,"Regal Pillow":23,"DaveBox":0,"Torii":5,"Singing Bowl":55,"DiscerningMonocle":0,"Mango":7,"conspire:SpecialSausage":47,"Snake Skull":3,"wanderingMiniBosses:AbyssPearl":16,"Ancient Tea Set":3,"aspiration:StickyExplosives_weak":6,"TheAbacus":17,"Matryoshka":27,"Shovel":52,"Gambling Chip":5,"Pantograph":54,"Toolbox":6,"Chemical X":5,"aspiration:FutureDiary":15,"InkBottle":57,"Ring of the Snake":0,"aspiration:ChemicalBlood":14,"Potion Belt":6,"aspiration:VileToxins":11,"Lee\u0027s Waffle":27,"Thread and Needle":11,"PreservedInsect":12,"Orichalcum":31,"REME_PoisonedDagger":5,"Medical Kit":5,"Anchor":43,"SynthV:TestCard":1,"HaiYi:Twilight":8,"infinitespire:WardingShard":17,"infinitespire:Satchel":12,"Orrery":13,"REME_HandOfSuture":11,"Turnip":13,"Bag of Marbles":32,"Membership Card":11,"Bottled Lightning":56,"PureWater":0,"REME_ComplimentaryCards":0,"Koishi:ImaginaryFriend":0},{"TwistedFunnel":45,"Chi":18,"CeramicFish":258,"TH:Strongbox":129,"EVO:Axolotl":0,"Whetstone":199,"wanderingMiniBosses:OtherGremlinHorn":231,"Bottled Tornado":50,"Boot":138,"REME_IWantAll":248,"Blood Vial":67,"DollysMirror":18,"Strawberry":50,"DaCapo":18,"HandDrill":50,"REME_ArchaeologicalTools":187,"Toxic Egg 2":109,"hexamod:SpiritBrand":0,"aspiration:StickyExplosives":67,"conspire:TreasureMap":199,"aspiration:Nostalgia":0,"MoonlightInvasionPlan":158,"Eternal Feather":22,"Pen Nib":23,"conspire:Boomerang":70,"Letter Opener":45,"aspiration:SeaSaltIceCream":67,"REME_LimitBreaker":22,"War Paint":50,"aspiration:FrozenJewel":23,"Akabeko":258,"Ling":18,"Bronze Scales":243,"Molten Egg 2":248,"Nloth\u0027s Gift":0,"StrikeDummy":81,"infinitespire:PuzzleCube":18,"ChiLing":18,"Meat on the Bone":84,"Darkstone Periapt":204,"Lantern":22,"Regal Pillow":92,"DaveBox":0,"Torii":22,"Singing Bowl":258,"DiscerningMonocle":0,"Mango":26,"conspire:SpecialSausage":209,"Snake Skull":18,"wanderingMiniBosses:AbyssPearl":64,"Ancient Tea Set":18,"aspiration:StickyExplosives_weak":23,"TheAbacus":67,"Matryoshka":109,"Shovel":243,"Gambling Chip":22,"Pantograph":253,"Toolbox":23,"Chemical X":22,"aspiration:FutureDiary":59,"InkBottle":271,"Ring of the Snake":0,"aspiration:ChemicalBlood":52,"Potion Belt":23,"aspiration:VileToxins":45,"Lee\u0027s Waffle":109,"Thread and Needle":45,"PreservedInsect":48,"Orichalcum":125,"REME_PoisonedDagger":22,"Medical Kit":22,"Anchor":195,"SynthV:TestCard":4,"HaiYi:Twilight":33,"infinitespire:WardingShard":67,"infinitespire:Satchel":48,"Orrery":50,"REME_HandOfSuture":45,"Turnip":50,"Bag of Marbles":129,"Membership Card":45,"Bottled Lightning":265,"PureWater":0,"REME_ComplimentaryCards":0,"Koishi:ImaginaryFriend":0}],"InkBottle":[3]},"card_choices":[{"not_picked":["Koishi:SpiritedAway","Koishi:UnansweredLove+1"],"picked":"Koishi:MentalBreakdown","floor":1.0},{"not_picked":["Koishi:Untouchable","Koishi:MindNumbingTerror","Koishi:SpiritedAway","Koishi:Prune"],"picked":"Koishi:EmbryosDream+1","floor":3.0},{"not_picked":["Koishi:RorschachInDanmaku+1","Koishi:GrowingPain","Koishi:Prune","Koishi:SuperEgo"],"picked":"Koishi:BloodcurdlingScream","floor":5.0},{"not_picked":["TH:Mimic","TH:ElvenBoots","TH:ArmorSpikes"],"picked":"TH:CursedSword","floor":6.0},{"not_picked":["Koishi:CatchAndRose+1","Koishi:ApparitionsStalkTheNight+1","Koishi:SuperEgo","Koishi:Untouchable"],"picked":"Koishi:YoukaiPolygraph","floor":6.0},{"not_picked":["TH:BikiniMail","TH:ElvenBoots","TH:Mimic"],"picked":"TH:PixieDust","floor":8.0},{"not_picked":["Koishi:Bloodlust+1","Koishi:UnseenTerror","Koishi:Vanish+1","Koishi:MindStellarRelief+1"],"picked":"Koishi:UnconsciousUrges","floor":8.0},{"not_picked":["TH:Mimic","TH:ElvenBoots","TH:EnergyPotion"],"picked":"TH:CopperCoins","floor":9.0},{"not_picked":["Koishi:DreadfulBlow","Koishi:MindStellarRelief+1","Koishi:PhantomStrike","Koishi:UnansweredLove+1"],"picked":"Koishi:JumpScare+1","floor":10.0},{"not_picked":["TH:ElvenBoots","TH:TreasureMap","TH:EnergyPotion"],"picked":"TH:CursedSword","floor":11.0},{"not_picked":["Koishi:RorschachInDanmaku+1","Koishi:UnansweredLove+1","Koishi:GhostParty+1","Koishi:CatchAndRose+1"],"picked":"Koishi:TremblingHands","floor":11.0},{"not_picked":["Koishi:RorschachInDanmaku+1","Koishi:Jaunt","Koishi:ReflexRadar+1","Koishi:JumpScare+1"],"picked":"Koishi:GeneticsOfTheUnconscious+1","floor":13.0},{"not_picked":["TH:EnergyPotion","TH:CopperCoins","TH:BikiniMail"],"picked":"TH:CursedSword","floor":14.0},{"not_picked":["Koishi:Bloodlust+1","Koishi:Vanish+1","Koishi:TremblingHands","Koishi:GrowingPain"],"picked":"Koishi:TerrifyingSpectre","floor":14.0},{"not_picked":["TH:ElvenBoots","TH:BikiniMail","TH:EnergyPotion"],"picked":"TH:DeckOfManyThings","floor":16},{"not_picked":["Koishi:Jaunt","Koishi:SilentAndRestless","Koishi:BloodcurdlingScream","Koishi:PhantomBarrier+1"],"picked":"Koishi:HeartStoppingHorror","floor":18},{"not_picked":["Koishi:FleetingPhantom+1","Koishi:Jaunt","Koishi:MentalBreakdown","Koishi:HeartfeltFancy+1"],"picked":"Koishi:PredatoryInstincts+1","floor":19},{"not_picked":["Koishi:Jaunt","Koishi:PhantomStrike","Koishi:SprinkleStarAndHeart+1","Koishi:RorschachInDanmaku+1"],"picked":"Koishi:JumpScare+1","floor":21},{"not_picked":["Koishi:FleetingPhantom+1","Koishi:FidgetySnatcher","Koishi:MassHysteria+1","Koishi:Prune"],"picked":"Koishi:DreadfulBlow","floor":22},{"not_picked":["TH:PixieDust","TH:ElvenBoots","TH:TreasureMap"],"picked":"TH:CopperCoins","floor":24},{"not_picked":["Koishi:UnconsciousUprising+1","Koishi:Bloodlust+1","Koishi:SubterraneanRose+1","Koishi:ReflexRadar+1"],"picked":"Koishi:TremblingHands","floor":24},{"not_picked":["Koishi:SubterraneanRose+1","Koishi:FidgetySnatcher","Koishi:GeneticsOfTheUnconscious+1","Koishi:FourthEye+1"],"picked":"Koishi:StingingMind+1","floor":25},{"not_picked":["TH:ArmorSpikes","TH:EnergyPotion","TH:PixieDust"],"picked":"TH:TreasureMap","floor":26},{"not_picked":["Koishi:TerrifyingSpectre","Koishi:JumpScare+1","Koishi:Jaunt","Koishi:StrangeCloudFist"],"picked":"Koishi:FleetingPhantom+1","floor":28},{"not_picked":["TH:ElvenBoots","TH:BikiniMail","TH:CopperCoins"],"picked":"TH:CursedSword","floor":30},{"not_picked":["Koishi:Untouchable+1","Koishi:ReleaseOfTheId+1","Koishi:GrowingPain","Koishi:SprinkleStarAndHeart+1"],"picked":"Koishi:RuptureMind","floor":30},{"not_picked":["Koishi:HeartAttack","Koishi:Bloodlust+1","Koishi:HeartfeltFancy+1","Koishi:Prune"],"picked":"Koishi:MindNumbingTerror","floor":31},{"not_picked":["TH:DeckOfManyThings","TH:ArmorSpikes","TH:Mimic"],"picked":"TH:CopperCoins","floor":33},{"not_picked":["Koishi:RuptureMind","Koishi:GrowingPain","Koishi:RoseHell+1","Koishi:SilentAndRestless"],"picked":"Koishi:MindStellarRelief+1","floor":33},{"not_picked":["Koishi:Prune","Koishi:Jaunt","Koishi:CatchAndRose+1","Koishi:MindStellarRelief+1"],"picked":"Koishi:MindNumbingTerror","floor":35},{"not_picked":["Koishi:EmbryosDream+1","Koishi:ReflexRadar+1","Koishi:EmbersOfLove+1","Koishi:LastRemote+1","Koishi:SubconsciousSweep"],"picked":"SKIP","floor":36},{"not_picked":["Koishi:PhantomStrike+1","Koishi:DreadfulBlow","Koishi:DNAsFlaw+1","Koishi:TraumaticStroke","Koishi:Vanish+1"],"picked":"SKIP","floor":37},{"not_picked":["Koishi:GeneticsOfTheUnconscious+1","Koishi:VengefulSpirit","Koishi:PhantomBarrier+1","Koishi:ReflexRadar+1"],"picked":"Koishi:Catatonia","floor":38},{"not_picked":["TH:CursedSword","TH:Mimic","TH:ElvenBoots","TH:DeckOfManyThings"],"picked":"Singing Bowl","floor":42},{"not_picked":["Koishi:LastRemote+1","Koishi:MassHysteria+1","Koishi:ReleaseOfTheId+1","Koishi:TerrifyingSpectre"],"picked":"Koishi:Possession+1","floor":42},{"not_picked":["TH:ElvenBoots","TH:ArmorSpikes","TH:EnergyPotion","TH:TreasureMap"],"picked":"Singing Bowl","floor":43},{"not_picked":["Koishi:FleetingPhantom+1","Koishi:TerrifyingSpectre","Koishi:ReflexRadar+1","Koishi:DNAsFlaw+1"],"picked":"Koishi:Possession+1","floor":44},{"not_picked":["TH:Mimic","TH:CopperCoins","TH:PixieDust","TH:TreasureMap"],"picked":"Singing Bowl","floor":47},{"not_picked":["Koishi:PhantomStrike+1","Koishi:StingingMind+1","Koishi:RollingInRichesHeart+1","Koishi:ParalyzingFear+1"],"picked":"Koishi:UnseenTerror+1","floor":47},{"not_picked":["TH:CopperCoins","TH:DeckOfManyThings","TH:Mimic","TH:ArmorSpikes"],"picked":"Singing Bowl","floor":48},{"not_picked":["TH:ElvenBoots","TH:Mimic","TH:CursedSword","TH:TreasureMap"],"picked":"Singing Bowl","floor":54},{"not_picked":["Koishi:ReflexRadar+1","Koishi:DanmakuParanoia+1","Koishi:ConditionedTeleport+1","Koishi:Whimsy+1","Koishi:CatchAndRose+1"],"picked":"Singing Bowl","floor":54}],"player_experience":558064,"relics_obtained":[{"floor":1.0,"key":"SynthV:TestCard"},{"floor":3.0,"key":"aspiration:FrozenJewel"},{"floor":6.0,"key":"Orichalcum"},{"floor":8.0,"key":"TH:Strongbox"},{"floor":9.0,"key":"Bag of Marbles"},{"floor":9.0,"key":"aspiration:SeaSaltIceCream"},{"floor":11.0,"key":"Boot"},{"floor":14.0,"key":"aspiration:StickyExplosives_weak"},{"floor":24,"key":"REME_ArchaeologicalTools"},{"floor":26,"key":"Anchor"},{"floor":30,"key":"Darkstone Periapt"},{"floor":36,"key":"wanderingMiniBosses:OtherGremlinHorn"},{"floor":38,"key":"Shovel"},{"floor":40,"key":"Bronze Scales"},{"floor":42,"key":"REME_IWantAll"},{"floor":43,"key":"Molten Egg 2"},{"floor":46,"key":"Lantern"},{"floor":47,"key":"CeramicFish"},{"floor":48,"key":"Singing Bowl"},{"floor":49,"key":"Akabeko"},{"floor":52,"key":"Bottled Lightning"},{"floor":54,"key":"InkBottle"}],"event_choices":[{"damage_healed":67.0,"max_hp_gain":0.0,"max_hp_loss":67.0,"gold_gain":0.0,"event_name":"betterThird:BetterShining","player_choice":"Upgrade","floor":2.0,"gold_loss":0.0,"damage_taken":13.0,"cards_upgraded":["Koishi:BasicDefend","Koishi:BasicDefend"]},{"damage_healed":0.0,"max_hp_gain":0.0,"max_hp_loss":0.0,"gold_gain":0.0,"event_name":"NoteForYourself","player_choice":"Ignored","floor":7.0,"gold_loss":0.0,"damage_taken":0.0},{"cards_removed":["MostiFishMod:Neptune"],"damage_healed":5,"gold_gain":0,"player_choice":"Offered Special","damage_taken":0,"max_hp_gain":0,"max_hp_loss":0,"event_name":"Bonfire Elementals","floor":20,"gold_loss":0},{"damage_healed":0,"gold_gain":0,"player_choice":"Fight","damage_taken":0,"max_hp_gain":0,"max_hp_loss":0,"event_name":"MindBloom","floor":38,"gold_loss":0},{"damage_healed":0,"gold_gain":0,"player_choice":"Leave","damage_taken":0,"max_hp_gain":0,"max_hp_loss":0,"event_name":"conspire:Investor","floor":39,"gold_loss":0},{"damage_healed":4,"gold_gain":0,"player_choice":"LEAVE ","damage_taken":0,"relics_obtained":[],"max_hp_gain":0,"max_hp_loss":0,"event_name":"betterSkull:BetterSkull","floor":41,"gold_loss":0,"cards_upgraded":[]}],"is_beta":false,"boss_relics":[{"not_picked":["Astrolabe","REME_ChargedStone"],"picked":"MoonlightInvasionPlan"},{"not_picked":["aspiration:SecretTechniqueScroll","BloodWine"],"picked":"conspire:SpecialSausage"}],"items_purged_floors":[29],"is_endless":false,"potions_floor_spawned":[3,5,11,13,14,18,21,22,28,30,31,33,35,38,42,44],"ascension_level":6}}