{"host":"uonldg9uriwfhjjx","time":1609630732,"event":{"mods":["AchievementEnabler","BaseMod","Minty Spire (QoL Compilation)","Relic Stats"],"gold_per_floor":[117,117,128,142,17,17,28,103,103,3,35,47,47,75,75,150,150,168,83,93,93,112,112,62,75,124,124,139,172,172,192,192,192,192],"floor_reached":33,"playtime":1316,"items_purged":["Decay","Strike_G","Strike_G"],"score":485,"play_id":"87f0017c-d87c-4bbb-aae5-aaadca6acfd5","local_time":"20210102183852","is_ascension_mode":true,"campfire_choices":[{"data":"Blade Dance","floor":6,"key":"SMITH"},{"floor":13,"key":"REST"},{"data":"Blade Dance","floor":15,"key":"SMITH"},{"data":"A Thousand Cuts","floor":23,"key":"SMITH"},{"data":"Secret Technique","floor":27,"key":"SMITH"},{"data":"Leg Sweep","floor":32,"key":"SMITH"}],"circlet_count":0,"master_deck":["AscendersBane","Strike_G","Strike_G","Strike_G","Defend_G","Defend_G","Defend_G","Defend_G","Defend_G","Survivor","Neutralize","Secret Technique+1","Neutralize","Blade Dance+1","Leg Sweep+1","Backflip","Storm of Steel","Blade Dance+1","A Thousand Cuts+1","PiercingWail","Footwork","Cloak And Dagger"],"relics":["Ring of the Snake","Ninja Scroll","Gremlin Horn","Pen Nib","Sozu","Smiling Mask","Toy Ornithopter","Bronze Scales"],"acts_visited":["Exordium","TheCity"],"potions_floor_usage":[14,16],"damage_taken":[{"damage":6,"enemies":"Small Slimes","floor":1,"turns":6},{"damage":9,"enemies":"Cultist","floor":3,"turns":5},{"damage":0,"enemies":"2 Louse","floor":4,"turns":3},{"damage":0,"enemies":"Blue Slaver","floor":7,"turns":5},{"damage":19,"enemies":"Gremlin Nob","floor":11,"turns":4},{"damage":0,"enemies":"Red Slaver","floor":12,"turns":3},{"damage":2,"enemies":"3 Sentries","floor":14,"turns":5},{"damage":2,"enemies":"Hexaghost","floor":16,"turns":7},{"damage":0,"enemies":"Shell Parasite","floor":18,"turns":5},{"damage":11,"enemies":"Spheric Guardian","floor":20,"turns":4},{"damage":0,"enemies":"3 Cultists","floor":22,"turns":5},{"damage":10,"enemies":"Chosen and Byrds","floor":25,"turns":5},{"damage":0,"enemies":"Shelled Parasite and Fungi","floor":28,"turns":3},{"damage":5,"enemies":"Gremlin Leader","floor":29,"turns":5},{"damage":0,"enemies":"Centurion and Healer","floor":31,"turns":5},{"damage":43,"enemies":"Automaton","floor":33,"turns":6}],"seed_played":"6223633627430341530","potions_obtained":[{"floor":1,"key":"CultistPotion"},{"floor":7,"key":"SpeedPotion"},{"floor":11,"key":"Strength Potion"}],"is_trial":false,"path_per_floor":["M","?","M","M","$","R","M","?","T","$","E","M","R","E","R","B",null,"M","?","M","?","M","R","$","M","T","R","M","E","$","M","R","B"],"character_chosen":"THE_SILENT","items_purchased":["Backflip"],"campfire_rested":1,"item_purchase_floors":[5],"current_hp_per_floor":[53,53,44,44,44,44,44,33,33,33,14,14,33,31,31,29,57,57,57,46,46,46,46,46,36,36,36,36,31,31,31,31,0,0],"gold":192,"neow_bonus":"RANDOM_COLORLESS_2","is_daily":false,"chose_seed":false,"campfire_upgraded":5,"win_rate":0.0,"timestamp":1609630732,"path_taken":["M","?","M","?","$","R","M","?","T","$","E","M","R","E","R","BOSS","M","?","M","?","M","R","$","M","T","R","?","E","?","M","R","BOSS"],"items_purchased_type":["Card"],"build_version":"2020-12-22","purchased_purges":3,"victory":false,"max_hp_per_floor":[66,66,66,66,66,66,66,66,66,66,66,66,66,66,66,66,66,66,66,66,66,66,66,66,66,66,66,66,66,66,66,66,66,66],"relic_stats":{"Sozu":2,"Gremlin Horn":[13,13],"counters":[16,76],"Bronze Scales":[39],"Pen Nib":[22],"Smiling Mask":75,"obtain_stats":[{"Sozu":17,"Gremlin Horn":11,"Ninja Scroll":9,"Bronze Scales":29,"Pen Nib":14,"Smiling Mask":19,"Toy Ornithopter":26,"Ring of the Snake":0},{"Sozu":8,"Gremlin Horn":5,"Ninja Scroll":4,"Bronze Scales":14,"Pen Nib":7,"Smiling Mask":9,"Toy Ornithopter":12,"Ring of the Snake":0},{"Sozu":38,"Gremlin Horn":23,"Ninja Scroll":19,"Bronze Scales":65,"Pen Nib":31,"Smiling Mask":43,"Toy Ornithopter":57,"Ring of the Snake":0}],"Toy Ornithopter":0,"Ring of the Snake":[32]},"card_choices":[{"not_picked":["Magnetism","Secret Weapon"],"picked":"Secret Technique","floor":0},{"not_picked":["Slice","Bouncing Flask","Outmaneuver"],"picked":"SKIP","floor":1},{"not_picked":["Footwork","Poisoned Stab"],"picked":"Blade Dance","floor":3},{"not_picked":["Bane","Catalyst"],"picked":"Leg Sweep","floor":4},{"not_picked":["Acrobatics","Tactician"],"picked":"Storm of Steel","floor":7},{"not_picked":["Quick Slash","Backflip","Predator"],"picked":"SKIP","floor":11},{"not_picked":["Deflect","Dodge and Roll","Heel Hook"],"picked":"SKIP","floor":12},{"not_picked":["Slice","Dodge and Roll"],"picked":"Blade Dance","floor":14},{"not_picked":["Doppelganger","Die Die Die"],"picked":"A Thousand Cuts","floor":16},{"not_picked":["Deflect+1","Outmaneuver"],"picked":"PiercingWail","floor":18},{"not_picked":["Caltrops","Prepared+1","Storm of Steel"],"picked":"SKIP","floor":20},{"not_picked":["Dagger Spray","PiercingWail"],"picked":"Footwork","floor":22},{"not_picked":["Flechettes","Dodge and Roll","Sucker Punch"],"picked":"SKIP","floor":25},{"not_picked":["Dagger Spray","Expertise","Predator"],"picked":"SKIP","floor":28},{"not_picked":["Blade Dance","Endless Agony"],"picked":"Cloak And Dagger","floor":29},{"not_picked":["Prepared","Cloak And Dagger","Riddle With Holes"],"picked":"SKIP","floor":31}],"player_experience":705180,"relics_obtained":[{"floor":9,"key":"Ninja Scroll"},{"floor":11,"key":"Gremlin Horn"},{"floor":14,"key":"Pen Nib"},{"floor":26,"key":"Toy Ornithopter"},{"floor":29,"key":"Bronze Scales"}],"event_choices":[{"damage_healed":0,"gold_gain":0,"player_choice":"1 cards matched","damage_taken":0,"max_hp_gain":0,"max_hp_loss":0,"event_name":"Match and Keep!","floor":2,"gold_loss":0,"cards_obtained":["Neutralize"]},{"damage_healed":0,"gold_gain":75,"player_choice":"Gather Gold","damage_taken":11,"max_hp_gain":0,"max_hp_loss":0,"event_name":"World of Goop","floor":8,"gold_loss":0},{"damage_healed":0,"gold_gain":0,"player_choice":"Obtained Relic","damage_taken":0,"relics_obtained":["Smiling Mask"],"max_hp_gain":0,"max_hp_loss":0,"event_name":"Addict","floor":19,"gold_loss":85},{"damage_healed":0,"gold_gain":0,"player_choice":"Ignored","damage_taken":0,"max_hp_gain":0,"max_hp_loss":0,"event_name":"N\u0027loth","floor":21,"gold_loss":0}],"is_beta":false,"boss_relics":[{"not_picked":["Snecko Eye","Philosopher\u0027s Stone"],"picked":"Sozu"}],"items_purged_floors":[5,10,24],"is_endless":false,"potions_floor_spawned":[1,7,11,18,28],"killed_by":"Automaton","ascension_level":15}}