{"host":"tr12w2fixbnujl15","time":1609597038,"event":{"mods":["2.2 Compatiblity","BaseMod","Better Skull","BetterRewards","Colored Powertips","Hubris","Infinite Spire","Minty Spire (QoL Compilation)","Quick Restart","Replay The Spire","Shop Mod","StSLib","SuperFastMode","The Dragon Tamer","The Necromancer","The Sage","The Senshi","The Spell Scribe","TheFirefly","WarShipGirlsR/????R mod"],"gold_per_floor":[113,288,306,316,54,69,144,144,144,158,176,176,146,165,165,165,165],"floor_reached":16,"playtime":753,"items_purged":["Doubt"],"score":94,"play_id":"36b16cd6-69fc-4c24-8003-a0fbd31cc4ea","local_time":"20210102091718","is_ascension_mode":false,"campfire_choices":[{"floor":8,"key":"REST"},{"floor":12,"key":"REST"},{"data":"1","floor":15,"key":"LIFT"}],"circlet_count":0,"master_deck":["thefirefly:Strike","thefirefly:Strike","thefirefly:Strike","thefirefly:Strike","thefirefly:Defend","thefirefly:Defend","thefirefly:Defend","thefirefly:Defend","thefirefly:StealthMode","thefirefly:PhotonBlast","thefirefly:ErraticMotions","thefirefly:ShieldGenerator","Survey Options","thefirefly:ArtillleryBeam","thefirefly:EMP","thefirefly:StoredPower","thefirefly:Preload+1","thefirefly:MirrorShield","thefirefly:ChargedLaser","thefirefly:LifeSupport","thefirefly:Lamentation","thefirefly:ShieldArray+1","thefirefly:EnergyShield+1","thefirefly:LifeSupport+1","thefirefly:ShieldGenerator"],"relics":["thefirefly:StealthSystem","Peace Pipe","Girya","replay:Trail_Library","Toxic Egg 2"],"acts_visited":["Exordium"],"potions_floor_usage":[11,11],"damage_taken":[{"damage":0,"enemies":"2 Louse","floor":1,"turns":3},{"damage":15,"enemies":"Jaw Worm","floor":3,"turns":6},{"damage":3,"enemies":"Cultist","floor":4,"turns":5},{"damage":13,"enemies":"3 Louse","floor":6,"turns":4},{"damage":1,"enemies":"Lots of Slimes","floor":10,"turns":3},{"damage":8,"enemies":"Large Slime","floor":11,"turns":8},{"damage":6,"enemies":"Looter","floor":13,"turns":4},{"damage":0,"enemies":"Red Slaver","floor":14,"turns":6},{"damage":61,"enemies":"Hexaghost","floor":16,"turns":14}],"seed_played":"-2876357861014375766","potions_obtained":[{"floor":3,"key":"Weak Potion"},{"floor":10,"key":"Fruit Juice"},{"floor":11,"key":"Elixir"}],"is_trial":false,"path_per_floor":["M","?","M","M","$","M","?","R","T","M","M","R","M","M","R","B"],"character_chosen":"THE_FIREFLY","items_purchased":["thefirefly:ErraticMotions","thefirefly:ShieldGenerator","Survey Options","thefirefly:Preload+1","thefirefly:MirrorShield","thefirefly:ChargedLaser"],"campfire_rested":2,"item_purchase_floors":[0,0,0,5,5,5],"current_hp_per_floor":[55,55,40,37,37,24,13,29,29,34,37,55,55,60,60,0,0],"gold":165,"neow_bonus":"","is_daily":false,"chose_seed":false,"campfire_upgraded":0,"win_rate":0.0,"timestamp":1609597038,"path_taken":["M","?","M","M","$","M","?","R","T","M","M","R","M","M","R","BOSS"],"items_purchased_type":["Card","Card","Card","Card","Card","Card"],"build_version":"2020-12-22","purchased_purges":1,"victory":false,"max_hp_per_floor":[55,55,55,55,55,55,55,55,55,55,60,60,60,60,60,60,60],"card_choices":[{"not_picked":["thefirefly:Rend","thefirefly:ShieldGenerator"],"picked":"thefirefly:ArtillleryBeam","floor":1},{"not_picked":["thefirefly:Preload","thefirefly:FlareScreen"],"picked":"thefirefly:EMP","floor":3},{"not_picked":["thefirefly:ReverseEngine","thefirefly:InterceptingShot"],"picked":"thefirefly:StoredPower","floor":4},{"not_picked":["thefirefly:Teleport","thefirefly:EvasiveManeuver"],"picked":"thefirefly:LifeSupport","floor":6},{"not_picked":["thefirefly:Boost+1","thefirefly:ErraticMotions"],"picked":"thefirefly:Lamentation","floor":10},{"not_picked":["thefirefly:Distort+1","thefirefly:StarCinder+1"],"picked":"thefirefly:ShieldArray+1","floor":11},{"not_picked":["thefirefly:SearingEnigma+1","thefirefly:ArtillleryBeam"],"picked":"thefirefly:LifeSupport+1","floor":13},{"not_picked":["thefirefly:QuantumTunneling+1","thefirefly:Unburden+1"],"picked":"thefirefly:ShieldGenerator","floor":14}],"player_experience":18964,"relics_obtained":[{"floor":9,"key":"Toxic Egg 2"}],"event_choices":[{"damage_healed":0,"gold_gain":175,"player_choice":"AGREE","damage_taken":0,"max_hp_gain":0,"max_hp_loss":0,"event_name":"Liars Game","floor":2,"gold_loss":0,"cards_obtained":["Doubt"]},{"damage_healed":0,"gold_gain":75,"player_choice":"Gather Gold","damage_taken":11,"max_hp_gain":0,"max_hp_loss":0,"event_name":"World of Goop","floor":7,"gold_loss":0}],"is_beta":false,"boss_relics":[],"items_purged_floors":[5],"is_endless":false,"potions_floor_spawned":[3,10,11],"killed_by":"Hexaghost","ascension_level":0}}