{"host":"ayh4nqhr0ddw4ozv","time":1609566723,"event":{"mods":["BaseMod","Minty Spire (QoL Compilation)","Relic Stats","Robot Space Explorer","StSLib"],"gold_per_floor":[115,40,40,40,65,109,109,445,494,494,494,494,513,553,553,643,643,667,680,531,551,275,315,315,349,403,418,439,454,488,488,488,578,578,601,621,621,679,695,695,729,729,729,765,765,805,336,380,380,380,380,380,12,46,46],"floor_reached":56,"playtime":3057,"items_purged":["RobotSpaceExplorer:Defend","RobotSpaceExplorer:Strike","RobotSpaceExplorer:Defend","RobotSpaceExplorer:Strike"],"score":2236,"play_id":"cb75b1cb-52f0-48ab-89e1-600438046534","local_time":"20210101215203","is_ascension_mode":true,"campfire_choices":[{"data":"RobotSpaceExplorer:Blaster","floor":7,"key":"SMITH"},{"data":"RobotSpaceExplorer:StarLightning","floor":10,"key":"SMITH"},{"data":"RobotSpaceExplorer:PowerGlove","floor":12,"key":"SMITH"},{"data":"RobotSpaceExplorer:FreezingShield","floor":15,"key":"SMITH"},{"data":"RobotSpaceExplorer:Strike","floor":24,"key":"PURGE"},{"data":"RobotSpaceExplorer:Defend","floor":32,"key":"PURGE"},{"floor":40,"key":"REST"},{"floor":45,"key":"RECALL"},{"floor":49,"key":"REST"},{"data":"RobotSpaceExplorer:Defend","floor":52,"key":"PURGE"}],"circlet_count":0,"master_deck":["AscendersBane","RobotSpaceExplorer:Strike","RobotSpaceExplorer:Scan","RobotSpaceExplorer:MiniLasers+1","RobotSpaceExplorer:PowerGlove+1","RobotSpaceExplorer:Blaster+1","RobotSpaceExplorer:ShovelStrike","RobotSpaceExplorer:StarLightning+1","RobotSpaceExplorer:FreezingShield+1","RobotSpaceExplorer:ScrapToss+1","RobotSpaceExplorer:IronShell","RobotSpaceExplorer:ShockMissile+1","RobotSpaceExplorer:ShockMissile","RobotSpaceExplorer:Calculate+1","RobotSpaceExplorer:Accelerator","RobotSpaceExplorer:Fix","RobotSpaceExplorer:FranticSearch","RobotSpaceExplorer:Multitool"],"relics":["RobotSpaceExplorer:TurboCore","NeowsBlessing","Golden Idol","Lantern","Old Coin","Ancient Tea Set","Shuriken","Boot","Fusion Hammer","PreservedInsect","Peace Pipe","FossilizedHelix","Dream Catcher","Dead Branch","Thread and Needle","The Courier","CeramicFish","Gambling Chip","Whetstone","Darkstone Periapt","RobotSpaceExplorer:BottledGravity","Blood Vial"],"acts_visited":["Exordium","TheCity","TheBeyond","TheEnding"],"potions_floor_usage":[18,38,38,41,46,46,50,54,55],"damage_taken":[{"damage":0,"enemies":"Cultist","floor":1,"turns":1},{"damage":0,"enemies":"Small Slimes","floor":5,"turns":1},{"damage":0,"enemies":"3 Sentries","floor":6,"turns":1},{"damage":12,"enemies":"Gremlin Nob","floor":8,"turns":4},{"damage":0,"enemies":"Jaw Worm","floor":13,"turns":2},{"damage":5,"enemies":"3 Sentries","floor":14,"turns":5},{"damage":3,"enemies":"The Guardian","floor":16,"turns":8},{"damage":0,"enemies":"Shell Parasite","floor":18,"turns":3},{"damage":3,"enemies":"Chosen","floor":19,"turns":3},{"damage":0,"enemies":"3 Cultists","floor":21,"turns":3},{"damage":2,"enemies":"Slavers","floor":23,"turns":4},{"damage":0,"enemies":"Gremlin Leader","floor":25,"turns":4},{"damage":0,"enemies":"Sentry and Sphere","floor":27,"turns":5},{"damage":0,"enemies":"Snake Plant","floor":28,"turns":3},{"damage":0,"enemies":"3 Cultists","floor":29,"turns":4},{"damage":7,"enemies":"Slavers","floor":30,"turns":3},{"damage":38,"enemies":"Automaton","floor":33,"turns":7},{"damage":0,"enemies":"Orb Walker","floor":35,"turns":3},{"damage":0,"enemies":"3 Shapes","floor":36,"turns":5},{"damage":32,"enemies":"2 Orb Walkers","floor":38,"turns":5},{"damage":0,"enemies":"3 Darklings","floor":39,"turns":5},{"damage":0,"enemies":"Reptomancer","floor":41,"turns":3},{"damage":4,"enemies":"Giant Head","floor":44,"turns":7},{"damage":0,"enemies":"Reptomancer","floor":46,"turns":7},{"damage":0,"enemies":"Nemesis","floor":48,"turns":4},{"damage":13,"enemies":"Time Eater","floor":50,"turns":8},{"damage":18,"enemies":"Shield and Spear","floor":54,"turns":4},{"damage":37,"enemies":"The Heart","floor":55,"turns":10}],"seed_played":"-3634366885080486843","potions_obtained":[{"floor":5,"key":"Energy Potion"},{"floor":14,"key":"Explosive Potion"},{"floor":16,"key":"GamblersBrew"},{"floor":39,"key":"AttackPotion"},{"floor":44,"key":"BlessingOfTheForge"}],"is_trial":false,"path_per_floor":["M","$","?","?","M","E","R","E","T","R","T","R","M","E","R","B",null,"M","M","$","M","$","E","R","E","T","M","M","M","E","?","R","B",null,"M","M","?","?","M","R","E","?","T","E","R","E","$","E","R","B",null,"R","$","E","B",null],"character_chosen":"RobotSpaceExplorer","items_purchased":["PowerPotion","PreservedInsect","RobotSpaceExplorer:Accelerator","Whetstone","PowerPotion","RobotSpaceExplorer:Fix","SteroidPotion","RobotSpaceExplorer:FranticSearch","RobotSpaceExplorer:Multitool","RobotSpaceExplorer:BottledGravity","BlessingOfTheForge"],"campfire_rested":2,"item_purchase_floors":[20,22,47,47,47,47,47,47,53,53,53],"current_hp_per_floor":[64,64,64,64,64,64,64,52,52,52,52,52,52,47,47,44,61,61,58,58,58,58,56,56,56,56,56,56,56,49,49,49,11,52,52,52,52,20,20,38,38,38,38,34,34,34,34,38,56,47,59,59,59,45,14],"gold":46,"neow_bonus":"THREE_ENEMY_KILL","is_daily":false,"chose_seed":false,"campfire_upgraded":4,"win_rate":0.0,"timestamp":1609566723,"path_taken":["M","$","?","?","?","E","R","E","T","R","?","R","?","E","R","BOSS","M","M","$","M","$","E","R","E","T","M","M","M","E","?","R","BOSS","M","M","?","?","M","R","E","?","T","E","R","E","$","E","R","BOSS","R","$","E","BOSS"],"items_purchased_type":["Potion","Relic","Card","Relic","Potion","Card","Potion","Card","Card","Relic","Potion"],"build_version":"2020-12-22","purchased_purges":4,"victory":true,"max_hp_per_floor":[71,71,66,66,66,66,66,66,66,66,66,66,66,66,66,66,66,66,66,66,66,66,66,66,66,66,66,66,66,66,66,66,66,66,66,66,63,63,63,63,63,63,63,63,63,63,63,63,63,63,63,63,63,63,63],"relic_stats":{"Darkstone Periapt":0,"counters":[28,122],"Golden Idol":211,"Dead Branch":[52],"CeramicFish":45,"PreservedInsect":540,"Whetstone":["RobotSpaceExplorer:ShockMissile","RobotSpaceExplorer:ScrapToss"],"Boot":[192],"Peace Pipe":3,"Blood Vial":2,"Dream Catcher":2,"Shuriken":[79],"Gambling Chip":[3],"obtain_stats":[{"Darkstone Periapt":48,"Lantern":6,"NeowsBlessing":0,"Golden Idol":3,"Dead Branch":30,"CeramicFish":44,"RobotSpaceExplorer:RoboCore":0,"Thread and Needle":38,"PreservedInsect":22,"The Courier":41,"Whetstone":47,"Ancient Tea Set":9,"Boot":14,"RobotSpaceExplorer:TurboCore":34,"Old Coin":8,"Peace Pipe":23,"Blood Vial":54,"Dream Catcher":26,"Shuriken":11,"RobotSpaceExplorer:BottledGravity":53,"Gambling Chip":46,"Fusion Hammer":17,"FossilizedHelix":25},{"Darkstone Periapt":25,"Lantern":3,"NeowsBlessing":0,"Golden Idol":1,"Dead Branch":16,"CeramicFish":23,"RobotSpaceExplorer:RoboCore":0,"Thread and Needle":20,"PreservedInsect":10,"The Courier":22,"Whetstone":24,"Ancient Tea Set":4,"Boot":6,"RobotSpaceExplorer:TurboCore":17,"Old Coin":4,"Peace Pipe":11,"Blood Vial":27,"Dream Catcher":12,"Shuriken":4,"RobotSpaceExplorer:BottledGravity":26,"Gambling Chip":24,"Fusion Hammer":7,"FossilizedHelix":12},{"Darkstone Periapt":100,"Lantern":3,"NeowsBlessing":0,"Golden Idol":1,"Dead Branch":54,"CeramicFish":89,"RobotSpaceExplorer:RoboCore":0,"Thread and Needle":74,"PreservedInsect":31,"The Courier":82,"Whetstone":96,"Ancient Tea Set":7,"Boot":14,"RobotSpaceExplorer:TurboCore":61,"Old Coin":7,"Peace Pipe":35,"Blood Vial":112,"Dream Catcher":39,"Shuriken":7,"RobotSpaceExplorer:BottledGravity":108,"Gambling Chip":96,"Fusion Hammer":22,"FossilizedHelix":39}]},"card_choices":[{"not_picked":["RobotSpaceExplorer:Pulsar","RobotSpaceExplorer:SlimeMissile"],"picked":"RobotSpaceExplorer:PowerGlove","floor":1},{"not_picked":["RobotSpaceExplorer:MiniDrones","RobotSpaceExplorer:StunGrenade"],"picked":"RobotSpaceExplorer:Blaster","floor":5},{"not_picked":["RobotSpaceExplorer:SwiftStep","RobotSpaceExplorer:Blitz"],"picked":"RobotSpaceExplorer:ShovelStrike","floor":6},{"not_picked":["RobotSpaceExplorer:MiniDrones","RobotSpaceExplorer:Probe"],"picked":"RobotSpaceExplorer:StarLightning","floor":8},{"not_picked":["RobotSpaceExplorer:SurgingStrike","RobotSpaceExplorer:Reload"],"picked":"RobotSpaceExplorer:FreezingShield","floor":13},{"not_picked":["RobotSpaceExplorer:JunkDive","RobotSpaceExplorer:ShovelStrike"],"picked":"RobotSpaceExplorer:ScrapToss","floor":14},{"not_picked":["RobotSpaceExplorer:Scanner","RobotSpaceExplorer:HighVoltage"],"picked":"RobotSpaceExplorer:ShockMissile","floor":16},{"not_picked":["RobotSpaceExplorer:SelfCleaning","RobotSpaceExplorer:Pulsar","RobotSpaceExplorer:Counterblock"],"picked":"SKIP","floor":18},{"not_picked":["RobotSpaceExplorer:GearShield","RobotSpaceExplorer:LaserBurst","RobotSpaceExplorer:SurgingStrike+1"],"picked":"SKIP","floor":19},{"not_picked":["RobotSpaceExplorer:Ammunition","RobotSpaceExplorer:ShockKick","RobotSpaceExplorer:GlueSpray"],"picked":"SKIP","floor":21},{"not_picked":["RobotSpaceExplorer:FranticSearch","RobotSpaceExplorer:Counterblock","RobotSpaceExplorer:SwiftStep"],"picked":"SKIP","floor":23},{"not_picked":["RobotSpaceExplorer:FrostMissile","RobotSpaceExplorer:Smokescreen"],"picked":"RobotSpaceExplorer:IronShell","floor":25},{"not_picked":["RobotSpaceExplorer:DoubleBlock","RobotSpaceExplorer:Electropulse","RobotSpaceExplorer:SlimeMissile"],"picked":"SKIP","floor":27},{"not_picked":["RobotSpaceExplorer:SurgingShield","RobotSpaceExplorer:ShovelStrike","RobotSpaceExplorer:ToxicBomb"],"picked":"SKIP","floor":28},{"not_picked":["RobotSpaceExplorer:Asteroid","RobotSpaceExplorer:SlimeMissile+1","RobotSpaceExplorer:SelfCleaning"],"picked":"SKIP","floor":29},{"not_picked":["RobotSpaceExplorer:Blitz+1","RobotSpaceExplorer:ToxicBomb+1"],"picked":"RobotSpaceExplorer:ShockMissile","floor":30},{"not_picked":["RobotSpaceExplorer:Explosion","RobotSpaceExplorer:HighVoltage"],"picked":"RobotSpaceExplorer:ShockMissile","floor":33},{"not_picked":["RobotSpaceExplorer:ShovelStrike","RobotSpaceExplorer:Electroshield","RobotSpaceExplorer:SlimeMissile"],"picked":"SKIP","floor":35},{"not_picked":["RobotSpaceExplorer:Probe","RobotSpaceExplorer:FreezeRay","RobotSpaceExplorer:Ammunition"],"picked":"SKIP","floor":36},{"not_picked":["RobotSpaceExplorer:SurgingShield","RobotSpaceExplorer:BigMissile","RobotSpaceExplorer:MetalStrike"],"picked":"SKIP","floor":39},{"not_picked":["RobotSpaceExplorer:StunGrenade","RobotSpaceExplorer:Electroshield","RobotSpaceExplorer:FreezingShield"],"picked":"SKIP","floor":41},{"not_picked":["RobotSpaceExplorer:GlueShot","RobotSpaceExplorer:SwiftStep","RobotSpaceExplorer:StarLightning+1"],"picked":"SKIP","floor":44},{"not_picked":["RobotSpaceExplorer:LaserBurst","RobotSpaceExplorer:MiniBoosters"],"picked":"RobotSpaceExplorer:Calculate+1","floor":46},{"not_picked":["RobotSpaceExplorer:Ammunition","RobotSpaceExplorer:PowerCollector","RobotSpaceExplorer:Pulsar"],"picked":"SKIP","floor":48},{"not_picked":["RobotSpaceExplorer:MakeshiftVolley","RobotSpaceExplorer:StunGrenade","RobotSpaceExplorer:Exploration"],"picked":"SKIP","floor":54}],"player_experience":272789,"relics_obtained":[{"floor":6,"key":"Lantern"},{"floor":8,"key":"Old Coin"},{"floor":9,"key":"Ancient Tea Set"},{"floor":11,"key":"Shuriken"},{"floor":14,"key":"Boot"},{"floor":23,"key":"Peace Pipe"},{"floor":25,"key":"FossilizedHelix"},{"floor":26,"key":"Dream Catcher"},{"floor":30,"key":"Dead Branch"},{"floor":38,"key":"Thread and Needle"},{"floor":41,"key":"The Courier"},{"floor":44,"key":"CeramicFish"},{"floor":46,"key":"Gambling Chip"},{"floor":48,"key":"Darkstone Periapt"},{"floor":54,"key":"Blood Vial"}],"event_choices":[{"damage_healed":0,"gold_gain":0,"player_choice":"Lose Max HP","damage_taken":0,"relics_obtained":["Golden Idol"],"max_hp_gain":0,"max_hp_loss":5,"event_name":"Golden Idol","floor":3,"gold_loss":0},{"damage_healed":0,"gold_gain":0,"player_choice":"Upgraded","damage_taken":0,"max_hp_gain":0,"max_hp_loss":0,"event_name":"Upgrade Shrine","floor":4,"gold_loss":0,"cards_upgraded":["RobotSpaceExplorer:MiniLasers"]},{"damage_healed":0,"gold_gain":0,"player_choice":"Ignored","damage_taken":0,"max_hp_gain":0,"max_hp_loss":0,"event_name":"Vampires","floor":31,"gold_loss":0},{"damage_healed":0,"gold_gain":0,"player_choice":"Max HP","damage_taken":0,"max_hp_gain":0,"max_hp_loss":3,"event_name":"Winding Halls","floor":37,"gold_loss":0},{"damage_healed":0,"gold_gain":0,"player_choice":"Fight","damage_taken":0,"max_hp_gain":0,"max_hp_loss":0,"event_name":"Mysterious Sphere","floor":38,"gold_loss":0},{"cards_removed":["RobotSpaceExplorer:ShockMissile"],"damage_healed":0,"gold_gain":0,"player_choice":"Removed Attack","damage_taken":0,"max_hp_gain":0,"max_hp_loss":0,"event_name":"Falling","floor":42,"gold_loss":0}],"is_beta":false,"boss_relics":[{"not_picked":["Calling Bell","Snecko Eye"],"picked":"Fusion Hammer"},{"not_picked":["Velvet Choker","Sozu"],"picked":"RobotSpaceExplorer:TurboCore"}],"items_purged_floors":[2,20,22,47],"is_endless":false,"potions_floor_spawned":[5,14,16,21,23,27,28,30,35,39,44],"ascension_level":14}}