{"host":"7hpq7e8rzvzbnf1s","time":1609573265,"event":{"mods":["Arknights The Spire","BaseMod","Minty Spire (QoL Compilation)","Quick Restart","StSLib","Waifu the Spire"],"gold_per_floor":[18,37,50,13,13,13,41,41,65,82,93,103,103,121,121,224,224,237,95,115,128,143,143,153,153,153],"floor_reached":25,"playtime":1105,"items_purged":["ats:Strike S"],"score":209,"play_id":"1bc8475a-3c12-49d1-aced-32dc3cdbbff8","local_time":"20210102154105","is_ascension_mode":false,"campfire_choices":[{"data":"ats:Emotion Absorption","floor":6,"key":"SMITH"},{"data":"ats:Echo Reverb","floor":8,"key":"SMITH"},{"floor":13,"key":"RECALL"},{"floor":15,"key":"REST"},{"data":"ats:Dogmatic Field","floor":23,"key":"SMITH"}],"circlet_count":0,"master_deck":["ats:Strike C","ats:Strike G","ats:Strike V","ats:Armor Crushing Shot","ats:Defend","ats:Defend","ats:Defend","ats:Defend","ats:Emotion Absorption+1","ats:Calcification","ats:Hammer On","ats:Curse Doll","ats:Mental Burst","ats:Automatic Cover","ats:Echo Reverb+1","ats:Flexible Camouflage","ats:Very Hot Blade","ats:Ignite","ats:Dogmatic Field+1","ats:Ignite","ats:Healing Strengthening","ats:Mental Burst","ats:Fractured Body","ats:Shell Defense+1","ats:Volcano"],"relics":["ats:Sanity","Question Card","ats:Originium","Pen Nib","Velvet Choker"],"acts_visited":["Exordium","TheCity"],"potions_floor_usage":[3,24,25],"damage_taken":[{"damage":9,"enemies":"Cultist","floor":1,"turns":6},{"damage":2,"enemies":"Jaw Worm","floor":2,"turns":3},{"damage":11,"enemies":"2 Louse","floor":3,"turns":3},{"damage":21,"enemies":"3 Sentries","floor":7,"turns":7},{"damage":0,"enemies":"Large Slime","floor":10,"turns":4},{"damage":12,"enemies":"Exordium Wildlife","floor":11,"turns":4},{"damage":8,"enemies":"Red Slaver","floor":12,"turns":4},{"damage":4,"enemies":"Blue Slaver","floor":14,"turns":3},{"damage":10,"enemies":"Slime Boss","floor":16,"turns":8},{"damage":5,"enemies":"Spheric Guardian","floor":18,"turns":3},{"damage":18,"enemies":"3 Byrds","floor":20,"turns":5},{"damage":19,"enemies":"Snecko","floor":21,"turns":6},{"damage":27,"enemies":"Centurion and Healer","floor":22,"turns":6},{"damage":15,"enemies":"Snake Plant","floor":24,"turns":3},{"damage":56,"enemies":"Cultist and Chosen","floor":25,"turns":6}],"seed_played":"-5816709026281594894","potions_obtained":[{"floor":2,"key":"Fruit Juice"},{"floor":3,"key":"SpeedPotion"},{"floor":7,"key":"FairyPotion"},{"floor":11,"key":"Swift Potion"},{"floor":24,"key":"GamblersBrew"}],"is_trial":false,"path_per_floor":["M","M","M","$","T","R","E","R","T","M","M","M","R","M","R","B",null,"M","$","M","M","M","R","M","M"],"character_chosen":"DOCTOR_CLASS","items_purchased":["ats:Automatic Cover","ats:Healing Strengthening"],"campfire_rested":1,"item_purchase_floors":[4,19],"current_hp_per_floor":[65,64,59,59,59,59,40,40,40,41,30,23,23,19,42,32,77,72,72,55,38,15,15,23,0,0],"gold":153,"neow_bonus":"THREE_RARE_CARDS","is_daily":false,"chose_seed":false,"campfire_upgraded":3,"win_rate":0.0,"timestamp":1609573265,"path_taken":["M","M","M","$","?","R","E","R","T","M","M","M","R","M","R","BOSS","M","$","M","M","M","R","M","M"],"items_purchased_type":["Card","Card"],"build_version":"2020-12-22","purchased_purges":1,"victory":false,"max_hp_per_floor":[72,72,77,77,77,77,77,77,77,77,77,77,77,77,77,77,77,77,77,77,77,77,77,77,77,77],"card_choices":[{"not_picked":["ats:Disruption Kick","ats:Shadow Assault"],"picked":"ats:Calcification","floor":0},{"not_picked":["ats:Apocalypse","ats:Ignite"],"picked":"ats:Hammer On","floor":1},{"not_picked":["ats:Assault Order","ats:Cat Scratch"],"picked":"ats:Curse Doll","floor":2},{"not_picked":["ats:Curse Doll","ats:Consecutive Shot Auto"],"picked":"ats:Mental Burst","floor":3},{"not_picked":["ats:Consecutive Shot Auto","ats:Cat Scratch","ats:Curse Doll"],"picked":"ats:Echo Reverb","floor":7},{"not_picked":["ats:Revitalization","ats:Hammer On","ats:Support Order"],"picked":"ats:Flexible Camouflage","floor":10},{"not_picked":["ats:Poison Spread","ats:Explosion Area Strengthen","ats:Composite Medical Shells"],"picked":"ats:Very Hot Blade","floor":11},{"not_picked":["ats:Leaping Hammer","ats:Cat Scratch","ats:Poison Spread"],"picked":"ats:Ignite","floor":12},{"not_picked":["ats:Directed Diagnosis","ats:Assault Order","ats:Apocalypse","ats:Powerful Strike"],"picked":"SKIP","floor":14},{"not_picked":["ats:Rat Pack","ats:Shadow Assault","ats:Volcano"],"picked":"ats:Dogmatic Field","floor":16},{"not_picked":["ats:Leaping Hammer","ats:Consecutive Shot Auto","ats:Hammer On"],"picked":"ats:Ignite","floor":18},{"not_picked":["ats:Chain Hook","ats:Leaping Hammer","ats:Shell Defense"],"picked":"ats:Mental Burst","floor":20},{"not_picked":["ats:Shell Defense","ats:Cat Scratch","ats:Magnetic Hammer"],"picked":"ats:Fractured Body","floor":21},{"not_picked":["ats:Thermite Blade+1","ats:Childhood Dance+1","ats:Beaten Up"],"picked":"ats:Shell Defense+1","floor":22},{"not_picked":["ats:Poison Spread+1","ats:Consecutive Shot Auto","ats:Thorns"],"picked":"ats:Volcano","floor":24}],"player_experience":187526,"relics_obtained":[{"floor":5,"key":"Question Card"},{"floor":7,"key":"ats:Originium"},{"floor":7,"key":"Pen Nib"}],"event_choices":[],"is_beta":false,"boss_relics":[{"not_picked":["Fusion Hammer","ats:Omniscience"],"picked":"Velvet Choker"}],"items_purged_floors":[19],"is_endless":false,"potions_floor_spawned":[2,3,7,11,18,24],"killed_by":"Cultist and Chosen","ascension_level":0}}