{"host":"aeidq2c3auzxo1yh","time":1609554599,"event":{"mods":["AchievementEnabler","BaseMod","Colored Map","Colored Powertips","Minty Spire (QoL Compilation)","Relic Stats","StSLib"],"gold_per_floor":[110,110,135,150,175,175,175,175],"floor_reached":7,"playtime":368,"items_purged":[],"score":86,"play_id":"890e53c1-c3c5-4e79-8dd7-ace0df4d741a","local_time":"20210102072959","is_ascension_mode":true,"campfire_choices":[{"data":"Neutralize","floor":6,"key":"SMITH"}],"circlet_count":0,"master_deck":["AscendersBane","Strike_G","Strike_G","Strike_G","Strike_G","Strike_G","Defend_G","Defend_G","Defend_G","Defend_G","Defend_G","Survivor","Neutralize+1","Predator","Dagger Spray","Poisoned Stab","Wraith Form v2"],"relics":["Ring of the Snake","Bird Faced Urn","Golden Idol"],"acts_visited":["Exordium"],"potions_floor_usage":[5],"damage_taken":[{"damage":2,"enemies":"2 Louse","floor":1,"turns":3},{"damage":2,"enemies":"Small Slimes","floor":3,"turns":4},{"damage":0,"enemies":"Cultist","floor":4,"turns":3},{"damage":4,"enemies":"3 Louse","floor":5,"turns":4},{"damage":53,"enemies":"Lagavulin","floor":7,"turns":8}],"seed_played":"-497157141095986549","potions_obtained":[{"floor":1,"key":"SkillPotion"}],"is_trial":false,"path_per_floor":["M","?","M","M","M","R","E"],"character_chosen":"THE_SILENT","items_purchased":[],"campfire_rested":0,"item_purchase_floors":[],"current_hp_per_floor":[57,54,52,52,48,48,0,0],"gold":175,"neow_bonus":"ONE_RARE_RELIC","is_daily":false,"chose_seed":false,"campfire_upgraded":1,"win_rate":0.0,"timestamp":1609554599,"path_taken":["M","?","M","M","M","R","E"],"items_purchased_type":[],"build_version":"2020-12-22","purchased_purges":0,"victory":false,"max_hp_per_floor":[60,54,54,54,54,54,54,54],"relic_stats":{"counters":[5,22],"Golden Idol":13,"Bird Faced Urn":[0],"obtain_stats":[{"Golden Idol":2,"Bird Faced Urn":0,"Ring of the Snake":0},{"Golden Idol":1,"Bird Faced Urn":0,"Ring of the Snake":0},{"Golden Idol":3,"Bird Faced Urn":0,"Ring of the Snake":0}],"Ring of the Snake":[10]},"card_choices":[{"not_picked":["Eviscerate","Masterful Stab"],"picked":"Predator","floor":1},{"not_picked":["Acrobatics","Prepared"],"picked":"Dagger Spray","floor":3},{"not_picked":["Concentrate","PiercingWail"],"picked":"Poisoned Stab","floor":4},{"not_picked":["Outmaneuver","Finisher"],"picked":"Wraith Form v2","floor":5}],"player_experience":877256,"relics_obtained":[],"event_choices":[{"damage_healed":0,"gold_gain":0,"player_choice":"Lose Max HP","damage_taken":0,"relics_obtained":["Golden Idol"],"max_hp_gain":0,"max_hp_loss":6,"event_name":"Golden Idol","floor":2,"gold_loss":0}],"is_beta":false,"boss_relics":[],"items_purged_floors":[],"is_endless":false,"potions_floor_spawned":[1],"killed_by":"Lagavulin","ascension_level":20}}