{"host":"0hb9w7uizu7y13wj","time":1609595886,"event":{"mods":["Act Like it!","Aspiration","BaseMod","BetterRewards","Colored Map","Conspire","Downfall","Energized Spire","FTL Soundtrack","Friendly Minions","Halation","Hubris","Infinite Spire","Minty Spire (QoL Compilation)","Quick Restart","Replay The Spire","StSLib","Synergy Search","The Factory","The Hierophant","The Jungle","The Poker Player","Trackpad","everything is the same but u backflip on backflip","vexMod"],"gold_per_floor":[22,32,32,32,32,32,61,61,61,77,77,105,116,126,126,222,222,241,12,12,23,23,58,58,91,141,141,156,156,180,197,197,197,197],"floor_reached":33,"playtime":1731,"items_purged":["Strike_B"],"score":630,"play_id":"9839a868-196e-4841-bbf2-3e4cc741507d","local_time":"20210102135806","is_ascension_mode":true,"campfire_choices":[{"floor":6.0,"key":"REST"},{"data":"Zap","floor":8.0,"key":"SMITH"},{"floor":11.0,"key":"REST"},{"floor":15.0,"key":"REST"},{"data":"Dualcast","floor":24.0,"key":"SMITH"},{"floor":27.0,"key":"REST"},{"data":"ReplayTheSpireMod:Calculation Training","floor":32.0,"key":"SMITH"}],"circlet_count":0,"master_deck":["AscendersBane","Strike_B","Strike_B","Strike_B","Defend_B","Defend_B","Defend_B","Defend_B","Zap+1","Dualcast+1","Crystallizer","Defragment+1","Sunder","Capacitor","Coolheaded","Ball Lightning","Conserve Battery","Tempest","Hologram","Loop","Mirror Shield","Reinforced Body+1","ReplayTheSpireMod:Calculation Training+1","infinitespire:Oblivion"],"relics":["Cracked Core","Shovel","hubris:RGBLights","infinitespire:Golems Mask","infinitespire:Satchel","Replay:Frozen Program","vexMod:RetaliationKit","Replay:Mystery Machine","Pondfish Scales","Busted Crown","Runic Capacitor","trackpad:SneckoScepter","halation:TwoAmDonut","conspire:TopHat","trackpad:NeutrinoGenerator","Toy Ornithopter"],"acts_visited":["Exordium","TheCity"],"potions_floor_usage":[33],"damage_taken":[{"damage":9.0,"enemies":"2 Louse","floor":1.0,"turns":3.0},{"damage":0.0,"enemies":"Cultist","floor":2.0,"turns":3.0},{"damage":0.0,"enemies":"Jaw Worm","floor":5.0,"turns":1.0},{"damage":13.0,"enemies":"Lagavulin","floor":7.0,"turns":5.0},{"damage":8.0,"enemies":"Blue Slaver","floor":10.0,"turns":2.0},{"damage":16.0,"enemies":"Gremlin Nob","floor":12.0,"turns":3.0},{"damage":0.0,"enemies":"Exordium Thugs","floor":13.0,"turns":4.0},{"damage":1.0,"enemies":"conspire:2 RoseBushes","floor":14.0,"turns":4.0},{"damage":8.0,"enemies":"Hexaghost","floor":16.0,"turns":7.0},{"damage":12.0,"enemies":"3 Byrds","floor":18.0,"turns":4.0},{"damage":2.0,"enemies":"Shell Parasite","floor":21.0,"turns":5.0},{"damage":0.0,"enemies":"Replay:Snechameleon","floor":23.0,"turns":6.0},{"damage":23.0,"enemies":"Nightmare","floor":25.0,"turns":7.0},{"damage":11.0,"enemies":"Snake Plant","floor":28.0,"turns":3.0},{"damage":0.0,"enemies":"Snecko","floor":31.0,"turns":3.0},{"damage":0,"enemies":"Collector","floor":33,"turns":1}],"seed_played":"-832744011149740827","potions_obtained":[{"floor":1.0,"key":"SmokeBomb"},{"floor":13.0,"key":"Guardian:BlockOnCardUsePotion"},{"floor":14.0,"key":"Flashbang"},{"floor":21.0,"key":"PowerPotion"},{"floor":23.0,"key":"hexamod:EctoCoolerPotion"},{"floor":31.0,"key":"sneckomod:MuddlingPotion"}],"is_trial":false,"path_per_floor":["M","M","?","$","M","R","E","R","T","M","R","E","M","M","R","B",null,"M","$","?","M","?","E","R","NM","T","R","M","AVR","T","M","R","B"],"character_chosen":"DEFECT","items_purchased":["Shovel","Crystallizer","hubris:RGBLights","Defragment","infinitespire:Satchel","Replay:Frozen Program","Sunder","Capacitor","Runic Capacitor"],"campfire_rested":4,"item_purchase_floors":[0,0,0,0,0,0,0,0,19],"current_hp_per_floor":[12,12,12,12,12,34,21,21,21,13,35,19,19,18,40,32,64,52,52,52,50,50,50,50,27,27,49,38,38,38,38,38,43,43],"gold":197,"neow_bonus":"","is_daily":false,"chose_seed":false,"campfire_upgraded":3,"win_rate":0.0,"timestamp":1609595886,"path_taken":["M","M","?","$","M","R","E","R","T","M","R","E","M","?","R","BOSS","M","$","?","M","?","E","R","NM","T","R","M","AVR","?","M","R","BOSS"],"items_purchased_type":["Relic","Card","Relic","Card","Relic","Relic","Card","Card","Relic"],"build_version":"2020-12-22","purchased_purges":1,"victory":false,"max_hp_per_floor":[75,75,75,75,75,75,75,75,75,75,75,75,75,75,75,75,75,75,75,75,75,75,75,75,75,75,75,75,75,75,75,75,75,75],"card_choices":[{"not_picked":["Sweeping Beam","FIFO Queue"],"picked":"Coolheaded","floor":1.0},{"not_picked":["Stack","Thunder Strike"],"picked":"Ball Lightning","floor":2.0},{"not_picked":["Barrage","conspire:SharedLibrary","aspiration:Polymerization"],"picked":"SKIP","floor":7.0},{"not_picked":["Cold Snap","Sweeping Beam"],"picked":"Conserve Battery","floor":10.0},{"not_picked":["Fusion","Ball Lightning"],"picked":"Tempest","floor":12.0},{"not_picked":["Compile Driver","Steam Power"],"picked":"Hologram","floor":13.0},{"not_picked":["ReplayTheSpireMod:Reroute Power","Reprogram"],"picked":"Loop","floor":14.0},{"not_picked":["Hyperbeam","ReplayRNGCard"],"picked":"Mirror Shield","floor":16.0},{"not_picked":["Time Bomb"],"picked":"SKIP","floor":18.0},{"not_picked":[],"picked":"Reinforced Body+1","floor":21.0},{"not_picked":["Double Energy"],"picked":"SKIP","floor":23.0},{"not_picked":[],"picked":"ReplayTheSpireMod:Calculation Training","floor":25.0},{"not_picked":["Ball Lightning"],"picked":"SKIP","floor":28.0},{"not_picked":["Turbo"],"picked":"SKIP","floor":31.0}],"player_experience":924836,"relics_obtained":[{"floor":7.0,"key":"Replay:Mystery Machine"},{"floor":12.0,"key":"Pondfish Scales"},{"floor":23.0,"key":"trackpad:SneckoScepter"},{"floor":25.0,"key":"halation:TwoAmDonut"},{"floor":26.0,"key":"conspire:TopHat"},{"floor":30.0,"key":"Toy Ornithopter"}],"event_choices":[{"damage_healed":0.0,"max_hp_gain":0.0,"max_hp_loss":0.0,"gold_gain":0.0,"event_name":"Upgrade Shrine","player_choice":"Upgraded","floor":3.0,"gold_loss":0.0,"damage_taken":0.0,"cards_upgraded":["Defragment"]}],"is_beta":false,"boss_relics":[{"not_picked":["Inserter","conspire:SeveredTorchhead"],"picked":"Busted Crown"}],"items_purged_floors":[19],"is_endless":false,"potions_floor_spawned":[1,5,13,14,21,23,28,31],"killed_by":"Collector","ascension_level":10}}