{"host":"qxkw9ao6n5n9izmz","time":1609593516,"event":{"mods":["BaseMod","Bestiary","Minty Spire (QoL Compilation)","StSLib"],"gold_per_floor":[109,129,144,144,144,170,170,203,203,223,234,234,259,278,278,377,377,395,395,411,428,343,374,399,436,448,495,521,568,284,363,363,461,461,480,480,153,168,184,218,218,243,321,321,39,51,61,78,78,78,78,78,78,104,104],"floor_reached":56,"playtime":4046,"items_purged":["Defend_G","Defend_G","Strike_G"],"score":1411,"play_id":"df53500f-e76d-4517-85ce-18910c9524c7","local_time":"20210102051836","is_ascension_mode":true,"campfire_choices":[{"data":"Skewer","floor":7,"key":"SMITH"},{"data":"Dagger Spray","floor":12,"key":"SMITH"},{"data":"Poisoned Stab","floor":15,"key":"SMITH"},{"data":"Noxious Fumes","floor":32,"key":"SMITH"},{"data":"Catalyst","floor":41,"key":"SMITH"},{"floor":49,"key":"RECALL"},{"data":"Burst","floor":52,"key":"SMITH"}],"circlet_count":0,"master_deck":["Strike_G","Strike_G","Strike_G+1","Strike_G","Defend_G","Defend_G","Defend_G+1","Survivor","Neutralize","Skewer+1","Poisoned Stab+1","Dagger Throw","Leg Sweep","Dagger Spray+1","Backflip","PiercingWail","Backflip","Adrenaline","Well Laid Plans+1","Calculated Gamble","Calculated Gamble+1","Backflip","Cloak And Dagger+1","Deadly Poison","Venomology","Blade Dance","Venomology","Noxious Fumes+1","Adrenaline","Predator","Mind Blast","Catalyst+1","Noxious Fumes","Bane","Burst+1","Bane+1","Noxious Fumes+1","Catalyst+1","Poisoned Stab+1","Blade Dance","Noxious Fumes+1"],"relics":["Ring of the Snake","NeowsBlessing","Eternal Feather","Question Card","Happy Flower","Coffee Dripper","Vajra","MawBank","Matryoshka","Toy Ornithopter","TungstenRod","Paper Crane","Lizard Tail","ClockworkSouvenir","Ornamental Fan","Pantograph","SacredBark","Nunchaku","InkBottle","Kunai","Molten Egg 2","DollysMirror","Dead Branch"],"acts_visited":["Exordium","TheCity","TheBeyond","TheEnding"],"potions_floor_usage":[6,8,25,29,33,35,35,39,39,40,40,42,46,47,50,54,55,55,55,55,55,55],"damage_taken":[{"damage":0,"enemies":"2 Louse","floor":1,"turns":1},{"damage":0,"enemies":"Small Slimes","floor":2,"turns":1},{"damage":0,"enemies":"Jaw Worm","floor":3,"turns":1},{"damage":14,"enemies":"Lagavulin","floor":6,"turns":7},{"damage":6,"enemies":"Gremlin Nob","floor":8,"turns":4},{"damage":2,"enemies":"Looter","floor":10,"turns":3},{"damage":10,"enemies":"Exordium Thugs","floor":11,"turns":6},{"damage":7,"enemies":"3 Sentries","floor":13,"turns":7},{"damage":0,"enemies":"Red Slaver","floor":14,"turns":4},{"damage":4,"enemies":"The Guardian","floor":16,"turns":14},{"damage":0,"enemies":"Chosen","floor":18,"turns":3},{"damage":1,"enemies":"2 Thieves","floor":20,"turns":4},{"damage":0,"enemies":"Sentry and Sphere","floor":21,"turns":4},{"damage":23,"enemies":"Slavers","floor":23,"turns":7},{"damage":3,"enemies":"Snake Plant","floor":24,"turns":3},{"damage":17,"enemies":"Gremlin Leader","floor":25,"turns":4},{"damage":9,"enemies":"Book of Stabbing","floor":27,"turns":6},{"damage":0,"enemies":"Chosen and Byrds","floor":28,"turns":5},{"damage":6,"enemies":"Slavers","floor":29,"turns":4},{"damage":3,"enemies":"Champ","floor":33,"turns":10},{"damage":11,"enemies":"3 Darklings","floor":35,"turns":5},{"damage":7,"enemies":"Orb Walker","floor":38,"turns":3},{"damage":7,"enemies":"Jaw Worm Horde","floor":39,"turns":4},{"damage":31,"enemies":"Giant Head","floor":40,"turns":8},{"damage":0,"enemies":"Reptomancer","floor":42,"turns":8},{"damage":6,"enemies":"Sphere and 2 Shapes","floor":46,"turns":5},{"damage":3,"enemies":"Transient","floor":47,"turns":5},{"damage":5,"enemies":"Spire Growth","floor":48,"turns":4},{"damage":23,"enemies":"Donu and Deca","floor":50,"turns":8},{"damage":26,"enemies":"Shield and Spear","floor":54,"turns":5},{"damage":60,"enemies":"The Heart","floor":55,"turns":7}],"seed_played":"-7997522522405035150","potions_obtained":[{"floor":1,"key":"FearPotion"},{"floor":6,"key":"SpeedPotion"},{"floor":10,"key":"DuplicationPotion"},{"floor":14,"key":"GamblersBrew"},{"floor":18,"key":"Poison Potion"},{"floor":20,"key":"SneckoOil"},{"floor":27,"key":"CultistPotion"},{"floor":39,"key":"EntropicBrew"},{"floor":47,"key":"SpeedPotion"}],"is_trial":false,"path_per_floor":["M","M","M","?","?","E","R","E","T","M","M","R","E","M","R","B",null,"M","?","M","M","?","E","M","E","T","E","M","E","$","T","R","B",null,"M","?","$","M","M","E","R","E","T","?","$","M","M","M","R","B",null,"R","$","E","B",null],"character_chosen":"THE_SILENT","items_purchased":["Noxious Fumes","ClockworkSouvenir","Noxious Fumes","Nunchaku","DollysMirror"],"campfire_rested":0,"item_purchase_floors":[30,30,37,37,45],"current_hp_per_floor":[70,70,70,75,60,46,55,49,49,47,37,46,39,39,51,47,75,75,75,74,74,74,51,48,31,31,22,22,21,21,21,39,66,75,69,69,69,62,65,44,65,70,70,70,70,69,71,66,75,52,75,75,75,54,35],"gold":104,"neow_bonus":"THREE_ENEMY_KILL","is_daily":false,"chose_seed":false,"campfire_upgraded":6,"win_rate":0.0,"timestamp":1609593516,"path_taken":["M","M","M","?","?","E","R","E","T","M","M","R","E","M","R","BOSS","M","?","M","M","?","E","M","E","T","E","M","E","$","?","R","BOSS","M","?","?","?","M","E","R","E","T","?","$","M","M","M","R","BOSS","R","$","E","BOSS"],"items_purchased_type":["Card","Relic","Card","Relic","Relic"],"build_version":"2020-12-22","purchased_purges":3,"victory":true,"max_hp_per_floor":[70,70,70,75,75,75,75,75,75,75,75,75,75,75,75,75,75,75,75,75,75,75,75,75,75,75,75,75,75,75,75,75,75,75,75,75,75,75,75,75,75,75,75,75,75,75,75,75,75,75,75,75,75,75,75],"card_choices":[{"not_picked":["Riddle With Holes","Leg Sweep"],"picked":"Skewer","floor":1},{"not_picked":["All Out Attack","Heel Hook"],"picked":"Poisoned Stab","floor":2},{"not_picked":["Deadly Poison","Deflect"],"picked":"Dagger Throw","floor":3},{"not_picked":["Deadly Poison","Bullet Time","Caltrops"],"picked":"SKIP","floor":6},{"not_picked":["Deadly Poison","Bullet Time","Caltrops"],"picked":"SKIP","floor":6},{"not_picked":["Deflect","Prepared"],"picked":"Leg Sweep","floor":8},{"not_picked":["Finisher","Deadly Poison","Sucker Punch"],"picked":"Dagger Spray","floor":10},{"not_picked":["Cloak And Dagger","Dagger Throw","Heel Hook"],"picked":"Backflip","floor":11},{"not_picked":["Flying Knee","Bane","Acrobatics"],"picked":"PiercingWail","floor":13},{"not_picked":["Skewer","Deflect","Bane"],"picked":"Backflip","floor":14},{"not_picked":["Storm of Steel","Glass Knife","Doppelganger"],"picked":"Adrenaline","floor":16},{"not_picked":["Flying Knee","Poisoned Stab","Underhanded Strike"],"picked":"Well Laid Plans+1","floor":18},{"not_picked":["Choke+1","Acrobatics","Underhanded Strike"],"picked":"Calculated Gamble+1","floor":20},{"not_picked":["Slice","Well Laid Plans","Skewer"],"picked":"Backflip","floor":21},{"not_picked":["Deflect+1","Sucker Punch+1","Backflip"],"picked":"Cloak And Dagger+1","floor":23},{"not_picked":["Deflect","Caltrops","Bane"],"picked":"Deadly Poison","floor":24},{"not_picked":["Bane","Deflect+1","Prepared"],"picked":"Venomology","floor":25},{"not_picked":["Outmaneuver","Eviscerate+1","Skewer","Riddle With Holes"],"picked":"SKIP","floor":27},{"not_picked":["Slice","Quick Slash+1","Dodge and Roll"],"picked":"Blade Dance","floor":28},{"not_picked":["Choke","Dodge and Roll","Slice"],"picked":"Venomology","floor":29},{"not_picked":["Grand Finale","Bullet Time","Envenom"],"picked":"Adrenaline","floor":33},{"not_picked":["Dagger Spray+1","Underhanded Strike+1","Bane+1"],"picked":"Predator","floor":35},{"not_picked":["Tactician+1","Poisoned Stab+1","Terror"],"picked":"Bane","floor":38},{"not_picked":["Well Laid Plans+1","Dagger Throw+1","Deflect+1"],"picked":"Burst","floor":39},{"not_picked":["Finisher","Dodge and Roll+1","PiercingWail+1"],"picked":"Bane+1","floor":40},{"not_picked":["Tactician","Bane","Masterful Stab+1"],"picked":"Noxious Fumes+1","floor":42},{"not_picked":["Eviscerate+1","PiercingWail","Setup"],"picked":"Poisoned Stab+1","floor":46},{"not_picked":["Masterful Stab+1","Dash+1","Dodge and Roll"],"picked":"Blade Dance","floor":47},{"not_picked":["All Out Attack+1","Flying Knee+1","Underhanded Strike+1"],"picked":"Noxious Fumes+1","floor":48},{"not_picked":["Unload+1","Quick Slash+1","Slice+1","Prepared+1"],"picked":"SKIP","floor":54}],"player_experience":221110,"relics_obtained":[{"floor":6,"key":"Eternal Feather"},{"floor":8,"key":"Question Card"},{"floor":13,"key":"Happy Flower"},{"floor":23,"key":"MawBank"},{"floor":25,"key":"Matryoshka"},{"floor":26,"key":"Toy Ornithopter"},{"floor":26,"key":"TungstenRod"},{"floor":27,"key":"Paper Crane"},{"floor":29,"key":"Lizard Tail"},{"floor":31,"key":"Ornamental Fan"},{"floor":31,"key":"Pantograph"},{"floor":40,"key":"InkBottle"},{"floor":42,"key":"Kunai"},{"floor":43,"key":"Molten Egg 2"},{"floor":54,"key":"Dead Branch"}],"event_choices":[{"damage_healed":0,"gold_gain":0,"player_choice":"Donut","damage_taken":0,"max_hp_gain":5,"max_hp_loss":0,"event_name":"Big Fish","floor":4,"gold_loss":0},{"damage_healed":0,"gold_gain":0,"player_choice":"Entered Light","damage_taken":15,"max_hp_gain":0,"max_hp_loss":0,"event_name":"Shining Light","floor":5,"gold_loss":0,"cards_upgraded":["Strike_G","Defend_G"]},{"damage_healed":0,"gold_gain":0,"player_choice":"Read","damage_taken":0,"max_hp_gain":0,"max_hp_loss":0,"event_name":"The Library","floor":19,"gold_loss":0,"cards_obtained":["Calculated Gamble"]},{"damage_healed":0,"gold_gain":0,"player_choice":"Obtained Relic","damage_taken":0,"relics_obtained":["Vajra"],"max_hp_gain":0,"max_hp_loss":0,"event_name":"Addict","floor":22,"gold_loss":85},{"damage_healed":0,"gold_gain":0,"player_choice":"2 cards matched","damage_taken":0,"max_hp_gain":0,"max_hp_loss":0,"event_name":"Match and Keep!","floor":36,"gold_loss":0,"cards_obtained":["Mind Blast","Catalyst"]},{"damage_healed":0,"gold_gain":0,"player_choice":"Ignored","damage_taken":0,"max_hp_gain":0,"max_hp_loss":0,"event_name":"Tomb of Lord Red Mask","floor":44,"gold_loss":0}],"is_beta":false,"boss_relics":[{"not_picked":["SlaversCollar","Pandora\u0027s Box"],"picked":"Coffee Dripper"},{"not_picked":["Runic Pyramid","HoveringKite"],"picked":"SacredBark"}],"items_purged_floors":[30,37,45],"is_endless":false,"potions_floor_spawned":[1,6,10,14,18,20,21,27,35,38,39,47,48],"ascension_level":1}}