{"host":"minbhrtlkaoly5f0","time":1609568093,"event":{"mods":["Act Like it!","BaseMod","Colored Map","Colored Powertips","KinomotoSakuraMod(Ä¾Ö®±¾Ó£)","Minty Spire (QoL Compilation)","Quick Restart"],"gold_per_floor":[116,132,132,132,207,240,240,253,276,276,203,220,220,220,220,315,315,334,249,249,267,229,229,229],"floor_reached":23,"playtime":698,"items_purged":[],"score":212,"play_id":"a29b6e9d-b2b7-4a62-a3f2-42a0ae42b956","local_time":"20210102141453","is_ascension_mode":true,"campfire_choices":[{"floor":7,"key":"RECALL"},{"data":"SpellCardSeal","floor":10,"key":"SMITH"},{"floor":13,"key":"REST"},{"data":"ClowCardTheArrow","floor":15,"key":"SMITH"}],"circlet_count":0,"master_deck":["SakuraCardTheArrow+","ClowCardTheSword","ClowCardTheSword","ClowCardTheSword","ClowCardTheSword","ClowCardTheShield","ClowCardTheShield","ClowCardTheShield","ClowCardTheShield","SpellCardSeal+1","SpellCardRelease","ClowCardTheSweet","ClowCardTheChange","ClowCardTheDream","ClowCardTheJump","ClowCardTheMaze","ClowCardTheDream","ClowCardTheFlower","ClowCardTheFirey+1","ClowCardTheSnow"],"relics":["KSMOD_SealedBook","KSMOD_StarWand","NeowsBlessing","Pen Nib","Juzu Bracelet","Eternal Feather","KSMOD_TouyasBicycle"],"acts_visited":["Exordium","TheCity"],"potions_floor_usage":[],"damage_taken":[{"damage":0,"enemies":"Small Slimes","floor":1,"turns":1},{"damage":0,"enemies":"Jaw Worm","floor":2,"turns":1},{"damage":0,"enemies":"Gremlin Nob","floor":6,"turns":2},{"damage":6,"enemies":"2 Louse","floor":8,"turns":2},{"damage":9,"enemies":"Blue Slaver","floor":12,"turns":3},{"damage":40,"enemies":"Slime Boss","floor":16,"turns":7},{"damage":20,"enemies":"2 Thieves","floor":18,"turns":5},{"damage":33,"enemies":"Shell Parasite","floor":21,"turns":10},{"damage":37,"enemies":"Slavers","floor":23,"turns":2}],"seed_played":"-2428436189585293681","potions_obtained":[{"floor":1,"key":"AttackPotion"},{"floor":2,"key":"Fire Potion"},{"floor":8,"key":"Strength Potion"},{"floor":14,"key":"GamblersBrew"}],"is_trial":false,"path_per_floor":["M","M","?","?","?","E","R","M","T","R","$","M","R","?","R","B",null,"M","?","?","M","$","E"],"character_chosen":"KINOMOTOSAKURA","items_purchased":["ClowCardTheJump","ClowCardTheSnow"],"campfire_rested":1,"item_purchase_floors":[11,22],"current_hp_per_floor":[70,70,75,75,64,69,69,63,63,63,63,59,75,75,75,42,75,60,60,60,37,37,0,0],"gold":229,"neow_bonus":"THREE_ENEMY_KILL","is_daily":false,"chose_seed":false,"campfire_upgraded":2,"win_rate":0.0,"timestamp":1609568093,"path_taken":["M","M","?","?","?","E","R","?","T","R","?","M","R","?","R","BOSS","M","?","?","M","?","E"],"items_purchased_type":["Card","Card"],"build_version":"2020-12-22","purchased_purges":0,"victory":false,"max_hp_per_floor":[70,70,75,75,75,75,75,75,75,75,75,75,75,75,75,75,75,75,75,75,75,75,75,75],"card_choices":[{"not_picked":["ClowCardTheSand","ClowCardTheEarthy"],"picked":"ClowCardTheSweet","floor":1},{"not_picked":["ClowCardTheVoice","ClowCardTheStorm"],"picked":"ClowCardTheChange","floor":2},{"not_picked":["ClowCardTheLittle","ClowCardTheMirror"],"picked":"ClowCardTheArrow","floor":6},{"not_picked":["ClowCardTheMove","ClowCardTheSleep"],"picked":"ClowCardTheDream","floor":8},{"not_picked":["ClowCardTheLock","ClowCardTheSilent"],"picked":"ClowCardTheMaze","floor":12},{"not_picked":["ClowCardTheTime","ClowCardTheTwin"],"picked":"ClowCardTheCreate","floor":16},{"not_picked":["ClowCardTheLittle","ClowCardTheErase"],"picked":"ClowCardTheDream","floor":18},{"not_picked":["ClowCardTheDream","ClowCardTheMaze"],"picked":"ClowCardTheFirey+1","floor":21}],"player_experience":9221,"relics_obtained":[{"floor":6,"key":"Pen Nib"},{"floor":9,"key":"Juzu Bracelet"},{"floor":21,"key":"KSMOD_TouyasBicycle"}],"event_choices":[{"damage_healed":0,"gold_gain":0,"player_choice":"Donut","damage_taken":0,"max_hp_gain":5,"max_hp_loss":0,"event_name":"Big Fish","floor":3,"gold_loss":0},{"damage_healed":0,"gold_gain":0,"player_choice":"Ignored","damage_taken":0,"max_hp_gain":0,"max_hp_loss":0,"event_name":"Shining Light","floor":4,"gold_loss":0},{"damage_healed":0,"gold_gain":75,"player_choice":"Gather Gold","damage_taken":11,"max_hp_gain":0,"max_hp_loss":0,"event_name":"World of Goop","floor":5,"gold_loss":0},{"damage_healed":0,"gold_gain":0,"player_choice":"Got Potions","damage_taken":0,"max_hp_gain":0,"max_hp_loss":0,"event_name":"Lab","floor":14,"gold_loss":0},{"damage_healed":0,"gold_gain":0,"player_choice":"Obtained Relic","damage_taken":0,"relics_obtained":["Eternal Feather"],"max_hp_gain":0,"max_hp_loss":0,"event_name":"Addict","floor":19,"gold_loss":85},{"damage_healed":0,"gold_gain":0,"player_choice":"Read","damage_taken":0,"max_hp_gain":0,"max_hp_loss":0,"event_name":"The Library","floor":20,"gold_loss":0,"cards_obtained":["ClowCardTheFlower"]}],"is_beta":false,"boss_relics":[{"not_picked":["SlaversCollar","Runic Pyramid"],"picked":"KSMOD_StarWand"}],"items_purged_floors":[],"is_endless":false,"potions_floor_spawned":[1,2,8,21],"killed_by":"Slavers","ascension_level":0}}