{"host":"e4wnmsyty9uvvtwf","time":1609602350,"event":{"mods":["Act Like it!","Aspiration","BaseMod","Colored Map","Colored Powertips","Gensokyo","Marisa£®ÏF”Í°°ƒß¿Ì…≥£©","Minty Spire (QoL Compilation)","Rare Cards Sparkle","Replay The Spire","StSLib"],"gold_per_floor":[119,119,125,125,2,32,32,46,46,58,218,230,241,128,128,128,128],"floor_reached":16,"playtime":583,"items_purged":[],"score":194,"play_id":"55f345f6-8f84-44a6-96d4-dda5f0db0624","local_time":"20210102234550","is_ascension_mode":true,"campfire_choices":[{"data":"MeteoricShower","floor":7,"key":"SMITH"},{"floor":15,"key":"REST"}],"circlet_count":0,"master_deck":["AscendersBane","Strike_MRS","Strike_MRS","Strike_MRS","Strike_MRS","Defend_MRS","Defend_MRS","Defend_MRS","Defend_MRS","UpSweep","MeteoricShower+1","EarthLightRay","JA","6A","BlazeAway","OpenUniverse","MilkyWay","MilkyWay","BlazingStar+1"],"relics":["MiniHakkero","aspiration:Nostalgia","Cracked Core","Gensokyo:OccultBall","Happy Flower","Bronze Scales","Unceasing Top","MealTicket"],"acts_visited":["Exordium"],"potions_floor_usage":[6,6],"damage_taken":[{"damage":8,"enemies":"Gensokyo:Python","floor":1,"turns":3},{"damage":25,"enemies":"Gensokyo:Aya","floor":6,"turns":8},{"damage":8,"enemies":"Gensokyo:2_Kodama","floor":8,"turns":4},{"damage":5,"enemies":"Gensokyo:Gryphon","floor":10,"turns":3},{"damage":10,"enemies":"Gensokyo:Python_and_Kodama","floor":11,"turns":3},{"damage":0,"enemies":"Gensokyo:LivingMonolith","floor":12,"turns":3},{"damage":12,"enemies":"Gensokyo:3_Kodama","floor":13,"turns":3},{"damage":29,"enemies":"Gensokyo:Reimu","floor":16,"turns":9}],"seed_played":"-1907862104244690747","potions_obtained":[{"floor":3,"key":"ShroomBrew"},{"floor":3,"key":"Weak Potion"},{"floor":12,"key":"BottledSpark"},{"floor":13,"key":"FearPotion"}],"is_trial":false,"path_per_floor":["M","?","?","?","COS","E","R","M","T","M","M","M","M","$","R","B"],"character_chosen":"MARISA","items_purchased":["BlazingStar+1"],"campfire_rested":1,"item_purchase_floors":[14],"current_hp_per_floor":[55,55,55,55,55,30,30,26,26,25,19,23,15,30,51,26,26],"gold":128,"neow_bonus":"NOSTALGIA","is_daily":false,"chose_seed":false,"campfire_upgraded":1,"win_rate":0.0,"timestamp":1609602350,"path_taken":["M","?","?","?","COS","E","R","M","T","M","M","?","?","?","R","BOSS"],"items_purchased_type":["Card"],"build_version":"2020-12-22","purchased_purges":0,"victory":false,"max_hp_per_floor":[70,70,70,70,70,70,70,70,70,70,70,70,70,70,70,70,70],"card_choices":[{"not_picked":["NonDirectionalLaser","Acceleration"],"picked":"Occultation","floor":1},{"not_picked":["GasGiant","GravityBeat"],"picked":"MeteoricShower","floor":3},{"not_picked":["GrandCross","GravityBeat"],"picked":"EarthLightRay","floor":6},{"not_picked":["BigCrunch","SatelliteIllusion"],"picked":"JA","floor":8},{"not_picked":["OneTimeOff","ChargingUp"],"picked":"6A","floor":8},{"not_picked":["DC","Orbital"],"picked":"BlazeAway","floor":10},{"not_picked":["SporeBomb","WitchOfGreed"],"picked":"OpenUniverse","floor":11},{"not_picked":["UnstableBomb","IllusionStar"],"picked":"MilkyWay","floor":12},{"not_picked":["EnergyFlow","IllusionStar"],"picked":"MilkyWay","floor":13}],"player_experience":687223,"relics_obtained":[{"floor":6,"key":"Bronze Scales"},{"floor":9,"key":"Unceasing Top"}],"event_choices":[],"is_beta":false,"boss_relics":[],"items_purged_floors":[],"is_endless":false,"potions_floor_spawned":[12,13],"killed_by":"Gensokyo:Reimu","ascension_level":20}}