{"host":"vsdszi3rnxsdp24p","time":1609603768,"event":{"mods":["AchievementEnabler","BaseMod","Colored Map","Colored Powertips","Hermit","Highlight Path","Minty Spire (QoL Compilation)","Quick Restart","Relic Sorter","Relic Stats","StSLib","SuperFastMode","Synergy Search","The Cursed","The Mystic"],"gold_per_floor":[119,132,132,145,145,145,155,10,10,35,110,144,163,181,181,281,281,301,320,346,296,313,313,313],"floor_reached":23,"playtime":846,"items_purged":[],"score":203,"play_id":"e93368cd-4a29-4c7a-8a56-ed7fa7b6c383","local_time":"20210102170928","is_ascension_mode":false,"campfire_choices":[{"data":"Whirlwind","floor":6,"key":"SMITH"},{"floor":15,"key":"REST"}],"circlet_count":0,"master_deck":["Strike_R","Strike_R","Strike_R","Strike_R","Strike_R","Defend_R","Defend_R","Defend_R","Defend_R","Bash","Whirlwind+1","Pommel Strike","Bloodletting","Metallicize","Inflame","Rampage","Twin Strike","Double Tap","Twin Strike","Bludgeon","Limit Break","Seeing Red+1","Rage","Thunderclap"],"relics":["Burning Blood","Kunai","PreservedInsect","Vajra","Busted Crown","Red Mask"],"acts_visited":["Exordium","TheCity"],"potions_floor_usage":[2,14,14,16,20],"damage_taken":[{"damage":9,"enemies":"Small Slimes","floor":1,"turns":6},{"damage":10,"enemies":"Jaw Worm","floor":2,"turns":5},{"damage":10,"enemies":"Cultist","floor":4,"turns":5},{"damage":12,"enemies":"Blue Slaver","floor":7,"turns":3},{"damage":11,"enemies":"3 Sentries","floor":10,"turns":4},{"damage":27,"enemies":"Lagavulin","floor":12,"turns":4},{"damage":7,"enemies":"Looter","floor":13,"turns":2},{"damage":8,"enemies":"Exordium Thugs","floor":14,"turns":3},{"damage":57,"enemies":"The Guardian","floor":16,"turns":9},{"damage":10,"enemies":"3 Byrds","floor":18,"turns":3},{"damage":10,"enemies":"Chosen","floor":19,"turns":2},{"damage":51,"enemies":"Masked Bandits","floor":20,"turns":5},{"damage":15,"enemies":"Snake Plant","floor":22,"turns":3},{"damage":30,"enemies":"Book of Stabbing","floor":23,"turns":3}],"seed_played":"-219685291845506769","potions_obtained":[{"floor":1,"key":"FearPotion"},{"floor":7,"key":"Swift Potion"},{"floor":12,"key":"Explosive Potion"},{"floor":13,"key":"AttackPotion"},{"floor":19,"key":"AttackPotion"},{"floor":20,"key":"SpeedPotion"}],"is_trial":false,"path_per_floor":["M","M","?","M","?","R","M","$","T","E","?","E","M","M","R","B",null,"M","M","?","?","M","E"],"character_chosen":"IRONCLAD","items_purchased":["Inflame","Rampage"],"campfire_rested":1,"item_purchase_floors":[8,8],"current_hp_per_floor":[77,73,48,44,90,90,84,84,84,79,68,47,46,44,71,20,90,86,82,37,37,28,0,0],"gold":313,"neow_bonus":"ONE_RANDOM_RARE_CARD","is_daily":false,"chose_seed":false,"campfire_upgraded":1,"win_rate":0.0,"timestamp":1609603768,"path_taken":["M","M","?","M","?","R","?","$","T","E","?","E","M","M","R","BOSS","M","M","?","?","?","E"],"items_purchased_type":["Card","Card"],"build_version":"2020-12-22","purchased_purges":0,"victory":false,"max_hp_per_floor":[80,80,80,80,90,90,90,90,90,90,90,90,90,90,90,90,90,90,90,90,90,90,90,90],"relic_stats":{"Busted Crown":8,"counters":[14,57],"PreservedInsect":69,"Kunai":[12],"obtain_stats":[{"Busted Crown":17,"Vajra":12,"PreservedInsect":10,"Red Mask":20,"Kunai":3,"Burning Blood":0},{"Busted Crown":9,"Vajra":6,"PreservedInsect":5,"Red Mask":12,"Kunai":2,"Burning Blood":0},{"Busted Crown":41,"Vajra":27,"PreservedInsect":23,"Red Mask":51,"Kunai":11,"Burning Blood":0}],"Burning Blood":78},"card_choices":[{"not_picked":["Cleave","Warcry"],"picked":"Whirlwind","floor":1},{"not_picked":["Sword Boomerang","Warcry"],"picked":"Pommel Strike","floor":2},{"not_picked":["Battle Trance","Spot Weakness"],"picked":"Bloodletting","floor":4},{"not_picked":["Shrug It Off","Searing Blow"],"picked":"Metallicize","floor":7},{"not_picked":["Wild Strike","Sever Soul"],"picked":"Twin Strike","floor":10},{"not_picked":["Cleave","Pommel Strike"],"picked":"Double Tap","floor":12},{"not_picked":["Clash","True Grit"],"picked":"Twin Strike","floor":13},{"not_picked":["Headbutt","Rupture"],"picked":"Bludgeon","floor":14},{"not_picked":["Brutality","Berserk"],"picked":"Limit Break","floor":16},{"not_picked":[],"picked":"Seeing Red+1","floor":18},{"not_picked":["Warcry+1"],"picked":"SKIP","floor":19},{"not_picked":[],"picked":"Rage","floor":20},{"not_picked":[],"picked":"Thunderclap","floor":22}],"player_experience":112125,"relics_obtained":[{"floor":10,"key":"PreservedInsect"},{"floor":12,"key":"Vajra"},{"floor":20,"key":"Red Mask"}],"event_choices":[{"damage_healed":0,"gold_gain":0,"player_choice":"Success","damage_taken":25,"relics_obtained":["Kunai"],"max_hp_gain":0,"max_hp_loss":0,"event_name":"Scrap Ooze","floor":3,"gold_loss":0},{"cards_removed":["Impervious"],"damage_healed":36,"gold_gain":0,"player_choice":"Offered Rare","damage_taken":0,"max_hp_gain":10,"max_hp_loss":0,"event_name":"Bonfire Elementals","floor":5,"gold_loss":0},{"damage_healed":0,"gold_gain":75,"player_choice":"Gather Gold","damage_taken":11,"max_hp_gain":0,"max_hp_loss":0,"event_name":"World of Goop","floor":11,"gold_loss":0},{"damage_healed":0,"gold_gain":0,"player_choice":"Fought Bandits","damage_taken":0,"max_hp_gain":0,"max_hp_loss":0,"event_name":"Masked Bandits","floor":20,"gold_loss":0},{"damage_healed":0,"gold_gain":0,"player_choice":"Bet on Murderer","damage_taken":0,"max_hp_gain":0,"max_hp_loss":0,"event_name":"The Joust","floor":21,"gold_loss":50}],"is_beta":false,"boss_relics":[{"not_picked":["Runic Pyramid","Astrolabe"],"picked":"Busted Crown"}],"items_purged_floors":[],"is_endless":false,"potions_floor_spawned":[1,7,12,13,19,20],"killed_by":"Book of Stabbing","ascension_level":0}}