{"host":"ji1fk25fd1ga4ji1","time":1609607580,"event":{"mods":["2.2 Compatiblity","BaseMod","Colored Map","DeckTracker","Minty Spire (QoL Compilation)","Permanent Neow","Quick Restart","StSLib","SuperFastMode"],"gold_per_floor":[110,129,148,164,179,204,215,228,255,255,286,286,304,319,319,419,419,439,452,452,367,367,395,410,97,170,170,90,90,125,139,139,237,237,253,153,153,153,169,169,202,202,202,228,66,66,80,105,105,105],"floor_reached":51,"playtime":742,"items_purged":["Strike_R","Defend_R","Strike_R","Strike_R"],"score":969,"play_id":"c07b77a9-b116-4741-9561-dfec2995f2a5","local_time":"20210103021300","is_ascension_mode":true,"campfire_choices":[{"data":"Immolate","floor":10.0,"key":"SMITH"},{"data":"Inflame","floor":12.0,"key":"SMITH"},{"data":"Demon Form","floor":15.0,"key":"SMITH"},{"data":"Berserk","floor":27.0,"key":"SMITH"},{"floor":29,"key":"REST"},{"floor":32,"key":"REST"},{"data":"Bash","floor":40,"key":"SMITH"},{"data":"Pommel Strike","floor":42,"key":"SMITH"},{"data":"Heavy Blade","floor":46,"key":"SMITH"},{"floor":49,"key":"REST"}],"circlet_count":0,"master_deck":["Strike_R","Strike_R","Defend_R","Defend_R","Defend_R","Bash+1","Demon Form+1","Shrug It Off","Pommel Strike+1","Twin Strike","Immolate+1","Inflame+1","Berserk+1","Sword Boomerang+1","Heavy Blade+1"],"relics":["Burning Blood","Singing Bowl","Red Skull","Boot","Velvet Choker","Art of War","Centennial Puzzle","Bottled Tornado","The Courier","Akabeko","Philosopher\u0027s Stone","Bronze Scales","Question Card","Mummified Hand","Bottled Lightning","Happy Flower"],"acts_visited":["Exordium","TheCity","TheBeyond"],"potions_floor_usage":[31,44,50,50],"damage_taken":[{"damage":1.0,"enemies":"Cultist","floor":1.0,"turns":4.0},{"damage":0.0,"enemies":"Small Slimes","floor":2.0,"turns":4.0},{"damage":2.0,"enemies":"Jaw Worm","floor":3.0,"turns":5.0},{"damage":7.0,"enemies":"Gremlin Gang","floor":4.0,"turns":2.0},{"damage":23.0,"enemies":"Exordium Thugs","floor":5.0,"turns":4.0},{"damage":28.0,"enemies":"Lagavulin","floor":6.0,"turns":7.0},{"damage":0.0,"enemies":"3 Louse","floor":7.0,"turns":1.0},{"damage":0.0,"enemies":"Gremlin Gang","floor":8.0,"turns":1.0},{"damage":6.0,"enemies":"Gremlin Nob","floor":11.0,"turns":3.0},{"damage":9.0,"enemies":"Blue Slaver","floor":13.0,"turns":3.0},{"damage":5.0,"enemies":"Looter","floor":14.0,"turns":3.0},{"damage":42.0,"enemies":"Hexaghost","floor":16.0,"turns":6.0},{"damage":0.0,"enemies":"3 Byrds","floor":18.0,"turns":3.0},{"damage":17.0,"enemies":"Shell Parasite","floor":19.0,"turns":4.0},{"damage":40.0,"enemies":"Slavers","floor":23.0,"turns":4.0},{"damage":2.0,"enemies":"Snecko","floor":24.0,"turns":3.0},{"damage":35,"enemies":"Book of Stabbing","floor":30,"turns":3},{"damage":22,"enemies":"Snake Plant","floor":31,"turns":3},{"damage":47,"enemies":"Champ","floor":33,"turns":6},{"damage":25,"enemies":"3 Darklings","floor":35,"turns":3},{"damage":4,"enemies":"Orb Walker","floor":39,"turns":3},{"damage":2,"enemies":"Giant Head","floor":41,"turns":5},{"damage":27,"enemies":"Reptomancer","floor":44,"turns":4},{"damage":30,"enemies":"Writhing Mass","floor":47,"turns":3},{"damage":66,"enemies":"Donu and Deca","floor":50,"turns":6}],"seed_played":"6300978509614182814","potions_obtained":[{"floor":1.0,"key":"Ancient Potion"},{"floor":3.0,"key":"AttackPotion"},{"floor":5.0,"key":"SteroidPotion"},{"floor":7.0,"key":"Weak Potion"},{"floor":11.0,"key":"BlessingOfTheForge"},{"floor":18.0,"key":"Ancient Potion"},{"floor":23.0,"key":"BloodPotion"},{"floor":24.0,"key":"Explosive Potion"},{"floor":33,"key":"Fire Potion"},{"floor":44,"key":"Fire Potion"}],"is_trial":false,"path_per_floor":["M","M","M","M","M","E","M","M","T","R","E","R","M","M","R","B",null,"M","M","?","?","?","E","M","$","T","R","$","R","E","M","R","B",null,"M","$","?","T","M","R","E","R","T","E","$","R","M","T","R","B",null],"character_chosen":"IRONCLAD","items_purchased":["Bottled Tornado","Heavy Blade"],"campfire_rested":3,"item_purchase_floors":[25,45],"current_hp_per_floor":[61,67,71,70,53,33,41,49,49,49,49,49,48,51,51,15,90,90,81,63,63,63,50,56,56,56,56,56,86,59,45,76,37,107,90,90,90,90,94,94,100,100,100,81,81,81,59,59,94,34],"gold":105,"neow_bonus":"THREE_RARE_CARDS","is_daily":false,"chose_seed":false,"campfire_upgraded":7,"win_rate":0.0,"timestamp":1609607580,"path_taken":["M","M","M","?","M","E","M","?","T","R","E","R","M","M","R","BOSS","M","M","?","?","?","E","M","$","T","R","$","R","E","M","R","BOSS","M","$","?","?","M","R","E","R","T","E","$","R","?","?","R","BOSS"],"items_purchased_type":["Relic","Card"],"build_version":"2020-12-22","purchased_purges":4,"victory":true,"max_hp_per_floor":[80,80,80,80,80,82,84,86,86,86,86,86,88,90,90,90,90,90,92,97,97,97,99,101,101,101,101,101,101,103,105,105,107,107,109,109,109,109,111,111,113,113,113,115,115,115,117,117,117,117],"card_choices":[{"not_picked":["Impervious","Fiend Fire"],"picked":"Demon Form","floor":0.0},{"not_picked":["Body Slam","Perfected Strike","Sever Soul"],"picked":"SKIP","floor":1.0},{"not_picked":["Uppercut","Headbutt"],"picked":"Shrug It Off","floor":2.0},{"not_picked":["Warcry","Thunderclap"],"picked":"Pommel Strike","floor":3.0},{"not_picked":["Metallicize","Wild Strike"],"picked":"Twin Strike","floor":4.0},{"not_picked":["Rage","Body Slam"],"picked":"Immolate","floor":5.0},{"not_picked":["Dual Wield","Thunderclap","Pummel"],"picked":"Singing Bowl","floor":6.0},{"not_picked":["Pommel Strike","Armaments","Havoc"],"picked":"Singing Bowl","floor":7.0},{"not_picked":["Infernal Blade","Headbutt","Dark Embrace"],"picked":"Singing Bowl","floor":8.0},{"not_picked":["Anger","Shrug It Off"],"picked":"Inflame","floor":11.0},{"not_picked":["Entrench","Shockwave","Metallicize"],"picked":"Singing Bowl","floor":13.0},{"not_picked":["Entrench","Anger","Iron Wave"],"picked":"Singing Bowl","floor":14.0},{"not_picked":["Impervious","Fiend Fire"],"picked":"Berserk","floor":16.0},{"not_picked":["Entrench","Power Through"],"picked":"Sword Boomerang+1","floor":18.0},{"not_picked":["Havoc","Sever Soul","Bloodletting"],"picked":"Singing Bowl","floor":19.0},{"not_picked":["Intimidate+1","Fire Breathing","Sword Boomerang"],"picked":"Singing Bowl","floor":23.0},{"not_picked":["Body Slam","Sword Boomerang+1","True Grit+1"],"picked":"Singing Bowl","floor":24.0},{"not_picked":["Uppercut","Sentinel","Whirlwind+1"],"picked":"Singing Bowl","floor":30},{"not_picked":["Ghostly Armor","Thunderclap","Perfected Strike"],"picked":"Singing Bowl","floor":31},{"not_picked":["Corruption","Barricade","Impervious"],"picked":"Singing Bowl","floor":33},{"not_picked":["Anger","Pommel Strike+1","Thunderclap"],"picked":"Singing Bowl","floor":35},{"not_picked":["True Grit+1","Headbutt+1","Twin Strike"],"picked":"Singing Bowl","floor":39},{"not_picked":["Flex","Body Slam+1","Corruption"],"picked":"Singing Bowl","floor":41},{"not_picked":["Uppercut","Evolve+1","Armaments","Rupture"],"picked":"Singing Bowl","floor":44},{"not_picked":["Clothesline+1","Twin Strike","Entrench","Wild Strike"],"picked":"Singing Bowl","floor":47}],"player_experience":1235774,"relics_obtained":[{"floor":6.0,"key":"Singing Bowl"},{"floor":9.0,"key":"Red Skull"},{"floor":11.0,"key":"Boot"},{"floor":23.0,"key":"Centennial Puzzle"},{"floor":26.0,"key":"The Courier"},{"floor":30,"key":"Akabeko"},{"floor":38,"key":"Bronze Scales"},{"floor":41,"key":"Question Card"},{"floor":43,"key":"Mummified Hand"},{"floor":44,"key":"Bottled Lightning"},{"floor":48,"key":"Happy Flower"}],"event_choices":[{"damage_healed":0.0,"max_hp_gain":5.0,"max_hp_loss":0.0,"gold_gain":0.0,"event_name":"Forgotten Altar","player_choice":"Shed Blood","floor":20.0,"gold_loss":0.0,"damage_taken":23.0},{"damage_healed":0.0,"max_hp_gain":0.0,"max_hp_loss":0.0,"gold_gain":0.0,"event_name":"Addict","player_choice":"Obtained Relic","floor":21.0,"gold_loss":85.0,"damage_taken":0.0,"relics_obtained":["Art of War"]},{"damage_healed":0.0,"max_hp_gain":0.0,"max_hp_loss":0.0,"gold_gain":0.0,"event_name":"Cursed Tome","player_choice":"Ignored","floor":22.0,"gold_loss":0.0,"damage_taken":0.0},{"damage_healed":0,"gold_gain":0,"player_choice":"Ignored","damage_taken":0,"max_hp_gain":0,"max_hp_loss":0,"event_name":"Tomb of Lord Red Mask","floor":37,"gold_loss":0}],"is_beta":false,"boss_relics":[{"not_picked":["Runic Pyramid","Calling Bell"],"picked":"Velvet Choker"},{"not_picked":["Tiny House","SacredBark"],"picked":"Philosopher\u0027s Stone"}],"items_purged_floors":[25,28,36,45],"is_endless":false,"potions_floor_spawned":[1,3,5,7,11,18,23,24,33,35,44],"ascension_level":1}}