{"host":"d8hh7rr4yzitjeuj","time":1609560410,"event":{"mods":["2.2 Compatiblity","AchievementEnabler","BaseMod","CapriCore","Colored Map","Colored Powertips","Highlight Path","Keyboard Shortcuts","Minty Spire (QoL Compilation)","Permanent Neow","Quick Restart","StSLib","SuperFastMode"],"gold_per_floor":[119,133,153,168,181,181,210,222,267,283,283,283,283,296,296,371,371,386,48,68,88,109,109,129,156,238,238,259,286,286,295,295,295,295],"floor_reached":33,"playtime":1153,"items_purged":[],"score":514,"play_id":"cf735bc8-5f48-4640-9b64-d018beb85fdd","local_time":"20210102130650","is_ascension_mode":true,"campfire_choices":[{"data":"Streamline","floor":6.0,"key":"SMITH"},{"data":"Seek","floor":11.0,"key":"SMITH"},{"floor":13.0,"key":"REST"},{"data":"Defragment","floor":15.0,"key":"SMITH"},{"floor":23.0,"key":"REST"},{"floor":27,"key":"REST"},{"floor":30,"key":"REST"},{"floor":32,"key":"REST"}],"circlet_count":0,"master_deck":["AscendersBane","Strike_B+1","Strike_B","Strike_B","Strike_B","Defend_B","Defend_B","Defend_B","Defend_B","Zap","Dualcast","Seek+1","Streamline+1","Self Repair","Melter+1","Storm","Cold Snap","Compile Driver","Storm","Force Field","Defragment+1","Buffer","Aggregate","Master of Strategy","Loop","Coolheaded","Core Surge","Heatsinks","Hologram","Turbo","Amplify","Decay"],"relics":["Cracked Core","Whetstone","Smiling Mask","CultistMask","Nuclear Battery","CeramicFish","Bottled Tornado"],"acts_visited":["Exordium","TheCity"],"potions_floor_usage":[25,28,33],"damage_taken":[{"damage":1.0,"enemies":"Cultist","floor":1.0,"turns":3.0},{"damage":7.0,"enemies":"Jaw Worm","floor":2.0,"turns":2.0},{"damage":0.0,"enemies":"2 Louse","floor":3.0,"turns":3.0},{"damage":8.0,"enemies":"Red Slaver","floor":4.0,"turns":4.0},{"damage":0.0,"enemies":"3 Louse","floor":5.0,"turns":2.0},{"damage":25.0,"enemies":"3 Sentries","floor":7.0,"turns":7.0},{"damage":10.0,"enemies":"Exordium Wildlife","floor":8.0,"turns":3.0},{"damage":12.0,"enemies":"Red Slaver","floor":10.0,"turns":2.0},{"damage":21.0,"enemies":"Gremlin Gang","floor":14.0,"turns":5.0},{"damage":26.0,"enemies":"Hexaghost","floor":16.0,"turns":9.0},{"damage":48.0,"enemies":"3 Byrds","floor":18.0,"turns":5.0},{"damage":0.0,"enemies":"Spheric Guardian","floor":20.0,"turns":3.0},{"damage":11.0,"enemies":"Centurion and Healer","floor":21.0,"turns":5.0},{"damage":0.0,"enemies":"Sentry and Sphere","floor":22.0,"turns":3.0},{"damage":21,"enemies":"Chosen and Byrds","floor":24,"turns":5},{"damage":35,"enemies":"Shelled Parasite and Fungi","floor":25,"turns":3},{"damage":26,"enemies":"Cultist and Chosen","floor":28,"turns":8},{"damage":24,"enemies":"Chosen and Byrds","floor":29,"turns":4},{"damage":61,"enemies":"Collector","floor":33,"turns":5}],"seed_played":"-1028298369681298266","potions_obtained":[{"floor":2.0,"key":"LiquidMemories"},{"floor":3.0,"key":"SpeedPotion"},{"floor":4.0,"key":"AttackPotion"},{"floor":10.0,"key":"FairyPotion"},{"floor":14.0,"key":"SmokeBomb"},{"floor":20.0,"key":"DistilledChaos"},{"floor":22.0,"key":"EntropicBrew"}],"is_trial":false,"path_per_floor":["M","M","M","M","M","R","E","M","T","M","R","?","R","M","R","B",null,"M","$","M","M","M","R","M","M","T","R","M","M","R","?","R","B"],"character_chosen":"DEFECT","items_purchased":["CeramicFish","Master of Strategy"],"campfire_rested":5,"item_purchase_floors":[19,19],"current_hp_per_floor":[63,56,63,62,62,62,44,41,41,36,36,36,57,43,43,24,59,18,18,25,21,28,49,35,28,28,49,30,13,34,34,55,0,0],"gold":295,"neow_bonus":"ONE_RANDOM_RARE_CARD","is_daily":false,"chose_seed":false,"campfire_upgraded":3,"win_rate":0.0,"timestamp":1609560410,"path_taken":["M","M","M","?","M","R","E","M","T","M","R","?","R","M","R","BOSS","M","$","M","M","M","R","M","M","T","R","M","M","R","?","R","BOSS"],"items_purchased_type":["Relic","Card"],"build_version":"2020-12-22","purchased_purges":0,"victory":false,"max_hp_per_floor":[71,71,71,71,71,71,71,71,71,71,71,71,71,71,71,71,71,71,71,71,71,71,71,71,71,71,71,71,71,71,71,71,71,71],"card_choices":[{"not_picked":["Rebound","Barrage"],"picked":"Streamline","floor":1.0},{"not_picked":["Gash","Hologram"],"picked":"Self Repair","floor":2.0},{"not_picked":["Leap","Turbo"],"picked":"Melter","floor":3.0},{"not_picked":["Steam","BootSequence"],"picked":"Storm","floor":4.0},{"not_picked":["Turbo","Compile Driver"],"picked":"Cold Snap","floor":5.0},{"not_picked":["Steam","Leap"],"picked":"Compile Driver","floor":7.0},{"not_picked":["Steam","Heatsinks"],"picked":"Storm","floor":8.0},{"not_picked":["Doom and Gloom","Leap"],"picked":"Force Field","floor":10.0},{"not_picked":["Streamline","Meteor Strike"],"picked":"Defragment","floor":14.0},{"not_picked":["Rainbow","Meteor Strike"],"picked":"Buffer","floor":16.0},{"not_picked":["Tempest","Rebound+1"],"picked":"Aggregate","floor":18.0},{"not_picked":["Beam Cell","Aggregate"],"picked":"Loop","floor":20.0},{"not_picked":["Streamline","Steam"],"picked":"Coolheaded","floor":21.0},{"not_picked":["Loop","Glacier+1"],"picked":"Core Surge","floor":22.0},{"not_picked":["White Noise","Streamline"],"picked":"Heatsinks","floor":24},{"not_picked":["Conserve Battery","Cold Snap"],"picked":"Hologram","floor":25},{"not_picked":["Barrage","Rebound+1"],"picked":"Turbo","floor":28},{"not_picked":["Blizzard+1","Steam"],"picked":"Amplify","floor":29}],"player_experience":1393425,"relics_obtained":[{"floor":7.0,"key":"Whetstone"},{"floor":9.0,"key":"Smiling Mask"},{"floor":26,"key":"Bottled Tornado"}],"event_choices":[{"damage_healed":0.0,"max_hp_gain":0.0,"max_hp_loss":0.0,"gold_gain":0.0,"event_name":"FaceTrader","player_choice":"Trade","floor":12.0,"gold_loss":0.0,"damage_taken":0.0,"relics_obtained":["CultistMask"]},{"damage_healed":0,"gold_gain":0,"player_choice":"Smashed Altar","damage_taken":0,"max_hp_gain":0,"max_hp_loss":0,"event_name":"Forgotten Altar","floor":31,"gold_loss":0,"cards_obtained":["Decay"]}],"is_beta":false,"boss_relics":[{"not_picked":["Philosopher\u0027s Stone","Sozu"],"picked":"Nuclear Battery"}],"items_purged_floors":[],"is_endless":false,"potions_floor_spawned":[2,3,4,10,14,18,20,22],"killed_by":"Collector","ascension_level":20}}