{"host":"rolltorest","time":1609622882,"event":{"mods":["BaseMod","Minty Spire (QoL Compilation)","Relic Stats","Robot Space Explorer","Slay the Relics Exporter","StSLib"],"gold_per_floor":[17,30,30,50,125,125,158,158,158,1,1,34,45,120,120,223,223,195,120,140,40,57,85,85,110,110,110,110],"floor_reached":27,"playtime":1012,"items_purged":["RobotSpaceExplorer:Strike","RobotSpaceExplorer:Strike"],"score":337,"play_id":"0e24044c-02bf-4436-97d4-ca48921c7944","local_time":"20210102132802","is_ascension_mode":true,"campfire_choices":[{"data":"RobotSpaceExplorer:PlasmaMissile","floor":6,"key":"SMITH"},{"data":"RobotSpaceExplorer:MiniLasers","floor":8,"key":"SMITH"},{"data":"RobotSpaceExplorer:Scan","floor":11,"key":"SMITH"},{"floor":15,"key":"REST"},{"floor":24,"key":"REST"}],"circlet_count":0,"master_deck":["RobotSpaceExplorer:Strike","RobotSpaceExplorer:Strike","RobotSpaceExplorer:Defend","RobotSpaceExplorer:Defend","RobotSpaceExplorer:Defend","RobotSpaceExplorer:Defend","RobotSpaceExplorer:Scan+1","RobotSpaceExplorer:MiniLasers+1","RobotSpaceExplorer:TrailblazerForm","RobotSpaceExplorer:PlasmaMissile+1","RobotSpaceExplorer:DoubleFind+1","RobotSpaceExplorer:Blaster","RobotSpaceExplorer:GearShield","RobotSpaceExplorer:Comet","RobotSpaceExplorer:BigMissile+1","RobotSpaceExplorer:FrostMissile+1","RobotSpaceExplorer:SurgingShield"],"relics":["RobotSpaceExplorer:RoboCore","Matryoshka","Question Card","Bottled Tornado","Anchor","Calipers","Sozu","Kunai","Regal Pillow","Juzu Bracelet","Bottled Flame"],"acts_visited":["Exordium","TheCity"],"potions_floor_usage":[25,27],"damage_taken":[{"damage":7,"enemies":"Cultist","floor":1,"turns":5},{"damage":2,"enemies":"Jaw Worm","floor":2,"turns":3},{"damage":0,"enemies":"Small Slimes","floor":4,"turns":2},{"damage":22,"enemies":"Gremlin Nob","floor":7,"turns":4},{"damage":4,"enemies":"3 Sentries","floor":12,"turns":11},{"damage":2,"enemies":"Looter","floor":13,"turns":3},{"damage":1,"enemies":"Hexaghost","floor":16,"turns":14},{"damage":11,"enemies":"2 Thieves","floor":18,"turns":5},{"damage":8,"enemies":"Spheric Guardian","floor":20,"turns":4},{"damage":17,"enemies":"Snake Plant","floor":22,"turns":6},{"damage":6,"enemies":"Book of Stabbing","floor":23,"turns":7},{"damage":16,"enemies":"Gremlin Leader","floor":25,"turns":8},{"damage":32,"enemies":"Slavers","floor":27,"turns":4}],"seed_played":"-4842437438995209879","potions_obtained":[{"floor":1,"key":"SkillPotion"},{"floor":4,"key":"GamblersBrew"},{"floor":12,"key":"Strength Potion"}],"is_trial":false,"path_per_floor":["M","M","?","M","?","R","E","R","T","$","R","E","M","?","R","B",null,"M","$","M","$","M","E","R","E","T","E"],"character_chosen":"RobotSpaceExplorer","items_purchased":["Anchor"],"campfire_rested":2,"item_purchase_floors":[10],"current_hp_per_floor":[61,59,59,59,48,48,26,26,26,26,26,22,20,13,35,34,65,54,54,46,46,29,23,45,29,29,0,0],"gold":110,"neow_bonus":"THREE_RARE_CARDS","is_daily":false,"chose_seed":false,"campfire_upgraded":3,"win_rate":0.0,"timestamp":1609622882,"path_taken":["M","?","?","M","?","R","E","R","T","$","R","E","M","?","R","BOSS","M","?","?","$","M","E","R","E","T","E"],"items_purchased_type":["Relic"],"build_version":"2020-12-18","purchased_purges":2,"victory":false,"max_hp_per_floor":[75,75,75,75,75,75,75,75,75,75,75,75,75,75,75,75,75,75,75,75,75,75,75,75,75,75,75,75],"relic_stats":{"Sozu":3,"Regal Pillow":0,"counters":[13,76],"Juzu Bracelet":0,"Kunai":[2],"Question Card":8,"obtain_stats":[{"Sozu":17,"Anchor":10,"Regal Pillow":25,"Bottled Flame":26,"Matryoshka":7,"Calipers":12,"RobotSpaceExplorer:RoboCore":0,"Juzu Bracelet":26,"Kunai":23,"Bottled Tornado":9,"Question Card":9},{"Sozu":7,"Anchor":4,"Regal Pillow":12,"Bottled Flame":12,"Matryoshka":4,"Calipers":5,"RobotSpaceExplorer:RoboCore":0,"Juzu Bracelet":12,"Kunai":11,"Bottled Tornado":4,"Question Card":4},{"Sozu":42,"Anchor":14,"Regal Pillow":72,"Bottled Flame":72,"Matryoshka":14,"Calipers":25,"RobotSpaceExplorer:RoboCore":0,"Juzu Bracelet":72,"Kunai":64,"Bottled Tornado":14,"Question Card":14}]},"card_choices":[{"not_picked":["RobotSpaceExplorer:Wormhole","RobotSpaceExplorer:Explosion"],"picked":"RobotSpaceExplorer:TrailblazerForm","floor":0},{"not_picked":["RobotSpaceExplorer:GearShield","RobotSpaceExplorer:GlueShot"],"picked":"RobotSpaceExplorer:PlasmaMissile","floor":1},{"not_picked":["RobotSpaceExplorer:FranticSearch","RobotSpaceExplorer:ImprovisedAttack"],"picked":"RobotSpaceExplorer:DoubleFind","floor":2},{"not_picked":["RobotSpaceExplorer:DoubleFind","RobotSpaceExplorer:LuckyStrike","RobotSpaceExplorer:StunGrenade"],"picked":"SKIP","floor":4},{"not_picked":["RobotSpaceExplorer:StunGrenade","RobotSpaceExplorer:FreezingShield","RobotSpaceExplorer:SlimeMissile"],"picked":"SKIP","floor":7},{"not_picked":["RobotSpaceExplorer:Pulsar","RobotSpaceExplorer:ImprovisedAttack","RobotSpaceExplorer:PlasmaMissile"],"picked":"RobotSpaceExplorer:Blaster","floor":12},{"not_picked":["RobotSpaceExplorer:MiniDrones","RobotSpaceExplorer:SurgingStrike","RobotSpaceExplorer:GlueSpray"],"picked":"RobotSpaceExplorer:GearShield","floor":13},{"not_picked":["RobotSpaceExplorer:DroneSwarm","RobotSpaceExplorer:ChargingLaser","RobotSpaceExplorer:ShockMissile"],"picked":"RobotSpaceExplorer:Comet","floor":16},{"not_picked":["RobotSpaceExplorer:JunkDive","RobotSpaceExplorer:MakeshiftVolley","RobotSpaceExplorer:ShockKick","RobotSpaceExplorer:StunGrenade"],"picked":"SKIP","floor":18},{"not_picked":["RobotSpaceExplorer:GlueShot","RobotSpaceExplorer:ShovelStrike+1","RobotSpaceExplorer:SurgingStrike"],"picked":"RobotSpaceExplorer:BigMissile+1","floor":20},{"not_picked":["RobotSpaceExplorer:BigMissile","RobotSpaceExplorer:SurgingShield","RobotSpaceExplorer:FranticSearch"],"picked":"RobotSpaceExplorer:FrostMissile+1","floor":22},{"not_picked":["RobotSpaceExplorer:FreezeRay+1","RobotSpaceExplorer:ShockKick","RobotSpaceExplorer:TurboDodge"],"picked":"RobotSpaceExplorer:SurgingShield","floor":23},{"not_picked":["RobotSpaceExplorer:FranticSearch","RobotSpaceExplorer:PlasmaMissile","RobotSpaceExplorer:GlueSpray","RobotSpaceExplorer:FrostMissile"],"picked":"SKIP","floor":25}],"player_experience":1740743,"relics_obtained":[{"floor":7,"key":"Matryoshka"},{"floor":9,"key":"Question Card"},{"floor":9,"key":"Bottled Tornado"},{"floor":12,"key":"Calipers"},{"floor":23,"key":"Kunai"},{"floor":25,"key":"Regal Pillow"},{"floor":26,"key":"Juzu Bracelet"},{"floor":26,"key":"Bottled Flame"}],"event_choices":[{"damage_healed":0,"gold_gain":0,"player_choice":"Grow","damage_taken":0,"max_hp_gain":0,"max_hp_loss":0,"event_name":"Living Wall","floor":3,"gold_loss":0,"cards_upgraded":["RobotSpaceExplorer:DoubleFind"]},{"damage_healed":0,"gold_gain":75,"player_choice":"Gather Gold","damage_taken":11,"max_hp_gain":0,"max_hp_loss":0,"event_name":"World of Goop","floor":5,"gold_loss":0},{"damage_healed":0,"gold_gain":75,"player_choice":"Touch","damage_taken":7,"max_hp_gain":0,"max_hp_loss":0,"event_name":"FaceTrader","floor":14,"gold_loss":0}],"is_beta":true,"boss_relics":[{"not_picked":["Coffee Dripper","SacredBark"],"picked":"Sozu"}],"items_purged_floors":[19,21],"is_endless":false,"potions_floor_spawned":[1,4,12,20,25],"killed_by":"Slavers","ascension_level":6}}