{"host":"ue7jlgf7uv134an9","time":1609593189,"event":{"mods":["BaseMod","Better Third Choice","Defuse TimeMaze Blight","Minty Spire (QoL Compilation)","Quick Restart","Rare Cards Sparkle","Relic Stats","StSLib","UnlockEverythingMod"],"gold_per_floor":[359,359,371,382,15,15,49,66,66,91,11,11,31,31,31,110,110,110,110,110,19,19,19,19],"floor_reached":23,"playtime":1969,"items_purged":["Defend_G","Strike_G"],"score":402,"play_id":"1c9b0ac1-c110-42ce-80f4-bc0c70f93087","local_time":"20210102081309","is_ascension_mode":true,"campfire_choices":[{"floor":6,"key":"REST"},{"floor":12,"key":"REST"},{"data":"Deadly Poison","floor":15,"key":"SMITH"}],"circlet_count":0,"master_deck":["AscendersBane","Strike_G","Strike_G","Strike_G","Defend_G","Defend_G","Defend_G","Defend_G","Survivor","Neutralize","Dagger Spray","Blade Dance","Deflect","Blade Dance","The Bomb","Dramatic Entrance","PiercingWail","Deadly Poison+1","Blur","After Image","Cloak And Dagger","Dagger Spray","Dash","Backstab"],"relics":["Ring of the Snake","Mummified Hand","The Courier","Blood Vial","Question Card","Ectoplasm","Letter Opener"],"acts_visited":["Exordium","TheCity"],"potions_floor_usage":[10,16],"damage_taken":[{"damage":10,"enemies":"2 Louse","floor":1,"turns":5},{"damage":2,"enemies":"Cultist","floor":3,"turns":4},{"damage":2,"enemies":"Jaw Worm","floor":4,"turns":4},{"damage":18,"enemies":"Lagavulin","floor":7,"turns":6},{"damage":2,"enemies":"3 Louse","floor":8,"turns":3},{"damage":8,"enemies":"3 Sentries","floor":10,"turns":5},{"damage":0,"enemies":"Gremlin Gang","floor":13,"turns":3},{"damage":38,"enemies":"The Guardian","floor":16,"turns":10},{"damage":6,"enemies":"Spheric Guardian","floor":18,"turns":3},{"damage":4,"enemies":"Shell Parasite","floor":20,"turns":5},{"damage":6,"enemies":"Centurion and Healer","floor":22,"turns":6},{"damage":54,"enemies":"Gremlin Leader","floor":23,"turns":6}],"seed_played":"-5651049252505335370","potions_obtained":[{"floor":3,"key":"GhostInAJar"},{"floor":7,"key":"SkillPotion"},{"floor":10,"key":"LiquidBronze"},{"floor":16,"key":"Ancient Potion"}],"is_trial":false,"path_per_floor":["M","?","M","M","$","R","E","M","T","E","$","R","M","T","R","B",null,"M","?","M","$","M","E"],"character_chosen":"THE_SILENT","items_purchased":["Blade Dance","The Bomb","Dramatic Entrance","Dash","Backstab"],"campfire_rested":2,"item_purchase_floors":[5,5,5,21,21],"current_hp_per_floor":[34,34,32,30,30,49,31,29,29,21,21,40,42,42,42,6,51,47,47,45,45,41,0,0],"gold":19,"neow_bonus":"TWO_FIFTY_GOLD","is_daily":false,"chose_seed":false,"campfire_upgraded":1,"win_rate":0.0,"timestamp":1609593189,"path_taken":["M","?","M","?","?","R","E","M","T","E","$","R","M","?","R","BOSS","M","?","?","$","?","E"],"items_purchased_type":["Card","Card","Card","Card","Card"],"build_version":"2020-12-22","purchased_purges":2,"victory":false,"max_hp_per_floor":[66,66,66,66,66,66,66,66,66,66,66,66,66,66,66,66,66,66,66,66,66,66,66,66],"relic_stats":{"Blood Vial":12,"counters":[12,60],"Mummified Hand":[4],"Ectoplasm":48,"Letter Opener":[26],"Question Card":4,"obtain_stats":[{"Blood Vial":10,"Mummified Hand":7,"The Courier":9,"Ectoplasm":17,"Letter Opener":19,"Question Card":14,"Ring of the Snake":0},{"Blood Vial":6,"Mummified Hand":4,"The Courier":5,"Ectoplasm":8,"Letter Opener":9,"Question Card":7,"Ring of the Snake":0},{"Blood Vial":27,"Mummified Hand":19,"The Courier":22,"Ectoplasm":40,"Letter Opener":43,"Question Card":30,"Ring of the Snake":0}],"Ring of the Snake":[24]},"card_choices":[{"not_picked":["Deadly Poison","Sucker Punch"],"picked":"Dagger Spray","floor":1},{"not_picked":["Catalyst","Dodge and Roll"],"picked":"Blade Dance","floor":3},{"not_picked":["Escape Plan","Dagger Throw"],"picked":"Deflect","floor":4},{"not_picked":["Bane","Underhanded Strike","Quick Slash"],"picked":"SKIP","floor":7},{"not_picked":["Flechettes","Storm of Steel"],"picked":"PiercingWail","floor":8},{"not_picked":["Skewer","Riddle With Holes"],"picked":"Deadly Poison","floor":10},{"not_picked":["Outmaneuver","Dagger Throw"],"picked":"Blur","floor":13},{"not_picked":["Envenom","Venomology","Burst"],"picked":"After Image","floor":16},{"not_picked":["Quick Slash","Choke","Bane"],"picked":"Cloak And Dagger","floor":18},{"not_picked":["Acrobatics","Prepared","Eviscerate+1"],"picked":"Dagger Spray","floor":20},{"not_picked":["Outmaneuver","Noxious Fumes","Bane","Deflect"],"picked":"SKIP","floor":22}],"player_experience":51056,"relics_obtained":[{"floor":7,"key":"Mummified Hand"},{"floor":9,"key":"The Courier"},{"floor":10,"key":"Blood Vial"},{"floor":14,"key":"Question Card"},{"floor":19,"key":"Letter Opener"}],"event_choices":[{"cards_removed":["Strike_G"],"damage_healed":0,"gold_gain":0,"player_choice":"Offered Basic","damage_taken":0,"max_hp_gain":0,"max_hp_loss":0,"event_name":"Bonfire Elementals","floor":2,"gold_loss":0},{"damage_healed":0,"gold_gain":0,"player_choice":"Relic","damage_taken":0,"max_hp_gain":0,"max_hp_loss":0,"event_name":"Wheel of Change","floor":19,"gold_loss":0}],"is_beta":false,"boss_relics":[{"not_picked":["Astrolabe","HoveringKite"],"picked":"Ectoplasm"}],"items_purged_floors":[5,11],"is_endless":false,"potions_floor_spawned":[3,7,10,16,20,22],"killed_by":"Gremlin Leader","ascension_level":20}}