{"host":"40f49r155zsx8eqk","time":1609612823,"event":{"mods":["AchievementEnabler","Aspiration","BaseMod","Googly Eyes","Minty Spire (QoL Compilation)","Relic Sorter","Replay The Spire","StSLib","The Gatherer"],"gold_per_floor":[116,126,126,144,168,203,203,271,295,379,2,2,177,225,225,396,396,467,467,545,620,669,669,86,86,112,112,12,62,130,203,203,407,407,535,688,794,1127,1227,1227,1376,1479,1532,1672,1672,1797,1797,1902,1902,2092],"floor_reached":51,"playtime":2522,"items_purged":["Doubt","Injury"],"score":1031,"play_id":"41517705-2819-49c2-b358-589b9e81320e","local_time":"20210102214023","is_ascension_mode":true,"metric_token":608,"campfire_choices":[{"floor":7,"key":"REST"},{"floor":15,"key":"REST"},{"data":"Gatherer:FlowerBeam+1","floor":23,"key":"SMITH"},{"data":"Gatherer:FlowerBeam+2","floor":25,"key":"SMITH"},{"data":"Gatherer:Transmute","floor":27,"key":"SMITH"},{"floor":32,"key":"REST"},{"floor":40,"key":"REST"},{"floor":47,"key":"REST"},{"floor":49,"key":"REST"}],"circlet_count":0,"master_deck":["Gatherer:Strike_Gatherer","Gatherer:Strike_Gatherer","Gatherer:Strike_Gatherer","Gatherer:Strike_Gatherer","Gatherer:Strike_Gatherer","Gatherer:Defend_Gatherer","Gatherer:Defend_Gatherer","Gatherer:Defend_Gatherer","Gatherer:Defend_Gatherer","Gatherer:Defend_Gatherer","Gatherer:Centralize","Gatherer:FlowerWhip","Gatherer:RottenStipe","Gatherer:Transmute+1","Gatherer:Convert","Gatherer:WitheringStrike","Gatherer:MindSearch","Gatherer:ScherryThrow","Gatherer:GatherMaterial","Gatherer:Enchant","Injury","Gatherer:AlchemyTrial","Gatherer:BlackTea","Gatherer:AcidicSpray+1","Gatherer:CollectorsShot+1","Gatherer:DrugPower+1","Gatherer:FlowerBeam+3","Gatherer:RottenStipe+1","Secret Weapon","Poisoned Strike+1","ReplayTheSpireMod:Private Reserves","Gatherer:Snatch+1","Gatherer:PotentialSlash+1","Gatherer:Examine","Gatherer:Bulldoze+1","Gatherer:BigPouch+1","Gatherer:BambuSword+1","Gatherer:CarefulStrike+1","Gatherer:SealedBomb+1"],"relics":["Gatherer:AlchemyBag","Replay:Bandana","Nunchaku","Strawberry","PreservedInsect","Boot","Medical Kit","Molten Egg 2","aspiration:PoetsPen_weak","CultistMask","Blue Candle","ReplayTheSpireMod:ShopPack","Oddly Smooth Stone","Red Mask","Replay:Grab Bag","Busted Crown","Replay:Bronze Core","aspiration:SecretTechniqueScroll","aspiration:RunicSpoon","Pocketwatch","Happy Flower","Dream Catcher","ReplayTheSpireMod:TigerMarble","Omamori"],"acts_visited":["Exordium","TheCity","TheBeyond"],"potions_floor_usage":[16,16,16,21,33,33,33,35,46,48,50],"damage_taken":[{"damage":9,"enemies":"Jaw Worm","floor":1,"turns":3},{"damage":0,"enemies":"Small Slimes","floor":2,"turns":2},{"damage":1,"enemies":"2 Louse","floor":4,"turns":2},{"damage":9,"enemies":"Gremlin Gang","floor":5,"turns":7},{"damage":32,"enemies":"Gremlin Nob","floor":6,"turns":6},{"damage":4,"enemies":"Replay:BlueRogue","floor":8,"turns":5},{"damage":23,"enemies":"3 Sentries","floor":10,"turns":8},{"damage":5,"enemies":"2 Fungi Beasts","floor":14,"turns":4},{"damage":0,"enemies":"Slime Boss","floor":16,"turns":6},{"damage":7,"enemies":"Chosen","floor":18,"turns":3},{"damage":0,"enemies":"3 Byrds","floor":20,"turns":2},{"damage":2,"enemies":"Shelled Parasite and Fungi","floor":21,"turns":5},{"damage":16,"enemies":"Centurion and Healer","floor":29,"turns":4},{"damage":0,"enemies":"3 Cultists","floor":30,"turns":3},{"damage":8,"enemies":"Masked Bandits","floor":31,"turns":2},{"damage":15,"enemies":"Automaton","floor":33,"turns":5},{"damage":14,"enemies":"3 Darklings","floor":35,"turns":4},{"damage":15,"enemies":"Mind Bloom Boss Battle","floor":36,"turns":4},{"damage":14,"enemies":"3 Shapes","floor":37,"turns":2},{"damage":0,"enemies":"Transient","floor":41,"turns":5},{"damage":31,"enemies":"Nemesis","floor":42,"turns":3},{"damage":0,"enemies":"R_Hoarder","floor":44,"turns":2},{"damage":0,"enemies":"3 Darklings","floor":46,"turns":3},{"damage":3,"enemies":"Nemesis","floor":48,"turns":3},{"damage":21,"enemies":"Donu and Deca","floor":50,"turns":4}],"seed_played":"8748215278345340763","potions_obtained":[{"floor":0,"key":"BottledMiracle"},{"floor":0,"key":"SneckoOil"},{"floor":0,"key":"Ancient Potion"},{"floor":2,"key":"GamblersBrew"},{"floor":16,"key":"BottledMiracle"},{"floor":21,"key":"PowerPotion"},{"floor":22,"key":"Reflective Coating"},{"floor":22,"key":"Fire Potion"},{"floor":30,"key":"Adrenaline Potion"},{"floor":33,"key":"EssenceOfSteel"},{"floor":35,"key":"BlessingOfTheForge"},{"floor":37,"key":"Strength Potion"},{"floor":41,"key":"Energy Potion"}],"is_trial":false,"path_per_floor":["M","M","?","M","M","E","R","E","T","E","$","?","?","M","R","B",null,"M","?","M","M","?","R","$","R","T","R","$","M","M","?","R","B",null,"M","?","M","?","?","R","M","E","T","E","?","M","R","E","R","B",null],"character_chosen":"THE_GATHERER","items_purchased":["Gatherer:Enchant","Boot","Medical Kit","Gatherer:RottenStipe+1","Gatherer:UpgradeBag","Blue Candle","ReplayTheSpireMod:ShopPack"],"campfire_rested":6,"item_purchase_floors":[11,11,11,24,24,24,24],"current_hp_per_floor":[63,63,63,62,53,21,42,38,45,22,22,22,22,17,40,40,79,72,72,72,70,70,70,70,70,70,70,70,54,54,46,69,54,79,65,50,36,36,36,59,59,28,28,28,28,28,51,48,71,50],"gold":2092,"neow_bonus":"THREE_SMALL_POTIONS","is_daily":false,"chose_seed":false,"campfire_upgraded":3,"win_rate":0.0,"timestamp":1609612823,"path_taken":["M","M","?","M","M","E","R","E","T","E","$","?","?","?","R","BOSS","M","?","?","M","?","R","$","R","T","R","?","M","?","?","R","BOSS","M","?","M","?","?","R","?","E","T","E","?","M","R","E","R","BOSS"],"items_purchased_type":["Card","Relic","Relic","Card","Card","Relic","Relic"],"build_version":"2020-12-22","purchased_purges":2,"victory":true,"max_hp_per_floor":[72,72,72,72,72,72,72,72,79,79,79,79,79,79,79,79,79,79,79,79,79,79,79,79,79,79,79,79,79,79,79,79,79,79,79,79,79,79,79,79,79,79,79,79,79,79,79,79,79,79],"card_choices":[{"not_picked":["Gatherer:Nutrients","Gatherer:RecipeChange"],"picked":"Gatherer:RottenStipe","floor":1},{"not_picked":["Gatherer:PotentialSlash","Gatherer:Herbalism"],"picked":"Gatherer:Transmute","floor":2},{"not_picked":["Gatherer:PotentialSlash","Gatherer:FlowerShield"],"picked":"Gatherer:Convert","floor":4},{"not_picked":["Gatherer:Pollute","Gatherer:FlowerFalling"],"picked":"Gatherer:WitheringStrike","floor":5},{"not_picked":["Gatherer:SmartManeuver","Gatherer:EchoOfNature"],"picked":"Gatherer:MindSearch","floor":6},{"not_picked":["Gatherer:FeelingFine","Gatherer:WitheringStrike"],"picked":"Gatherer:ScherryThrow","floor":8},{"not_picked":["Gatherer:FeelingFine","Gatherer:AromaProtection"],"picked":"Gatherer:GatherMaterial","floor":10},{"not_picked":["Gatherer:Frenzy+1","Gatherer:FlowerFalling+1"],"picked":"Gatherer:AlchemyTrial","floor":14},{"not_picked":["Gatherer:PoisonMastery","Gatherer:BomberForm"],"picked":"Gatherer:BlackTea","floor":16},{"not_picked":["Gatherer:FlowerBeam+1","Gatherer:Convert"],"picked":"Gatherer:AcidicSpray+1","floor":18},{"not_picked":["Gatherer:AlchemyTrial","Gatherer:Transmute+1"],"picked":"Gatherer:CollectorsShot+1","floor":20},{"not_picked":["Gatherer:WoolGloves","Gatherer:BalancedGrowth+1"],"picked":"Gatherer:DrugPower+1","floor":21},{"not_picked":["Gatherer:FeelingFine","Gatherer:DrugPower+1"],"picked":"Gatherer:FlowerBeam+1","floor":22},{"not_picked":["Sadistic Nature","Crow Ritual"],"picked":"Secret Weapon","floor":24},{"not_picked":["Replay:Bootleg Shield Generator","PanicButton"],"picked":"Poisoned Strike","floor":24},{"not_picked":["Madness","ReplayTheSpireMod:Uncanny Aura"],"picked":"ReplayTheSpireMod:Private Reserves","floor":24},{"not_picked":["Gatherer:AcidicSpray+1","Gatherer:FlowerShield"],"picked":"Gatherer:Snatch+1","floor":29},{"not_picked":["Gatherer:Duplicator+1","Gatherer:UpgradeBag"],"picked":"Gatherer:PotentialSlash+1","floor":30},{"not_picked":["Gatherer:EnergyBasket","Gatherer:TreeGrowth"],"picked":"Gatherer:Examine","floor":31},{"not_picked":["Gatherer:MindSearch","Gatherer:FlamingBottle+1"],"picked":"Gatherer:Bulldoze+1","floor":33},{"not_picked":[],"picked":"Gatherer:BigPouch+1","floor":35},{"not_picked":[],"picked":"Gatherer:BambuSword+1","floor":36},{"not_picked":["Gatherer:GatherMaterial+1"],"picked":"SKIP","floor":37},{"not_picked":["Gatherer:AlchemyTrial"],"picked":"SKIP","floor":41},{"not_picked":["Gatherer:Solidify"],"picked":"SKIP","floor":42},{"not_picked":[],"picked":"Gatherer:CarefulStrike+1","floor":44},{"not_picked":["Gatherer:SaveValuables"],"picked":"SKIP","floor":46},{"not_picked":["Gatherer:FlowerShield+1"],"picked":"SKIP","floor":48},{"not_picked":[],"picked":"Gatherer:SealedBomb+1","floor":49}],"player_experience":116022,"relics_obtained":[{"floor":6,"key":"Replay:Bandana"},{"floor":8,"key":"Nunchaku"},{"floor":9,"key":"Strawberry"},{"floor":10,"key":"PreservedInsect"},{"floor":26,"key":"Oddly Smooth Stone"},{"floor":31,"key":"Red Mask"},{"floor":36,"key":"Pocketwatch"},{"floor":42,"key":"Happy Flower"},{"floor":43,"key":"Dream Catcher"},{"floor":44,"key":"ReplayTheSpireMod:TigerMarble"},{"floor":48,"key":"Omamori"}],"event_choices":[{"damage_healed":0,"gold_gain":0,"player_choice":"Take Wound","damage_taken":0,"relics_obtained":["Golden Idol"],"max_hp_gain":0,"max_hp_loss":0,"event_name":"Golden Idol","floor":3,"gold_loss":0,"cards_obtained":["Injury"]},{"damage_healed":0,"gold_gain":175,"player_choice":"AGREE","damage_taken":0,"max_hp_gain":0,"max_hp_loss":0,"event_name":"Liars Game","floor":13,"gold_loss":0,"cards_obtained":["Doubt"]},{"damage_healed":0,"gold_gain":0,"player_choice":"Trade","damage_taken":0,"relics_obtained":["CultistMask"],"max_hp_gain":0,"max_hp_loss":0,"event_name":"FaceTrader","floor":19,"gold_loss":0},{"damage_healed":0,"gold_gain":0,"player_choice":"Fought Bandits","damage_taken":0,"max_hp_gain":0,"max_hp_loss":0,"event_name":"Masked Bandits","floor":31,"gold_loss":0},{"damage_healed":0,"gold_gain":0,"player_choice":"Fight","damage_taken":0,"max_hp_gain":0,"max_hp_loss":0,"event_name":"MindBloom","floor":36,"gold_loss":0},{"damage_healed":0,"gold_gain":333,"player_choice":"Gave Idol","damage_taken":0,"max_hp_gain":0,"max_hp_loss":0,"event_name":"The Moai Head","floor":38,"relics_lost":["Golden Idol"],"gold_loss":0},{"damage_healed":0,"gold_gain":100,"player_choice":"Pray","damage_taken":0,"max_hp_gain":0,"max_hp_loss":0,"event_name":"Golden Shrine","floor":39,"gold_loss":0},{"cards_removed":["Gatherer:UpgradeBag"],"damage_healed":0,"gold_gain":0,"player_choice":"Removed Power","damage_taken":0,"max_hp_gain":0,"max_hp_loss":0,"event_name":"Falling","floor":45,"gold_loss":0}],"is_beta":false,"boss_relics":[{"not_picked":["Astrolabe","Replay:Wanted Poster"],"picked":"aspiration:PoetsPen_weak"},{"not_picked":["Replay:Drink Me","Tiny House"],"picked":"Replay:Grab Bag"},{"not_picked":["Philosopher\u0027s Stone","Gatherer:ExplorersPath"],"picked":"Busted Crown"},{"not_picked":["Velvet Choker","aspiration:FutureDiary"],"picked":"Replay:Bronze Core"},{"not_picked":["aspiration:WatcherSkillbook","ReplayTheSpireMod:Onyx Gauntlets"],"picked":"aspiration:SecretTechniqueScroll"},{"not_picked":["Gatherer:MiracleBag","aspiration:SilentSkillbook"],"picked":"aspiration:RunicSpoon"}],"items_purged_floors":[24,28],"is_endless":false,"potions_floor_spawned":[2,4,5,10,16,21,30,33,35,37,41,44],"ascension_level":2}}