{"host":"qwttrqaysb380yri","time":1609566559,"event":{"mods":["BaseMod","Custom Start","Minty Spire (QoL Compilation)","Permanent Neow","Puzzle Mod","Relic Stats","StSLib","The Hierophant"],"gold_per_floor":[113,113,141,153,303,319,319,336,336,336,372,372],"floor_reached":11,"playtime":268,"items_purged":[],"score":128,"play_id":"bc91f619-3475-4506-bfca-b878e66d7cfa","local_time":"20210102064919","is_ascension_mode":true,"campfire_choices":[{"floor":7,"key":"REST"}],"circlet_count":0,"master_deck":["AscendersBane","hierophant:Strike_Hierophant","hierophant:Strike_Hierophant","hierophant:Strike_Hierophant","hierophant:Strike_Hierophant","hierophant:Punish","hierophant:Defend_Hierophant","hierophant:Defend_Hierophant","hierophant:Defend_Hierophant","hierophant:Defend_Hierophant","hierophant:ChurchCoffers","hierophant:Doubloon","hierophant:Remorse+1","hierophant:Sermon","hierophant:ThreeLashes","Doubt","hierophant:Embezzle","hierophant:Batter"],"relics":["Sozu","Anchor","Nunchaku"],"acts_visited":["Exordium"],"potions_floor_usage":[],"damage_taken":[{"damage":0,"enemies":"2 Louse","floor":1,"turns":1},{"damage":7,"enemies":"Jaw Worm","floor":3,"turns":2},{"damage":7,"enemies":"Small Slimes","floor":4,"turns":3},{"damage":37,"enemies":"3 Sentries","floor":6,"turns":8},{"damage":18,"enemies":"Exordium Wildlife","floor":8,"turns":6},{"damage":0,"enemies":"Lagavulin","floor":11,"turns":4}],"seed_played":"6275451943388033973","potions_obtained":[],"is_trial":false,"path_per_floor":["M","?","M","M","?","E","R","M","T","?","E"],"character_chosen":"HIEROPHANT","items_purchased":[],"campfire_rested":1,"item_purchase_floors":[],"current_hp_per_floor":[68,68,61,54,54,17,39,21,21,21,21,21],"gold":372,"neow_bonus":"BOSS_RELIC","is_daily":false,"chose_seed":false,"campfire_upgraded":0,"win_rate":0.0,"timestamp":1609566559,"path_taken":["M","?","M","M","?","E","R","M","T","?","E"],"items_purchased_type":[],"build_version":"2020-12-22","purchased_purges":0,"victory":false,"max_hp_per_floor":[75,75,75,75,75,75,75,75,75,75,75,75],"relic_stats":{"Sozu":3,"Nunchaku":[0],"counters":[6,23],"obtain_stats":[{"Sozu":0,"Anchor":6,"Nunchaku":9,"hierophant:PropheticMaskRelic":0},{"Sozu":0,"Anchor":4,"Nunchaku":5,"hierophant:PropheticMaskRelic":0},{"Sozu":0,"Anchor":14,"Nunchaku":20,"hierophant:PropheticMaskRelic":0}]},"card_choices":[{"not_picked":["hierophant:Sermon","hierophant:Rebuild"],"picked":"hierophant:Remorse","floor":1},{"not_picked":["hierophant:Racketeering","hierophant:CursedGold"],"picked":"hierophant:Sermon","floor":3},{"not_picked":["hierophant:Mercenaries","hierophant:Community"],"picked":"hierophant:ThreeLashes","floor":4},{"not_picked":["hierophant:RepressedViolence","hierophant:HammerAndAnvil"],"picked":"hierophant:Embezzle","floor":6},{"not_picked":["hierophant:FaithHealing","hierophant:Embezzle"],"picked":"hierophant:Batter","floor":8}],"player_experience":1973263,"relics_obtained":[{"floor":6,"key":"Anchor"},{"floor":9,"key":"Nunchaku"}],"event_choices":[{"damage_healed":0,"gold_gain":0,"player_choice":"Grow","damage_taken":0,"max_hp_gain":0,"max_hp_loss":0,"event_name":"Living Wall","floor":2,"gold_loss":0,"cards_upgraded":["hierophant:Remorse"]},{"damage_healed":0,"gold_gain":150,"player_choice":"AGREE","damage_taken":0,"max_hp_gain":0,"max_hp_loss":0,"event_name":"Liars Game","floor":5,"gold_loss":0,"cards_obtained":["Doubt"]},{"damage_healed":0,"gold_gain":0,"player_choice":"Ignored","damage_taken":0,"max_hp_gain":0,"max_hp_loss":0,"event_name":"Shining Light","floor":10,"gold_loss":0}],"is_beta":false,"boss_relics":[],"items_purged_floors":[],"is_endless":false,"potions_floor_spawned":[3,4,6],"killed_by":"Lagavulin","ascension_level":15}}