{"host":"q1ejl7hv5l3527la","time":1609628741,"event":{"mods":["Aspiration","Bard","BaseMod","Better Third Choice","Colored Powertips","Downfall","Energized Spire","Hermit","Highlight Path","Hubris","Infinite Spire","Minty Spire (QoL Compilation)","Replay The Spire","Shop Mod","StSLib","The Bladedancer","The Cursed","The Forsaken","The Juggle","The Jungle","The Runesmith"],"gold_per_floor":[99,109,109,109,119,44,71,71,81,81,16,35,35,68,88,88,88,88],"floor_reached":16,"playtime":1531,"items_purged":[],"score":100,"play_id":"a88a16e2-5101-4e66-8d72-d4d4d2e6f187","local_time":"20210102170541","is_ascension_mode":false,"campfire_choices":[{"floor":1.0,"key":"RECALL"},{"data":"champ:PreciseThrust","floor":6.0,"key":"SMITH"},{"data":"champ:FlashCut","floor":8.0,"key":"SMITH"},{"data":"champ:Taunt","floor":13.0,"key":"SMITH"}],"circlet_count":0,"master_deck":["champ:Strike","champ:Strike","champ:Strike","champ:Strike","champ:Defend","champ:Defend","champ:Defend","champ:Defend","champ:Execute","champ:Taunt+1","champ:FlashCut+1","champ:PreciseThrust+1","champ:StanceDance","champ:CrookedStrike","champ:BerserkerStyle","champ:GutPunch","champ:Haymaker","champ:SteelEdge","champ:BerserkersShout"],"relics":["champ:ChampionCrown","downfall:HeartBlessingRed","hubris:DeckOfHolding"],"acts_visited":["Exordium"],"potions_floor_usage":[16,16],"damage_taken":[{"damage":12.0,"enemies":"Jaw Worm","floor":2.0,"turns":6.0},{"damage":0.0,"enemies":"Cultist","floor":4.0,"turns":1.0},{"damage":0.0,"enemies":"Small Slimes","floor":5.0,"turns":4.0},{"damage":16.0,"enemies":"3 Louse","floor":9.0,"turns":4.0},{"damage":6.0,"enemies":"downfall:FleeingMerchant","floor":11.0,"turns":4.0},{"damage":12.0,"enemies":"Blue Slaver","floor":12.0,"turns":4.0},{"damage":29,"enemies":"3 Sentries","floor":14,"turns":9},{"damage":8,"enemies":"2 Fungi Beasts","floor":15,"turns":3},{"damage":65,"enemies":"downfall:Silent","floor":16,"turns":8}],"seed_played":"-4916737767699414202","potions_obtained":[{"floor":5.0,"key":"Dexterity Potion"},{"floor":9.0,"key":"SkillPotion"},{"floor":12.0,"key":"Reflective Coating"}],"is_trial":false,"path_per_floor":["R","M","?","M","M","R","T","R","M","?","$","M","R","E","M","B"],"character_chosen":"THE_CHAMP","items_purchased":["champ:GutPunch"],"campfire_rested":0,"item_purchase_floors":[11],"current_hp_per_floor":[99,97,97,97,97,97,97,97,91,91,90,80,80,58,58,0,0,0],"gold":88,"neow_bonus":"TEN_PERCENT_HP_BONUS","is_daily":false,"chose_seed":false,"campfire_upgraded":3,"win_rate":0.0,"timestamp":1609628741,"path_taken":["R","M","?","M","M","R","T","R","M","?","$","M","R","E","M","BOSS"],"items_purchased_type":["Card"],"build_version":"2020-12-22","purchased_purges":0,"victory":false,"max_hp_per_floor":[99,99,99,99,99,99,99,99,99,99,99,99,99,99,99,99,99,99],"card_choices":[{"not_picked":["champ:DefensiveShout","champ:FocusedGladiator"],"picked":"champ:FlashCut","floor":2.0},{"not_picked":["champ:Backstep","champ:FocusedDefense"],"picked":"champ:PreciseThrust","floor":4.0},{"not_picked":["champ:DefensiveShout","champ:Haymaker"],"picked":"champ:StanceDance","floor":5.0},{"not_picked":["champ:PreciseThrust","champ:HeartStrike"],"picked":"champ:CrookedStrike","floor":9.0},{"not_picked":["champ:FlashCut","champ:BladeFlurry"],"picked":"champ:BerserkerStyle","floor":11.0},{"not_picked":["champ:StanceDance","champ:EndlessRage"],"picked":"champ:Haymaker","floor":12.0},{"not_picked":["champ:BerserkersShout","champ:PreciseThrust"],"picked":"champ:SteelEdge","floor":14},{"not_picked":["champ:StanceDance","champ:PerfectedStrike"],"picked":"champ:BerserkersShout","floor":15}],"player_experience":71770,"relics_obtained":[{"floor":14,"key":"hubris:DeckOfHolding"}],"event_choices":[{"damage_healed":0.0,"max_hp_gain":0.0,"max_hp_loss":0.0,"gold_gain":0.0,"event_name":"Transmorgrifier","player_choice":"Ignored","floor":10.0,"gold_loss":0.0,"damage_taken":0.0}],"is_beta":false,"boss_relics":[],"items_purged_floors":[],"is_endless":false,"potions_floor_spawned":[5,9,12],"killed_by":"downfall:Silent","ascension_level":0}}