{"host":"wgmbtq7u7cgqo6r7","time":1609598631,"event":{"mods":["BaseMod","Colored Powertips","Marisa（霧雨　魔理沙）","Minty Spire (QoL Compilation)","Rare Cards Sparkle","StSLib","everything is the same but u backflip on backflip"],"gold_per_floor":[10,10,25,125,143,143,158,158,158,186,198,227,227,237,237,342,342,355,375,391,404,416,416,432,432,432,463,475,475,475,475,475,571,571,571],"floor_reached":34,"playtime":3497,"items_purged":[],"score":509,"play_id":"22eab98c-3b14-4fb0-817c-6c8b85f858e5","local_time":"20210102094351","is_ascension_mode":true,"campfire_choices":[{"floor":6,"key":"RECALL"},{"data":"MasterSpark","floor":8,"key":"SMITH"},{"floor":13,"key":"REST"},{"floor":15,"key":"REST"},{"floor":23,"key":"REST"},{"floor":25,"key":"REST"},{"floor":29,"key":"REST"},{"floor":32,"key":"REST"}],"circlet_count":0,"master_deck":["Strike_MRS","Strike_MRS","Strike_MRS","Defend_MRS","Defend_MRS","Defend_MRS","Defend_MRS","MasterSpark+1","UpSweep","GrandCross","MagicChant","MysteriousBeam","GalacticHalo","UnstableBomb","BlazeAway","MilkyWay","EscapeVelocity","6A+1","GrandCross","NonDirectionalLaser+1","AsteroidBelt","MysteriousBeam+1","MaximisePower","SporeBomb","PulseMagic+1","MaximisePower"],"relics":["MiniHakkero","Omamori","Meat on the Bone","ShroomBag","Boot","SlaversCollar"],"acts_visited":["Exordium","TheCity","TheBeyond"],"potions_floor_usage":[10,16,16,18,22,27,33],"damage_taken":[{"damage":0,"enemies":"2 Louse","floor":1,"turns":2},{"damage":6,"enemies":"Cultist","floor":3,"turns":3},{"damage":6,"enemies":"Jaw Worm","floor":5,"turns":3},{"damage":0,"enemies":"Blue Slaver","floor":7,"turns":3},{"damage":35,"enemies":"Lagavulin","floor":10,"turns":5},{"damage":7,"enemies":"Large Slime","floor":11,"turns":4},{"damage":0,"enemies":"Gremlin Nob","floor":12,"turns":2},{"damage":0,"enemies":"3 Louse","floor":14,"turns":2},{"damage":0,"enemies":"Slime Boss","floor":16,"turns":4},{"damage":5,"enemies":"Spheric Guardian","floor":18,"turns":3},{"damage":5,"enemies":"Chosen","floor":19,"turns":4},{"damage":38,"enemies":"Snake Plant","floor":20,"turns":5},{"damage":24,"enemies":"Sentry and Sphere","floor":21,"turns":5},{"damage":23,"enemies":"3 Cultists","floor":22,"turns":6},{"damage":13,"enemies":"Cultist and Chosen","floor":24,"turns":5},{"damage":29,"enemies":"Book of Stabbing","floor":27,"turns":4},{"damage":26,"enemies":"Snake Plant","floor":28,"turns":4},{"damage":74,"enemies":"Automaton","floor":33,"turns":10}],"seed_played":"8698353291426495772","potions_obtained":[{"floor":3,"key":"LiquidMemories"},{"floor":7,"key":"Fire Potion"},{"floor":10,"key":"Swift Potion"},{"floor":14,"key":"SteroidPotion"},{"floor":18,"key":"CultistPotion"},{"floor":21,"key":"PowerPotion"},{"floor":27,"key":"ShroomBrew"}],"is_trial":false,"path_per_floor":["M","?","M","?","M","R","M","R","T","E","M","E","R","M","R","B",null,"M","M","M","M","M","R","M","R","T","E","M","R","?","?","R","B",null],"character_chosen":"MARISA","items_purchased":[],"campfire_rested":6,"item_purchase_floors":[],"current_hp_per_floor":[89,89,83,83,77,77,77,77,77,42,47,47,73,73,89,89,89,84,79,53,41,30,56,55,81,81,52,38,64,64,47,75,13,94,94],"gold":571,"neow_bonus":"TWENTY_PERCENT_HP_BONUS","is_daily":false,"chose_seed":false,"campfire_upgraded":1,"win_rate":0.0,"timestamp":1609598631,"path_taken":["M","?","M","?","M","R","M","R","T","E","M","E","R","M","R","BOSS","M","M","M","M","M","R","M","R","T","E","?","R","?","?","R","BOSS"],"items_purchased_type":[],"build_version":"2020-12-22","purchased_purges":0,"victory":false,"max_hp_per_floor":[89,89,89,89,89,89,89,89,89,89,89,89,89,89,89,89,89,89,89,89,89,89,89,89,89,89,89,89,89,89,94,94,94,94,94],"card_choices":[{"not_picked":["IllusionStar","EnergyFlow"],"picked":"GrandCross","floor":1},{"not_picked":["GravityBeat","PropBag"],"picked":"MysteriousBeam","floor":3},{"not_picked":["DC","MysteriousBeam"],"picked":"GalacticHalo","floor":5},{"not_picked":["WitchOfGreed","Acceleration"],"picked":"UnstableBomb","floor":7},{"not_picked":["UnstableBomb","GalacticHalo","IllusionStar"],"picked":"SKIP","floor":10},{"not_picked":["Acceleration","EnergyFlow","LuminesStrike"],"picked":"SKIP","floor":11},{"not_picked":["6A","MysteriousBeam"],"picked":"BlazeAway","floor":12},{"not_picked":["Acceleration","LuminesStrike"],"picked":"MilkyWay","floor":14},{"not_picked":["AbsoluteMagnitude","StarDustReverie"],"picked":"EscapeVelocity","floor":16},{"not_picked":["IllusionStar+1","SporeBomb"],"picked":"6A+1","floor":18},{"not_picked":["GalacticHalo","DC"],"picked":"GrandCross","floor":19},{"not_picked":["Singularity","6A+1"],"picked":"NonDirectionalLaser+1","floor":20},{"not_picked":["GrandCross","StarlightTyphoon"],"picked":"AsteroidBelt","floor":21},{"not_picked":["MilkyWay+1","Robbery"],"picked":"MysteriousBeam+1","floor":22},{"not_picked":["Acceleration","WitchLeyline"],"picked":"MaximisePower","floor":24},{"not_picked":["MilkyWay+1","LuminesStrike"],"picked":"SporeBomb","floor":27},{"not_picked":["GalacticHalo+1","DC"],"picked":"PulseMagic+1","floor":28},{"not_picked":["SatelliteIllusion","BigCrunch"],"picked":"MaximisePower","floor":33}],"player_experience":124733,"relics_obtained":[{"floor":9,"key":"Omamori"},{"floor":10,"key":"Meat on the Bone"},{"floor":12,"key":"ShroomBag"},{"floor":27,"key":"Boot"}],"event_choices":[{"damage_healed":0,"gold_gain":0,"cards_transformed":["Strike_MRS"],"player_choice":"Change","damage_taken":0,"max_hp_gain":0,"max_hp_loss":0,"event_name":"Living Wall","floor":2,"gold_loss":0,"cards_obtained":["MagicChant"]},{"damage_healed":0,"gold_gain":100,"player_choice":"Gold","damage_taken":0,"max_hp_gain":0,"max_hp_loss":0,"event_name":"Wheel of Change","floor":4,"gold_loss":0},{"damage_healed":0,"gold_gain":0,"player_choice":"Ignored","damage_taken":0,"max_hp_gain":0,"max_hp_loss":0,"event_name":"Vampires","floor":30,"gold_loss":0},{"damage_healed":0,"gold_gain":0,"player_choice":"Shed Blood","damage_taken":22,"max_hp_gain":5,"max_hp_loss":0,"event_name":"Forgotten Altar","floor":31,"gold_loss":0}],"is_beta":false,"boss_relics":[{"not_picked":["Velvet Choker","Runic Pyramid","Ectoplasm"]},{"not_picked":["Astrolabe","Pandora\u0027s Box"],"picked":"SlaversCollar"}],"items_purged_floors":[],"is_endless":false,"potions_floor_spawned":[3,7,10,14,18,21,27],"ascension_level":1}}