{"host":"kw4o7b3ro2ktmmbe","time":1609592188,"event":{"mods":["BaseMod","Evolution","Minty Spire (QoL Compilation)","QueenMod","StSLib"],"gold_per_floor":[110,121,121,121,134,134,151,164,164,164,164,178,203,203,203,304,304,319,319,339,83,93,93,108,108,108,108,123,123,123,123],"floor_reached":30,"playtime":2972,"items_purged":[],"score":232,"play_id":"f2029e2f-f49c-4e2d-ac57-d85cf06e5c9a","local_time":"20210103015628","is_ascension_mode":false,"campfire_choices":[{"data":"QueenMod:GatheringSwarm","floor":6.0,"key":"SMITH"},{"data":"QueenMod:Recruit","floor":11.0,"key":"SMITH"},{"data":"QueenMod:MatingDance","floor":15.0,"key":"SMITH"},{"data":"QueenMod:IAmTheSwarm","floor":23.0,"key":"SMITH"},{"data":"QueenMod:Incubate","floor":25,"key":"SMITH"},{"data":"QueenMod:GatheringSwarm","floor":29,"key":"SMITH"}],"circlet_count":0,"master_deck":["QueenMod:Strike+1","QueenMod:Strike+1","QueenMod:Strike+1","QueenMod:Defend+1","QueenMod:Defend+1","QueenMod:Defend+1","QueenMod:QuickJabs","QueenMod:Recruit+1","QueenMod:GnatSquadron","QueenMod:Incubate+1","QueenMod:GatheringSwarm+1","QueenMod:PollenBlast","QueenMod:MatingDance+1","QueenMod:DignifiedSlap","QueenMod:DignifiedSlap+1","QueenMod:IAmTheSwarm+1","QueenMod:AttackOrder+1","QueenMod:GatheringSwarm+1"],"relics":["QueenMod:QueensBanner","EVO:Axolotl","Ornamental Fan","Gambling Chip","Eternal Feather","QueenMod:Medal","Singing Bowl","Darkstone Periapt"],"acts_visited":["Exordium","TheCity"],"potions_floor_usage":[30,30],"damage_taken":[{"damage":1.0,"enemies":"2 Louse","floor":1.0,"turns":3.0},{"damage":1.0,"enemies":"Jaw Worm","floor":2.0,"turns":5.0},{"damage":0.0,"enemies":"Cultist","floor":5.0,"turns":4.0},{"damage":8.0,"enemies":"3 Louse","floor":7.0,"turns":5.0},{"damage":26.0,"enemies":"Lots of Slimes","floor":8.0,"turns":4.0},{"damage":2.0,"enemies":"Blue Slaver","floor":12.0,"turns":5.0},{"damage":6.0,"enemies":"Lagavulin","floor":13.0,"turns":8.0},{"damage":2.0,"enemies":"Slime Boss","floor":16.0,"turns":10.0},{"damage":6.0,"enemies":"Shell Parasite","floor":18.0,"turns":6.0},{"damage":5.0,"enemies":"3 Byrds","floor":20.0,"turns":6.0},{"damage":40.0,"enemies":"Shelled Parasite and Fungi","floor":22.0,"turns":6.0},{"damage":40,"enemies":"Sentry and Sphere","floor":24,"turns":7},{"damage":7,"enemies":"Chosen and Byrds","floor":28,"turns":6},{"damage":18,"enemies":"Snake Plant","floor":30,"turns":2}],"seed_played":"8610031084821619729","potions_obtained":[{"floor":2.0,"key":"AttackPotion"},{"floor":7.0,"key":"LiquidBronze"},{"floor":12.0,"key":"Weak Potion"},{"floor":13.0,"key":"DuplicationPotion"},{"floor":28,"key":"SpeedPotion"}],"is_trial":false,"path_per_floor":["M","M","?","$","M","R","M","M","T","T","R","M","E","?","R","B",null,"M","?","M","$","M","R","M","R","T","?","M","R","M"],"character_chosen":"THE_QUEEN","items_purchased":["Singing Bowl"],"campfire_rested":0,"item_purchase_floors":[21],"current_hp_per_floor":[81,80,80,80,80,80,72,46,46,46,46,44,38,22,31,29,82,76,76,71,71,33,42,4,13,13,13,6,15,0,0],"gold":123,"neow_bonus":"TEN_PERCENT_HP_BONUS","is_daily":false,"chose_seed":false,"campfire_upgraded":6,"win_rate":0.0,"timestamp":1609592188,"path_taken":["M","M","?","$","M","R","M","M","T","?","R","?","E","?","R","BOSS","M","?","M","$","M","R","?","R","T","?","M","R","M"],"items_purchased_type":["Relic"],"build_version":"2020-12-22","purchased_purges":0,"victory":false,"max_hp_per_floor":[82,82,82,82,82,82,82,82,82,82,82,82,82,82,82,82,82,82,82,82,82,84,84,86,86,86,86,86,86,86,86],"card_choices":[{"not_picked":["QueenMod:Fortify","QueenMod:HoneycombSmash"],"picked":"QueenMod:GnatSquadron","floor":1.0},{"not_picked":["QueenMod:Fleche","QueenMod:Regroup"],"picked":"QueenMod:Incubate","floor":2.0},{"not_picked":["QueenMod:Garrison","QueenMod:PopulateOrder"],"picked":"QueenMod:GatheringSwarm","floor":5.0},{"not_picked":["QueenMod:Garrison","QueenMod:AttackOrder"],"picked":"QueenMod:PollenBlast","floor":7.0},{"not_picked":["QueenMod:StrategicGenius","QueenMod:Infest"],"picked":"QueenMod:MatingDance","floor":8.0},{"not_picked":["QueenMod:SplitStrike","QueenMod:ScoutingParty"],"picked":"QueenMod:DignifiedSlap","floor":12.0},{"not_picked":["QueenMod:Gather","QueenMod:Mark"],"picked":"QueenMod:DignifiedSlap","floor":13.0},{"not_picked":["QueenMod:SwarmTactics","QueenMod:RoyalBanquet"],"picked":"QueenMod:IAmTheSwarm","floor":16.0},{"not_picked":["QueenMod:HoneyTrap","QueenMod:CrossGuard","QueenMod:PopulateOrder+1"],"picked":"SKIP","floor":18.0},{"not_picked":["QueenMod:HoneycombSmash","QueenMod:Parry"],"picked":"QueenMod:AttackOrder+1","floor":20.0},{"not_picked":["QueenMod:PopulateOrder","QueenMod:Ambush+1","QueenMod:Incubate"],"picked":"Singing Bowl","floor":22.0},{"not_picked":["QueenMod:DefendOrder","QueenMod:CrossGuard+1","QueenMod:Parry"],"picked":"Singing Bowl","floor":24},{"not_picked":["QueenMod:PheremoneSwap","QueenMod:CrossGuard"],"picked":"QueenMod:GatheringSwarm","floor":28}],"player_experience":1771482,"relics_obtained":[{"floor":9.0,"key":"Ornamental Fan"},{"floor":10.0,"key":"Gambling Chip"},{"floor":13.0,"key":"Eternal Feather"},{"floor":26,"key":"Darkstone Periapt"}],"event_choices":[{"damage_healed":0.0,"max_hp_gain":0.0,"max_hp_loss":0.0,"gold_gain":0.0,"event_name":"Shining Light","player_choice":"Entered Light","floor":14.0,"gold_loss":0.0,"damage_taken":16.0,"cards_upgraded":["QueenMod:Strike","QueenMod:DignifiedSlap"]},{"damage_healed":0,"gold_gain":0,"player_choice":"Simplicity","damage_taken":0,"max_hp_gain":0,"max_hp_loss":0,"event_name":"Back to Basics","floor":27,"gold_loss":0,"cards_upgraded":["QueenMod:Strike","QueenMod:Strike","QueenMod:Defend","QueenMod:Defend","QueenMod:Defend"]}],"is_beta":false,"boss_relics":[{"not_picked":["Pandora\u0027s Box","Cursed Key"],"picked":"QueenMod:Medal"}],"items_purged_floors":[],"is_endless":false,"potions_floor_spawned":[2,7,12,13,28],"killed_by":"Snake Plant","ascension_level":0}}