{"host":"zhec3g4cvsmevugl","time":1609565370,"event":{"mods":["BaseMod","BetterRewards","Curses Come First","Minty Spire (QoL Compilation)","Relic Stats","Slay-I","StSLib"],"gold_per_floor":[114,128,128,128,303,329,344,42,42,76,95,95,110,140,140,245,245,258,183,183,183,193,193,204,204,258,258,274,189,189,223,223,323,323,343,82,82,97,114,142,142,169,169,18,34,63,82,2,2,2],"floor_reached":51,"playtime":2317,"items_purged":[],"score":913,"play_id":"9d304e07-6032-4316-8996-8c36d50c8e1d","local_time":"20210102132930","is_ascension_mode":true,"campfire_choices":[{"data":"Double Energy","floor":12.0,"key":"SMITH"},{"data":"Reinforced Body","floor":15.0,"key":"SMITH"},{"data":"Hyperbeam","floor":23.0,"key":"SMITH"},{"data":"Aggregate","floor":25.0,"key":"SMITH"},{"floor":27.0,"key":"REST"},{"floor":32.0,"key":"REST"},{"floor":41.0,"key":"REST"},{"floor":49,"key":"REST"}],"circlet_count":0,"master_deck":["Zap","Dualcast","Steam","Ball Lightning","Cold Snap","Beam Cell","Double Energy+1","Darkness","Reinforced Body+1","Storm+1","Hyperbeam+1","Static Discharge+1","Cold Snap","Biased Cognition+1","Multi-Cast","Electrodynamics+1","Coolheaded","Biased Cognition+1","Aggregate+1","Self Repair+1","Static Discharge+1","Creative AI+1","Rip and Tear","Coolheaded","Meteor Strike","Rebound+1","Chill+1","Parasite","Conserve Battery","Glacier+1","Steam+1","Sunder+1","FTL+1","Machine Learning+1","Cold Snap+1","Hyperbeam","Coolheaded+1","Sunder+1","Turbo+1","Capacitor+1"],"relics":["Cracked Core","NeowsBlessing","FossilizedHelix","DataDisk","Strange Spoon","Darkstone Periapt","Matryoshka","Frozen Egg 2","Pandora\u0027s Box","MutagenicStrength","Regal Pillow","Vajra","Nunchaku","Bottled Lightning","Nuclear Battery","Eternal Feather","Blue Candle","Bottled Flame","Anchor","Mummified Hand","Orrery","Bronze Scales"],"acts_visited":["Exordium","TheCity","TheBeyond"],"potions_floor_usage":[],"damage_taken":[{"damage":0.0,"enemies":"Small Slimes","floor":1.0,"turns":1.0},{"damage":0.0,"enemies":"2 Louse","floor":2.0,"turns":1.0},{"damage":0.0,"enemies":"3 Sentries","floor":6.0,"turns":1.0},{"damage":0.0,"enemies":"Jaw Worm","floor":7.0,"turns":3.0},{"damage":9.0,"enemies":"Gremlin Nob","floor":10.0,"turns":5.0},{"damage":0.0,"enemies":"Lots of Slimes","floor":11.0,"turns":3.0},{"damage":0.0,"enemies":"Red Slaver","floor":13.0,"turns":3.0},{"damage":0.0,"enemies":"Lagavulin","floor":14.0,"turns":5.0},{"damage":34.0,"enemies":"The Guardian","floor":16.0,"turns":13.0},{"damage":20.0,"enemies":"2 Thieves","floor":18.0,"turns":3.0},{"damage":10.0,"enemies":"Shell Parasite","floor":22.0,"turns":4.0},{"damage":20.0,"enemies":"Centurion and Healer","floor":24.0,"turns":4.0},{"damage":0.0,"enemies":"Snecko","floor":28.0,"turns":3.0},{"damage":0.0,"enemies":"Book of Stabbing","floor":31.0,"turns":3.0},{"damage":51.0,"enemies":"Automaton","floor":33.0,"turns":6.0},{"damage":29.0,"enemies":"3 Darklings","floor":35.0,"turns":4.0},{"damage":15.0,"enemies":"Orb Walker","floor":38.0,"turns":3.0},{"damage":31.0,"enemies":"Writhing Mass","floor":39.0,"turns":5.0},{"damage":12.0,"enemies":"Nemesis","floor":40.0,"turns":3.0},{"damage":59.0,"enemies":"Giant Head","floor":42.0,"turns":8.0},{"damage":5.0,"enemies":"4 Shapes","floor":45.0,"turns":3.0},{"damage":13,"enemies":"Reptomancer","floor":46,"turns":5},{"damage":13,"enemies":"Sphere and 2 Shapes","floor":47,"turns":3},{"damage":37,"enemies":"Donu and Deca","floor":50,"turns":4}],"seed_played":"4884407797556674317","potions_obtained":[{"floor":11.0,"key":"LiquidBronze"},{"floor":13.0,"key":"DistilledChaos"},{"floor":14.0,"key":"SpeedPotion"},{"floor":18.0,"key":"EssenceOfSteel"},{"floor":38.0,"key":"ColorlessPotion"},{"floor":39.0,"key":"Weak Potion"},{"floor":40.0,"key":"PowerPotion"},{"floor":42.0,"key":"FearPotion"},{"floor":47,"key":"FairyPotion"}],"is_trial":false,"path_per_floor":["M","M","?","?","?","E","M","$","T","E","M","R","M","E","R","B",null,"M","?","?","?","M","R","M","R","T","R","M","?","?","E","R","B",null,"M","$","?","M","M","E","R","E","T","$","M","E","M","$","R","B",null],"character_chosen":"DEFECT","items_purchased":["DataDisk","Strange Spoon","Eternal Feather","Orrery","Capacitor+1"],"campfire_rested":4,"item_purchase_floors":[8,8,36,44,48],"current_hp_per_floor":[75,75,75,60,60,60,60,60,60,51,51,51,51,51,51,17,75,55,55,55,55,55,55,45,45,45,75,75,75,61,61,80,39,80,61,61,61,56,41,39,86,37,37,37,42,39,26,26,86,59],"gold":2,"neow_bonus":"THREE_ENEMY_KILL","is_daily":false,"chose_seed":false,"campfire_upgraded":4,"win_rate":0.0,"timestamp":1609565370,"path_taken":["M","M","?","?","?","E","M","?","T","E","M","R","?","E","R","BOSS","M","?","?","?","?","R","M","R","T","R","M","?","?","E","R","BOSS","M","$","?","?","M","E","R","E","T","?","M","E","M","$","R","BOSS"],"items_purchased_type":["Relic","Relic","Relic","Relic","Card"],"build_version":"2020-12-22","purchased_purges":0,"victory":true,"max_hp_per_floor":[75,75,75,75,75,75,75,75,75,75,75,75,75,75,75,75,75,75,75,75,75,75,75,75,75,75,75,75,75,80,80,80,80,80,80,80,80,80,86,86,86,86,86,86,86,86,86,86,86,86],"relic_stats":{"Darkstone Periapt":6,"Strange Spoon":[5],"Regal Pillow":38,"Nunchaku":[5],"counters":[37,145],"Mummified Hand":[48],"Blue Candle":[0],"Bronze Scales":[21],"Pandora\u0027s Box":["Static Discharge","Cold Snap","Biased Cognition","Multi-Cast","Electrodynamics","Coolheaded","Biased Cognition","Aggregate"],"Eternal Feather":42,"obtain_stats":[{"Darkstone Periapt":9,"Regal Pillow":26,"CeramicFish":5,"Vajra":26,"Nunchaku":29,"Matryoshka":10,"Mummified Hand":43,"WingedGreaves":0,"Cracked Core":0,"Inserter":17,"NeowsBlessing":0,"Blue Candle":40,"Oddly Smooth Stone":9,"Eternal Feather":36,"Frozen Egg 2":14,"Nuclear Battery":34,"Strange Spoon":8,"DataDisk":8,"Bottled Flame":42,"Anchor":43,"MutagenicStrength":20,"Bronze Scales":46,"Orrery":44,"Pandora\u0027s Box":17,"Bottled Lightning":31,"FossilizedHelix":6},{"Darkstone Periapt":17,"Regal Pillow":25,"CeramicFish":4,"Vajra":25,"Nunchaku":26,"Matryoshka":18,"Mummified Hand":33,"WingedGreaves":0,"Cracked Core":0,"Inserter":10,"NeowsBlessing":13,"Blue Candle":32,"Oddly Smooth Stone":5,"Eternal Feather":29,"Frozen Egg 2":21,"Nuclear Battery":28,"Strange Spoon":17,"DataDisk":17,"Bottled Flame":33,"Anchor":33,"MutagenicStrength":12,"Bronze Scales":35,"Orrery":33,"Pandora\u0027s Box":22,"Bottled Lightning":27,"FossilizedHelix":16},{"Darkstone Periapt":55,"Regal Pillow":95,"CeramicFish":10,"Vajra":95,"Nunchaku":98,"Matryoshka":60,"Mummified Hand":130,"WingedGreaves":0,"Cracked Core":0,"Inserter":34,"NeowsBlessing":49,"Blue Candle":122,"Oddly Smooth Stone":13,"Eternal Feather":111,"Frozen Egg 2":71,"Nuclear Battery":107,"Strange Spoon":55,"DataDisk":55,"Bottled Flame":130,"Anchor":130,"MutagenicStrength":43,"Bronze Scales":138,"Orrery":130,"Pandora\u0027s Box":84,"Bottled Lightning":101,"FossilizedHelix":52}]},"card_choices":[{"not_picked":["Hologram","Rebound"],"picked":"Steam","floor":1.0},{"not_picked":["Stack","Conserve Battery"],"picked":"Ball Lightning","floor":2.0},{"not_picked":["Consume","Meteor Strike"],"picked":"Cold Snap","floor":6.0},{"not_picked":["Barrage","Sweeping Beam"],"picked":"Beam Cell","floor":7.0},{"not_picked":["Cold Snap","Steam Power"],"picked":"Double Energy","floor":10.0},{"not_picked":["Turbo","Double Energy"],"picked":"Darkness","floor":11.0},{"not_picked":["Gash","Creative AI"],"picked":"Reinforced Body","floor":13.0},{"not_picked":["Conserve Battery","Fission"],"picked":"Storm+1","floor":14.0},{"not_picked":["Core Surge","Buffer+1"],"picked":"Hyperbeam","floor":16.0},{"not_picked":["Stack","Cold Snap"],"picked":"Self Repair+1","floor":18.0},{"not_picked":["Ball Lightning","Gash+1"],"picked":"Static Discharge+1","floor":22.0},{"not_picked":["Sweeping Beam","Barrage"],"picked":"Creative AI+1","floor":24.0},{"not_picked":["Melter","Scrape+1"],"picked":"Rip and Tear","floor":28.0},{"not_picked":["Storm+1","Streamline"],"picked":"Coolheaded","floor":31.0},{"not_picked":["Rainbow","Reboot"],"picked":"Meteor Strike","floor":33.0},{"not_picked":["Darkness+1","Barrage+1"],"picked":"Rebound+1","floor":35.0},{"not_picked":["Go for the Eyes","Turbo+1"],"picked":"Chill+1","floor":38.0},{"not_picked":["Go for the Eyes","Turbo+1"],"picked":"Conserve Battery","floor":39.0},{"not_picked":["Leap","Cold Snap+1"],"picked":"Glacier+1","floor":40.0},{"not_picked":["Double Energy+1","Tempest+1"],"picked":"Steam+1","floor":42.0},{"not_picked":["Hologram+1","Stack+1"],"picked":"Sunder+1","floor":44.0},{"not_picked":["Steam","Hello World+1"],"picked":"FTL+1","floor":44.0},{"not_picked":["Gash","Storm+1"],"picked":"Machine Learning+1","floor":44.0},{"not_picked":["Storm+1","Chill"],"picked":"Cold Snap+1","floor":44.0},{"not_picked":["Melter+1","Blizzard"],"picked":"Hyperbeam","floor":44.0},{"not_picked":["Streamline","Rip and Tear"],"picked":"Coolheaded+1","floor":45.0},{"not_picked":["Static Discharge+1","Beam Cell"],"picked":"Sunder+1","floor":46},{"not_picked":["Gash","Beam Cell"],"picked":"Turbo+1","floor":47}],"player_experience":207148,"relics_obtained":[{"floor":6.0,"key":"FossilizedHelix"},{"floor":9.0,"key":"Darkstone Periapt"},{"floor":10.0,"key":"Matryoshka"},{"floor":14.0,"key":"Frozen Egg 2"},{"floor":26.0,"key":"Regal Pillow"},{"floor":26.0,"key":"Vajra"},{"floor":31.0,"key":"Bottled Lightning"},{"floor":40.0,"key":"Blue Candle"},{"floor":42.0,"key":"Bottled Flame"},{"floor":43.0,"key":"Anchor"},{"floor":43.0,"key":"Mummified Hand"},{"floor":46,"key":"Bronze Scales"}],"event_choices":[{"damage_healed":0.0,"max_hp_gain":0.0,"max_hp_loss":0.0,"gold_gain":0.0,"event_name":"The Cleric","player_choice":"Leave","floor":3.0,"gold_loss":0.0,"damage_taken":0.0},{"damage_healed":0.0,"max_hp_gain":0.0,"max_hp_loss":0.0,"gold_gain":0.0,"event_name":"Shining Light","player_choice":"Entered Light","floor":4.0,"gold_loss":0.0,"damage_taken":15.0,"cards_upgraded":["Defend_B","Defend_B"]},{"damage_healed":0.0,"max_hp_gain":0.0,"max_hp_loss":0.0,"gold_gain":175.0,"event_name":"Liars Game","player_choice":"AGREE","floor":5.0,"gold_loss":0.0,"damage_taken":0.0,"cards_obtained":["Doubt"]},{"cards_removed":["Doubt"],"damage_healed":0.0,"max_hp_gain":0.0,"max_hp_loss":0.0,"gold_gain":0.0,"event_name":"Beggar","player_choice":"Gave Gold","floor":19.0,"gold_loss":75.0,"damage_taken":0.0},{"damage_healed":0.0,"max_hp_gain":0.0,"max_hp_loss":0.0,"gold_gain":0.0,"event_name":"Ghosts","player_choice":"Ignored","floor":20.0,"gold_loss":0.0,"damage_taken":0.0},{"damage_healed":0.0,"max_hp_gain":0.0,"max_hp_loss":0.0,"gold_gain":0.0,"event_name":"Drug Dealer","player_choice":"Inject Mutagens","floor":21.0,"gold_loss":0.0,"damage_taken":0.0,"relics_obtained":["MutagenicStrength"]},{"damage_healed":0.0,"max_hp_gain":0.0,"max_hp_loss":0.0,"gold_gain":0.0,"event_name":"Addict","player_choice":"Obtained Relic","floor":29.0,"gold_loss":85.0,"damage_taken":0.0,"relics_obtained":["Nunchaku"]},{"damage_healed":0.0,"max_hp_gain":5.0,"max_hp_loss":0.0,"gold_gain":0.0,"event_name":"Forgotten Altar","player_choice":"Shed Blood","floor":30.0,"gold_loss":0.0,"damage_taken":19.0},{"damage_healed":0.0,"max_hp_gain":0.0,"max_hp_loss":0.0,"gold_gain":0.0,"event_name":"Purifier","player_choice":"Ignored","floor":37.0,"gold_loss":0.0,"damage_taken":0.0}],"is_beta":false,"boss_relics":[{"not_picked":["Runic Pyramid","Fusion Hammer"],"picked":"Pandora\u0027s Box"},{"not_picked":["SlaversCollar","Empty Cage"],"picked":"Nuclear Battery"}],"items_purged_floors":[],"is_endless":false,"potions_floor_spawned":[11,13,14,18,38,39,40,42,47],"ascension_level":1}}