{"host":"640uue19m79c7wbt","time":1609618095,"event":{"mods":["BaseMod","Colored Map","Googly Eyes","Highlight Path","Minty Spire (QoL Compilation)","Quick Restart","StSLib"],"gold_per_floor":[118,193,4,4,14,45,45,45,45,77,91,91,123,149,149,248,248,265,265,276,375,375,375,375],"floor_reached":23,"playtime":801,"items_purged":["Strike_G"],"score":299,"play_id":"1fce6528-2c1c-4a1e-9105-ca758c1a6d7b","local_time":"20210102150815","is_ascension_mode":true,"campfire_choices":[{"data":"Predator","floor":7.0,"key":"SMITH"},{"floor":12,"key":"REST"},{"data":"Skewer","floor":15,"key":"SMITH"}],"circlet_count":0,"master_deck":["Strike_G","Strike_G","Strike_G","Strike_G","Defend_G","Defend_G","Defend_G","Defend_G","Defend_G","Survivor","Neutralize","Outmaneuver","Backstab","Accuracy","Predator+1","Dash+1","PiercingWail","Skewer+1","Riddle With Holes","Tools of the Trade","Cloak And Dagger","Infinite Blades+1"],"relics":["Ring of the Snake","NeowsBlessing","Calipers","Eternal Feather","Tiny Chest","MealTicket","Snake Skull","SacredBark","MutagenicStrength","Bag of Marbles"],"acts_visited":["Exordium","TheCity"],"potions_floor_usage":[13,16,20,23],"damage_taken":[{"damage":0.0,"enemies":"Small Slimes","floor":1.0,"turns":1.0},{"damage":0.0,"enemies":"2 Louse","floor":5.0,"turns":1.0},{"damage":0.0,"enemies":"Gremlin Nob","floor":6.0,"turns":1.0},{"damage":30,"enemies":"Lagavulin","floor":10,"turns":7},{"damage":0,"enemies":"Jaw Worm","floor":11,"turns":3},{"damage":16,"enemies":"Gremlin Nob","floor":13,"turns":3},{"damage":33,"enemies":"The Guardian","floor":16,"turns":12},{"damage":26,"enemies":"3 Byrds","floor":18,"turns":6},{"damage":0,"enemies":"Shell Parasite","floor":20,"turns":1},{"damage":16,"enemies":"Gremlin Leader","floor":23,"turns":3}],"seed_played":"6933695427130095140","potions_obtained":[{"floor":10,"key":"SkillPotion"},{"floor":13,"key":"LiquidMemories"},{"floor":16,"key":"Fire Potion"},{"floor":20,"key":"Strength Potion"}],"is_trial":false,"path_per_floor":["M","?","$","?","M","E","R","?","T","E","M","R","E","T","R","B",null,"M","?","M","?","T","E"],"character_chosen":"THE_SILENT","items_purchased":["Backstab","Accuracy"],"campfire_rested":1,"item_purchase_floors":[3,3],"current_hp_per_floor":[63,52,52,57,57,57,57,57,57,27,27,58,42,42,51,18,61,35,35,35,35,35,19,19],"gold":375,"neow_bonus":"THREE_ENEMY_KILL","is_daily":false,"chose_seed":false,"campfire_upgraded":2,"win_rate":0.0,"timestamp":1609618095,"path_taken":["M","?","$","?","M","E","R","?","T","E","M","R","E","?","R","BOSS","M","?","M","?","?","E"],"items_purchased_type":["Card","Card"],"build_version":"2020-12-22","purchased_purges":1,"victory":false,"max_hp_per_floor":[70,70,70,75,75,75,75,75,75,75,75,75,75,75,75,75,75,75,75,75,75,75,75,75],"card_choices":[{"not_picked":["Quick Slash","Deadly Poison"],"picked":"Outmaneuver","floor":1.0},{"not_picked":["Cloak And Dagger","Backflip"],"picked":"Predator","floor":5.0},{"not_picked":["Deflect","Sucker Punch"],"picked":"Dash","floor":6.0},{"not_picked":["Catalyst","Setup"],"picked":"PiercingWail","floor":10},{"not_picked":["Distraction","Cloak And Dagger"],"picked":"Skewer","floor":11},{"not_picked":["Calculated Gamble","Grand Finale"],"picked":"Riddle With Holes","floor":13},{"not_picked":["After Image","A Thousand Cuts"],"picked":"Tools of the Trade","floor":16},{"not_picked":["Flying Knee","Quick Slash"],"picked":"Cloak And Dagger","floor":18},{"not_picked":["Underhanded Strike","Phantasmal Killer"],"picked":"Infinite Blades+1","floor":20}],"player_experience":553839,"relics_obtained":[{"floor":6.0,"key":"Calipers"},{"floor":9,"key":"Eternal Feather"},{"floor":10,"key":"Tiny Chest"},{"floor":13,"key":"MealTicket"},{"floor":14,"key":"Snake Skull"},{"floor":22,"key":"Bag of Marbles"}],"event_choices":[{"damage_healed":0.0,"max_hp_gain":0.0,"max_hp_loss":0.0,"gold_gain":75.0,"event_name":"World of Goop","player_choice":"Gather Gold","floor":2.0,"gold_loss":0.0,"damage_taken":11.0},{"damage_healed":0.0,"max_hp_gain":5.0,"max_hp_loss":0.0,"gold_gain":0.0,"event_name":"Big Fish","player_choice":"Donut","floor":4.0,"gold_loss":0.0,"damage_taken":0.0},{"damage_healed":0,"gold_gain":0,"player_choice":"Grow","damage_taken":0,"max_hp_gain":0,"max_hp_loss":0,"event_name":"Living Wall","floor":8,"gold_loss":0,"cards_upgraded":["Dash"]},{"damage_healed":0,"gold_gain":0,"player_choice":"Inject Mutagens","damage_taken":0,"relics_obtained":["MutagenicStrength"],"max_hp_gain":0,"max_hp_loss":0,"event_name":"Drug Dealer","floor":19,"gold_loss":0},{"damage_healed":0,"gold_gain":99,"player_choice":"Stole From Cult","damage_taken":0,"max_hp_gain":0,"max_hp_loss":0,"event_name":"Nest","floor":21,"gold_loss":0}],"is_beta":false,"boss_relics":[{"not_picked":["Cursed Key","Fusion Hammer"],"picked":"SacredBark"}],"items_purged_floors":[3],"is_endless":false,"potions_floor_spawned":[10,13,16,20],"killed_by":"Gremlin Leader","ascension_level":6}}