{"host":"s46wxd55b7oh5kab","time":1609572327,"event":{"mods":["2.2 Compatiblity","BaseMod","Minty Spire (QoL Compilation)","StSLib","The Cursed"],"gold_per_floor":[118,43,43,143,105,134,154,187,187,187,220,220,50,50,50,150,150,168,6,6,19,19,54,54,72,72,72,4,17,346,358,358,460,460,460],"floor_reached":34,"playtime":2093,"items_purged":["TheCursedMod:Strike_TheCursed","TheCursedMod:Defend_TheCursed","TheCursedMod:Strike_TheCursed"],"score":454,"play_id":"c102cfa8-2b92-4f01-b4ab-3b39d2d17bc2","local_time":"20210102162527","is_ascension_mode":false,"campfire_choices":[{"data":"TheCursedMod:Hemoplague","floor":10.0,"key":"SMITH"},{"data":"TheCursedMod:TroublousMinions","floor":15,"key":"SMITH"},{"data":"TheCursedMod:CollectTribute","floor":24,"key":"SMITH"},{"data":"TheCursedMod:CursedBlade","floor":27,"key":"SMITH"},{"data":"TheCursedMod:DarkBarrier","floor":32,"key":"SMITH"}],"circlet_count":0,"master_deck":["TheCursedMod:CursedWand","TheCursedMod:CleanUpWorkshop+1","TheCursedMod:Dregs","TheCursedMod:StingEye+1","TheCursedMod:Hemoplague+1","TheCursedMod:CircleOfBlood+1","TheCursedMod:CursedBlade+1","TheCursedMod:TroublousMinions+1","TheCursedMod:HellfireBreathing+1","TheCursedMod:CollectTribute+1","TheCursedMod:CircleOfWindfury+1","TheCursedMod:Hemoplague+1","TheCursedMod:VitalStrike","TheCursedMod:BlessingInDisguise+1","TheCursedMod:Stigma+1","TheCursedMod:CircleOfCorruption+1","TheCursedMod:DemonSword","TheCursedMod:LuckyCharm","TheCursedMod:CircleOfAmplification+1","TheCursedMod:DarkBarrier+1","TheCursedMod:DemonicPact","TheCursedMod:Stretching","TheCursedMod:CircleOfBlood"],"relics":["TheCursedMod:BlackMagic101","NeowsBlessing","Mercury Hourglass","Anchor","Matryoshka","Ginger","Astrolabe","MutagenicStrength","War Paint","Strawberry","Mummified Hand","Kunai","Old Coin","Pandora\u0027s Box"],"acts_visited":["Exordium","TheCity"],"potions_floor_usage":[23,33,33],"damage_taken":[{"damage":0.0,"enemies":"Small Slimes","floor":1.0,"turns":1.0},{"damage":0.0,"enemies":"Lagavulin","floor":6.0,"turns":1.0},{"damage":0.0,"enemies":"Cultist","floor":7.0,"turns":1.0},{"damage":5.0,"enemies":"Gremlin Nob","floor":8.0,"turns":4.0},{"damage":7,"enemies":"Lagavulin","floor":11,"turns":8},{"damage":18,"enemies":"Hexaghost","floor":16,"turns":9},{"damage":22,"enemies":"Spheric Guardian","floor":18,"turns":4},{"damage":1,"enemies":"2 Thieves","floor":21,"turns":3},{"damage":0,"enemies":"Slavers","floor":23,"turns":2},{"damage":0,"enemies":"Shelled Parasite and Fungi","floor":25,"turns":3},{"damage":1,"enemies":"Cultist and Chosen","floor":29,"turns":4},{"damage":4,"enemies":"Book of Stabbing","floor":30,"turns":4},{"damage":18,"enemies":"Snake Plant","floor":31,"turns":3},{"damage":19,"enemies":"Collector","floor":33,"turns":5}],"seed_played":"9109115610413376611","potions_obtained":[{"floor":6.0,"key":"DistilledChaos"},{"floor":7.0,"key":"Swift Potion"},{"floor":18,"key":"Fruit Juice"},{"floor":29,"key":"AttackPotion"}],"is_trial":false,"path_per_floor":["M","$","?","?","$","E","M","E","T","R","E","?","$","?","R","B",null,"M","$","?","M","?","E","R","M","T","R","$","M","E","M","R","B",null],"character_chosen":"THE_CURSED","items_purchased":["TheCursedMod:Hemoplague","TheCursedMod:HellfireBreathing","TheCursedMod:BlessingInDisguise","TheCursedMod:DemonSword"],"campfire_rested":0,"item_purchase_floors":[5,13,19,28],"current_hp_per_floor":[75,75,60,60,60,60,60,61,61,61,54,54,54,54,54,40,75,53,53,53,60,60,71,71,82,82,82,82,81,78,64,64,63,63,63],"gold":460,"neow_bonus":"THREE_ENEMY_KILL","is_daily":false,"chose_seed":false,"campfire_upgraded":5,"win_rate":0.0,"timestamp":1609572327,"path_taken":["M","$","?","?","$","E","?","E","T","R","E","?","$","?","R","BOSS","M","?","?","M","?","E","R","?","T","R","$","M","E","M","R","BOSS"],"items_purchased_type":["Card","Card","Card","Card"],"build_version":"2020-12-22","purchased_purges":3,"victory":false,"max_hp_per_floor":[75,75,75,75,75,75,75,75,75,75,75,75,75,75,75,75,75,75,75,75,75,75,82,82,82,82,82,82,82,82,82,82,82,82,82],"card_choices":[{"not_picked":["TheCursedMod:SmokeScreen","TheCursedMod:Stretching"],"picked":"TheCursedMod:StingEye","floor":1.0},{"not_picked":["TheCursedMod:Obscuration","TheCursedMod:SoulCrush"],"picked":"TheCursedMod:CircleOfBlood","floor":6.0},{"not_picked":["TheCursedMod:SmokeScreen","TheCursedMod:CircleOfBlood"],"picked":"TheCursedMod:CursedBlade","floor":7.0},{"not_picked":["TheCursedMod:Hemoplague","TheCursedMod:SmokeScreen","TheCursedMod:Wield"],"picked":"SKIP","floor":8.0},{"not_picked":["TheCursedMod:CircleOfFlame","TheCursedMod:FleshFromBone"],"picked":"TheCursedMod:TroublousMinions","floor":11},{"not_picked":["TheCursedMod:CircleOfAbyss","TheCursedMod:CursedRelics"],"picked":"TheCursedMod:CollectTribute","floor":16},{"not_picked":["TheCursedMod:Wield","TheCursedMod:RapidMovement"],"picked":"TheCursedMod:VitalStrike","floor":18},{"not_picked":["TheCursedMod:CircleOfCorruption","TheCursedMod:CircleOfFocus"],"picked":"TheCursedMod:Stigma+1","floor":21},{"not_picked":["TheCursedMod:RapidMovement","TheCursedMod:FleshFromBone","TheCursedMod:Stretching"],"picked":"SKIP","floor":23},{"not_picked":["TheCursedMod:Stigma+1","TheCursedMod:RapidMovement"],"picked":"TheCursedMod:CircleOfCorruption+1","floor":25},{"not_picked":["TheCursedMod:SmokeScreen","TheCursedMod:Hemoplague"],"picked":"TheCursedMod:LuckyCharm","floor":29},{"not_picked":["TheCursedMod:SmokeScreen+1","TheCursedMod:Obscuration+1"],"picked":"TheCursedMod:CircleOfAmplification+1","floor":30},{"not_picked":["TheCursedMod:Grudge+1","TheCursedMod:CircleOfCorruption"],"picked":"TheCursedMod:DarkBarrier","floor":31},{"not_picked":["TheCursedMod:DemonSword","TheCursedMod:ParallelWorld"],"picked":"TheCursedMod:DemonicPact","floor":33}],"player_experience":81505,"relics_obtained":[{"floor":6.0,"key":"Mercury Hourglass"},{"floor":8.0,"key":"Anchor"},{"floor":9.0,"key":"Matryoshka"},{"floor":11,"key":"Ginger"},{"floor":23,"key":"Strawberry"},{"floor":26,"key":"Mummified Hand"},{"floor":26,"key":"Kunai"},{"floor":30,"key":"Old Coin"}],"event_choices":[{"damage_healed":0.0,"max_hp_gain":0.0,"max_hp_loss":0.0,"gold_gain":0.0,"event_name":"Shining Light","player_choice":"Entered Light","floor":3.0,"gold_loss":0.0,"damage_taken":15.0,"cards_upgraded":["TheCursedMod:Defend_TheCursed","TheCursedMod:StingEye"]},{"damage_healed":0.0,"max_hp_gain":0.0,"max_hp_loss":0.0,"gold_gain":100.0,"event_name":"Golden Shrine","player_choice":"Pray","floor":4.0,"gold_loss":0.0,"damage_taken":0.0},{"damage_healed":0,"gold_gain":0,"player_choice":"Grow","damage_taken":0,"max_hp_gain":0,"max_hp_loss":0,"event_name":"Living Wall","floor":12,"gold_loss":0,"cards_upgraded":["TheCursedMod:CircleOfBlood"]},{"damage_healed":0,"gold_gain":0,"player_choice":"Forge","damage_taken":0,"max_hp_gain":0,"max_hp_loss":0,"event_name":"Accursed Blacksmith","floor":14,"gold_loss":0,"cards_upgraded":["TheCursedMod:HellfireBreathing"]},{"damage_healed":0,"gold_gain":0,"player_choice":"Inject Mutagens","damage_taken":0,"relics_obtained":["MutagenicStrength"],"max_hp_gain":0,"max_hp_loss":0,"event_name":"Drug Dealer","floor":20,"gold_loss":0},{"cards_removed":["TheCursedMod:RavingStaff"],"damage_healed":0,"gold_gain":0,"player_choice":"Gave Card","damage_taken":0,"relics_obtained":["War Paint"],"max_hp_gain":0,"max_hp_loss":0,"event_name":"WeMeetAgain","floor":22,"gold_loss":0}],"is_beta":false,"boss_relics":[{"not_picked":["Runic Dome","Coffee Dripper"],"picked":"Astrolabe"},{"not_picked":["Calling Bell","Velvet Choker"],"picked":"Pandora\u0027s Box"}],"items_purged_floors":[2,13,19],"is_endless":false,"potions_floor_spawned":[6,7,18,29,30,31],"ascension_level":0}}