{"host":"at64dhdf9kc8hjax","time":1609629071,"event":{"mods":["Act Like it!","BaseMod","Dota2Spire","Friendly Minions","Gensokyo","Highlight Path","Minty Spire (QoL Compilation)","Quick Restart","RumiaBox-露米娅的神秘盒子","Spicy Shops","StSLib","SuperFastMode","【遗物卡牌】REMEMod"],"gold_per_floor":[111,124,142,162,175,208,208,226,226,226,4,4,29,70,70,147,147,165,165,184,184,196,223,223,322,349,349,349,359,386,403,403,482,482,497,513,523,823,839,839,851,867,867,55,65,65,75,108,108,108],"floor_reached":51,"playtime":3412,"items_purged":["Strike_G","Parasite"],"score":1288,"play_id":"a8a9d726-f5fc-473a-8ce8-5b9aaaebcb71","local_time":"20210103071111","is_ascension_mode":true,"campfire_choices":[{"data":"Prepared","floor":10.0,"key":"SMITH"},{"data":"Juggernaut","floor":12.0,"key":"SMITH"},{"floor":15.0,"key":"REST"},{"data":"Tools of the Trade","floor":24.0,"key":"SMITH"},{"data":"Dodge and Roll","floor":28.0,"key":"SMITH"},{"data":"Prepared","floor":32.0,"key":"SMITH"},{"data":"Backflip","floor":40.0,"key":"SMITH"},{"data":"Acrobatics","floor":46,"key":"SMITH"},{"data":"Reflex","floor":49,"key":"SMITH"}],"circlet_count":0,"master_deck":["AscendersBane","Strike_G","Strike_G","Strike_G+1","Strike_G","Defend_G","Defend_G","Defend_G","Defend_G","Defend_G","Survivor","Neutralize","Juggernaut+1","Prepared+1","Deflect","Prepared+1","Underhanded Strike","Neutralize","Corpse Explosion","Dagger Spray","Dodge and Roll+1","Tools of the Trade+1","Backflip+1","Dodge and Roll+1","REME_GreenPollution","Die Die Die+1","Panacea","Acrobatics+1","Adrenaline","Backflip+1","Adrenaline","Reflex+1","Tools of the Trade","Footwork+1","Leg Sweep+1","Master of Strategy","Flash of Steel","Reflex+1"],"relics":["Ring of the Snake","REME_ComplimentaryCards","REME_LimitBreaker","Dota2Spire:Vanguard","Membership Card","Bag of Marbles","Mercury Hourglass","Dota2Spire:Bloodstone","Dota2Spire:BladeMail","PreservedInsect","White Beast Statue","HoveringKite","MagicDraw4","TungstenRod","Dota2Spire:MonkeyKingBar","ClockworkSouvenir","Orrery","Whetstone","Dota2Spire:UrnOfShadows","Snake Skull"],"acts_visited":["Exordium","TheCity","TheBeyond"],"potions_floor_usage":[41,50,50,50,50],"damage_taken":[{"damage":0.0,"enemies":"2 Louse","floor":1.0,"turns":4.0},{"damage":0.0,"enemies":"Cultist","floor":2.0,"turns":4.0},{"damage":0.0,"enemies":"Jaw Worm","floor":3.0,"turns":5.0},{"damage":3.0,"enemies":"Large Slime","floor":4.0,"turns":8.0},{"damage":6.0,"enemies":"3 Louse","floor":5.0,"turns":5.0},{"damage":46.0,"enemies":"3 Sentries","floor":6.0,"turns":9.0},{"damage":7.0,"enemies":"Gremlin Gang","floor":8.0,"turns":2.0},{"damage":7.0,"enemies":"Gremlin Nob","floor":13.0,"turns":4.0},{"damage":0.0,"enemies":"Red Slaver","floor":14.0,"turns":3.0},{"damage":10.0,"enemies":"The Guardian","floor":16.0,"turns":10.0},{"damage":0.0,"enemies":"Chosen","floor":18.0,"turns":4.0},{"damage":15.0,"enemies":"Spheric Guardian","floor":20.0,"turns":4.0},{"damage":5.0,"enemies":"Shelled Parasite and Fungi","floor":22.0,"turns":4.0},{"damage":22.0,"enemies":"REME_1_Revenger","floor":23.0,"turns":5.0},{"damage":0.0,"enemies":"Centurion and Healer","floor":29.0,"turns":3.0},{"damage":3.0,"enemies":"Book of Stabbing","floor":30.0,"turns":4.0},{"damage":0.0,"enemies":"Chosen and Byrds","floor":31.0,"turns":3.0},{"damage":12.0,"enemies":"Automaton","floor":33.0,"turns":7.0},{"damage":0.0,"enemies":"Orb Walker","floor":35.0,"turns":3.0},{"damage":0.0,"enemies":"3 Darklings","floor":36.0,"turns":2.0},{"damage":0.0,"enemies":"Writhing Mass","floor":37.0,"turns":5.0},{"damage":0.0,"enemies":"Maw","floor":39.0,"turns":6.0},{"damage":12,"enemies":"Transient","floor":41,"turns":5},{"damage":0,"enemies":"Jaw Worm Horde","floor":42,"turns":3},{"damage":2,"enemies":"Writhing Mass","floor":45,"turns":4},{"damage":0,"enemies":"4 Shapes","floor":47,"turns":2},{"damage":0,"enemies":"Reptomancer","floor":48,"turns":2},{"damage":2,"enemies":"Time Eater","floor":50,"turns":5}],"seed_played":"363006386964890209","potions_obtained":[{"floor":3.0,"key":"REME_GoldPotion"},{"floor":5.0,"key":"Fire Potion"},{"floor":8.0,"key":"Dota2Spire:Clarity"},{"floor":13.0,"key":"SkillPotion"},{"floor":14.0,"key":"Regen Potion"},{"floor":18.0,"key":"FearPotion"},{"floor":29.0,"key":"EntropicBrew"},{"floor":31.0,"key":"BlessingOfTheForge"},{"floor":33.0,"key":"Dota2Spire:HealingSalve"},{"floor":35.0,"key":"BlessingOfTheForge"},{"floor":36.0,"key":"Ancient Potion"},{"floor":37.0,"key":"EntropicBrew"},{"floor":41,"key":"Block Potion"}],"is_trial":false,"path_per_floor":["M","M","M","M","M","E","?","M","T","R","$","R","E","M","R","B",null,"M","?","M","?","M","E","R","?","T","?","R","M","E","M","R","B",null,"M","M","M","?","M","R","M","M","T","$","M","R","M","E","R","B",null],"character_chosen":"THE_SILENT","items_purchased":["Membership Card","Bag of Marbles","TungstenRod","Dota2Spire:MonkeyKingBar","ClockworkSouvenir","Orrery","Whetstone","Master of Strategy","Dota2Spire:UrnOfShadows","Flash of Steel","SkillPotion"],"campfire_rested":1,"item_purchase_floors":[11,11,44,44,44,44,44,44,44,44,44],"current_hp_per_floor":[70,70,70,67,61,15,15,8,8,8,8,8,1,1,24,29,65,65,65,50,50,45,23,23,23,23,23,23,23,20,20,20,29,65,65,65,65,65,65,65,53,53,53,53,53,53,53,55,55,61],"gold":108,"neow_bonus":"TEN_PERCENT_HP_BONUS","is_daily":false,"chose_seed":false,"campfire_upgraded":8,"win_rate":0.0,"timestamp":1609629071,"path_taken":["M","M","M","M","M","E","?","?","T","R","?","R","E","M","R","BOSS","M","?","M","?","M","E","R","?","T","?","R","M","E","M","R","BOSS","M","?","M","?","M","R","?","M","T","$","?","R","M","E","R","BOSS"],"items_purchased_type":["Relic","Relic","Relic","Relic","Relic","Relic","Relic","Card","Relic","Card","Potion"],"build_version":"2020-12-22","purchased_purges":2,"victory":true,"max_hp_per_floor":[77,77,77,77,77,77,77,77,77,77,77,77,77,77,77,77,77,77,77,77,77,77,77,77,77,77,77,77,77,77,77,77,77,77,77,77,77,77,77,77,77,77,77,74,74,74,74,74,74,74],"card_choices":[{"not_picked":["Deflect","All Out Attack","Flying Knee"],"picked":"SKIP","floor":1.0},{"not_picked":["PiercingWail","Dodge and Roll","Blade Dance"],"picked":"SKIP","floor":2.0},{"not_picked":["Slice","Underhanded Strike"],"picked":"Prepared","floor":3.0},{"not_picked":["Outmaneuver","REME_GrazeFinale"],"picked":"Deflect","floor":4.0},{"not_picked":["Sucker Punch","Heel Hook"],"picked":"Prepared","floor":5.0},{"not_picked":["Crippling Poison","Catalyst","Blade Dance"],"picked":"SKIP","floor":6.0},{"not_picked":["Choke","Deadly Poison"],"picked":"Dagger Spray","floor":8.0},{"not_picked":["Flechettes","Underhanded Strike"],"picked":"Dodge and Roll","floor":13.0},{"not_picked":["Infinite Blades","Eviscerate","Deadly Poison"],"picked":"SKIP","floor":14.0},{"not_picked":["Wraith Form v2","REME_CopyPotion"],"picked":"Tools of the Trade","floor":16.0},{"not_picked":["Cloak And Dagger","Expertise","Outmaneuver"],"picked":"SKIP","floor":18.0},{"not_picked":["Bane","Masterful Stab","Sucker Punch"],"picked":"SKIP","floor":20.0},{"not_picked":["Dagger Spray","Unload"],"picked":"Dodge and Roll+1","floor":22.0},{"not_picked":["Bane","Flying Knee","Finisher"],"picked":"SKIP","floor":23.0},{"not_picked":["Prepared","PiercingWail"],"picked":"Acrobatics","floor":29.0},{"not_picked":["Deflect","Quick Slash","Choke"],"picked":"SKIP","floor":30.0},{"not_picked":["Heel Hook","Underhanded Strike","Catalyst"],"picked":"SKIP","floor":31.0},{"not_picked":["Storm of Steel","Unload"],"picked":"Adrenaline","floor":33.0},{"not_picked":["Dagger Throw","Bane","PiercingWail+1"],"picked":"SKIP","floor":35.0},{"not_picked":["Deadly Poison","Finisher","Quick Slash"],"picked":"SKIP","floor":36.0},{"not_picked":["Slice","Noxious Fumes","Infinite Blades"],"picked":"SKIP","floor":37.0},{"not_picked":["PiercingWail","Poisoned Stab"],"picked":"Backflip+1","floor":39.0},{"not_picked":["Underhanded Strike","Bane"],"picked":"Adrenaline","floor":41},{"not_picked":["Finisher","Escape Plan","Cloak And Dagger"],"picked":"SKIP","floor":42},{"not_picked":["Slice+1","Dash"],"picked":"Reflex+1","floor":44},{"not_picked":["Underhanded Strike","Backflip"],"picked":"Tools of the Trade","floor":44},{"not_picked":["Backflip+1","Deadly Poison"],"picked":"Footwork+1","floor":44},{"not_picked":["Concentrate","Sucker Punch"],"picked":"Leg Sweep+1","floor":44},{"not_picked":["Dagger Spray","All Out Attack+1","Dagger Throw"],"picked":"SKIP","floor":45},{"not_picked":["Dagger Spray","Poisoned Stab+1","Flying Knee"],"picked":"SKIP","floor":47},{"not_picked":["Predator","Deflect"],"picked":"Reflex","floor":48}],"player_experience":232350,"relics_obtained":[{"floor":6.0,"key":"REME_LimitBreaker"},{"floor":9.0,"key":"Dota2Spire:Vanguard"},{"floor":13.0,"key":"Mercury Hourglass"},{"floor":23.0,"key":"Dota2Spire:BladeMail"},{"floor":26.0,"key":"PreservedInsect"},{"floor":30.0,"key":"White Beast Statue"},{"floor":43,"key":"MagicDraw4"},{"floor":48,"key":"Snake Skull"}],"event_choices":[{"damage_healed":0.0,"max_hp_gain":0.0,"max_hp_loss":0.0,"gold_gain":0.0,"event_name":"Match and Keep!","player_choice":"3 cards matched","floor":7.0,"gold_loss":0.0,"damage_taken":0.0,"cards_obtained":["Underhanded Strike","Neutralize","Corpse Explosion"]},{"damage_healed":0.0,"max_hp_gain":0.0,"max_hp_loss":0.0,"gold_gain":0.0,"event_name":"Match and Keep!","player_choice":"3 cards matched","floor":7.0,"gold_loss":0.0,"damage_taken":0.0,"cards_obtained":["Underhanded Strike","Neutralize","Corpse Explosion"]},{"damage_healed":0.0,"max_hp_gain":0.0,"max_hp_loss":0.0,"gold_gain":0.0,"event_name":"Ghosts","player_choice":"Ignored","floor":19.0,"gold_loss":0.0,"damage_taken":0.0},{"damage_healed":0.0,"max_hp_gain":0.0,"max_hp_loss":0.0,"gold_gain":0.0,"event_name":"The Library","player_choice":"Read","floor":21.0,"gold_loss":0.0,"damage_taken":0.0,"cards_obtained":["Backflip"]},{"damage_healed":0.0,"max_hp_gain":0.0,"max_hp_loss":0.0,"gold_gain":99.0,"event_name":"Nest","player_choice":"Stole From Cult","floor":25.0,"gold_loss":0.0,"damage_taken":0.0},{"damage_healed":0.0,"max_hp_gain":0.0,"max_hp_loss":0.0,"gold_gain":0.0,"event_name":"Match and Keep!","player_choice":"3 cards matched","floor":27.0,"gold_loss":0.0,"damage_taken":0.0,"cards_obtained":["REME_GreenPollution","Die Die Die","Panacea"]},{"damage_healed":0.0,"max_hp_gain":0.0,"max_hp_loss":0.0,"gold_gain":300.0,"event_name":"Wheel of Change","player_choice":"Gold","floor":38.0,"gold_loss":0.0,"damage_taken":0.0}],"is_beta":false,"boss_relics":[{"not_picked":["Runic Dome","Ring of the Serpent"],"picked":"Dota2Spire:Bloodstone"},{"not_picked":["REME_DemonsWealth","AddBug"],"picked":"HoveringKite"}],"items_purged_floors":[11,44],"is_endless":false,"potions_floor_spawned":[3,5,8,13,14,18,29,31,33,35,36,37,39,41,42,45,47,48],"ascension_level":13}}