{"host":"82vjcvwyw2j7afb1","time":1609597953,"event":{"mods":["BaseMod","Colored Map","DeckTracker","Keyboard Shortcuts","Minty Spire (QoL Compilation)","Permanent Neow","Quick Restart","StSLib","SuperFastMode","everything is the same but u backflip on backflip"],"gold_per_floor":[214,214,35,110,124,124,144,144,191,191,171,186,186,202,202,332,332,346,346,362,362,362,362,392,392,392],"floor_reached":25,"playtime":672,"items_purged":[],"score":240,"play_id":"bc484761-2f74-4015-871d-a5f90097ed91","local_time":"20210102233233","is_ascension_mode":true,"campfire_choices":[{"floor":6.0,"key":"REST"},{"data":"Bash","floor":8.0,"key":"SMITH"},{"data":"Inflame","floor":10.0,"key":"SMITH"},{"data":"Heavy Blade","floor":13.0,"key":"SMITH"},{"data":"Seeing Red","floor":15.0,"key":"SMITH"},{"data":"Limit Break","floor":23.0,"key":"SMITH"}],"circlet_count":0,"master_deck":["Strike_R","Strike_R","Strike_R","Strike_R","Strike_R","Defend_R","Defend_R","Defend_R","Defend_R","Bash+1","Inflame+1","Armaments","Thunderclap","Second Wind","Heavy Blade+1","Seeing Red+1","Exhume","Flex","Limit Break+1","Armaments+1","Ghostly Armor"],"relics":["Burning Blood","Vajra","Juzu Bracelet","Sozu","Nloth\u0027s Gift","InkBottle","Blue Candle"],"acts_visited":["Exordium","TheCity"],"potions_floor_usage":[],"damage_taken":[{"damage":7.0,"enemies":"Small Slimes","floor":1.0,"turns":4.0},{"damage":0.0,"enemies":"2 Louse","floor":5.0,"turns":2.0},{"damage":9.0,"enemies":"Jaw Worm","floor":7.0,"turns":3.0},{"damage":0.0,"enemies":"Large Slime","floor":12.0,"turns":4.0},{"damage":22.0,"enemies":"Exordium Thugs","floor":14.0,"turns":3.0},{"damage":49.0,"enemies":"The Guardian","floor":16.0,"turns":8.0},{"damage":2.0,"enemies":"Chosen","floor":18.0,"turns":3.0},{"damage":30.0,"enemies":"Shell Parasite","floor":20.0,"turns":5.0},{"damage":50.0,"enemies":"Book of Stabbing","floor":24.0,"turns":5.0},{"damage":31,"enemies":"Snecko","floor":25,"turns":4}],"seed_played":"-1165176272353577330","potions_obtained":[{"floor":1.0,"key":"SpeedPotion"},{"floor":5.0,"key":"PowerPotion"},{"floor":11.0,"key":"FearPotion"}],"is_trial":false,"path_per_floor":["M","?","$","?","M","R","M","R","T","R","?","M","R","M","R","B",null,"M","?","M","?","T","R","E","M"],"character_chosen":"IRONCLAD","items_purchased":["Vajra","Armaments"],"campfire_rested":1,"item_purchase_floors":[3,3],"current_hp_per_floor":[79,59,59,48,54,78,75,75,75,75,75,80,80,64,64,21,80,80,80,56,56,56,56,12,0,0],"gold":392,"neow_bonus":"HUNDRED_GOLD","is_daily":false,"chose_seed":false,"campfire_upgraded":5,"win_rate":0.0,"timestamp":1609597953,"path_taken":["M","?","$","?","M","R","?","R","T","R","?","M","R","M","R","BOSS","M","?","M","?","?","R","E","M"],"items_purchased_type":["Relic","Card"],"build_version":"2020-12-22","purchased_purges":0,"victory":false,"max_hp_per_floor":[80,80,80,80,80,80,80,80,80,80,80,80,80,80,80,80,80,80,80,80,80,80,80,80,80,80],"card_choices":[{"not_picked":["Evolve","Burning Pact"],"picked":"Inflame","floor":1.0},{"not_picked":["Wild Strike","Shockwave"],"picked":"Thunderclap","floor":5.0},{"not_picked":["Sword Boomerang","Thunderclap"],"picked":"Second Wind","floor":7.0},{"not_picked":["Thunderclap","Carnage"],"picked":"Heavy Blade","floor":12.0},{"not_picked":["Twin Strike","Feel No Pain"],"picked":"Seeing Red","floor":14.0},{"not_picked":["Fiend Fire","Impervious"],"picked":"Exhume","floor":16.0},{"not_picked":["Iron Wave","Warcry"],"picked":"Flex","floor":18.0},{"not_picked":["Bloodletting","Headbutt"],"picked":"Armaments+1","floor":20.0},{"not_picked":["Fiend Fire","Dark Embrace"],"picked":"Ghostly Armor","floor":24.0}],"player_experience":46927,"relics_obtained":[{"floor":9.0,"key":"Juzu Bracelet"},{"floor":22.0,"key":"InkBottle"},{"floor":24.0,"key":"Blue Candle"}],"event_choices":[{"damage_healed":0.0,"max_hp_gain":0.0,"max_hp_loss":0.0,"gold_gain":0.0,"event_name":"Golden Idol","player_choice":"Take Damage","floor":2.0,"gold_loss":0.0,"damage_taken":20.0,"relics_obtained":["Golden Idol"]},{"damage_healed":0.0,"max_hp_gain":0.0,"max_hp_loss":0.0,"gold_gain":75.0,"event_name":"World of Goop","player_choice":"Gather Gold","floor":4.0,"gold_loss":0.0,"damage_taken":11.0},{"damage_healed":0.0,"max_hp_gain":0.0,"max_hp_loss":0.0,"gold_gain":0.0,"event_name":"The Woman in Blue","player_choice":"Bought 1 Potion","floor":11.0,"gold_loss":0.0,"damage_taken":0.0},{"damage_healed":0.0,"max_hp_gain":0.0,"max_hp_loss":0.0,"gold_gain":0.0,"event_name":"Match and Keep!","player_choice":"1 cards matched","floor":19.0,"gold_loss":0.0,"damage_taken":0.0,"cards_obtained":["Limit Break"]},{"damage_healed":0.0,"max_hp_gain":0.0,"max_hp_loss":0.0,"gold_gain":0.0,"event_name":"N\u0027loth","player_choice":"Traded Relic","floor":21.0,"relics_lost":["Golden Idol"],"gold_loss":0.0,"damage_taken":0.0,"relics_obtained":["Nloth\u0027s Gift"]}],"is_beta":false,"boss_relics":[{"not_picked":["Snecko Eye","Coffee Dripper"],"picked":"Sozu"}],"items_purged_floors":[],"is_endless":false,"potions_floor_spawned":[1,5],"killed_by":"Snecko","ascension_level":3}}