{"host":"eav5i5w47nlnv2l1","time":1609557313,"event":{"mods":["BaseMod","Minty Spire (QoL Compilation)"],"gold_per_floor":[216,34,54,54,72,72,97,114,114,129,158,158,171,203,203,299,299,318,90,101,115,125,125,136,150,229,249,249,98,116,134,134,236,236,252,271,9,9,9],"floor_reached":38,"playtime":3070,"items_purged":["Strike_P"],"score":429,"play_id":"fa27f985-34bf-45d2-b303-fd8d8ba8f333","local_time":"20210101221513","is_ascension_mode":false,"campfire_choices":[{"data":"Eruption","floor":6,"key":"SMITH"},{"floor":12,"key":"REST"},{"data":"Study","floor":15,"key":"SMITH"},{"floor":23,"key":"REST"},{"floor":28,"key":"REST"},{"floor":32,"key":"REST"}],"circlet_count":0,"master_deck":["Strike_P","Strike_P","Strike_P","Defend_P","Defend_P","Defend_P","Defend_P","Eruption+1","Vigilance","Panache","Crescendo","ConjureBlade","Perseverance","Study+1","Alpha","Halt","Evaluate","ClearTheMind+1","SpiritShield","Regret","Fasting2+1","Ragnarok","SashWhip+1"],"relics":["PureWater","Singing Bowl","Ornamental Fan","Yang","Bird Faced Urn","Cursed Key","Bag of Marbles","Mercury Hourglass","Oddly Smooth Stone","Mummified Hand"],"acts_visited":["Exordium","TheCity","TheBeyond"],"potions_floor_usage":[5,7,8,13,20,22,24,33,33,33],"damage_taken":[{"damage":1,"enemies":"Jaw Worm","floor":1,"turns":3},{"damage":0,"enemies":"Small Slimes","floor":3,"turns":2},{"damage":0,"enemies":"2 Louse","floor":5,"turns":1},{"damage":31,"enemies":"Lagavulin","floor":7,"turns":5},{"damage":9,"enemies":"Blue Slaver","floor":8,"turns":6},{"damage":2,"enemies":"Looter","floor":10,"turns":4},{"damage":14,"enemies":"Gremlin Nob","floor":11,"turns":3},{"damage":4,"enemies":"Large Slime","floor":13,"turns":4},{"damage":0,"enemies":"Lagavulin","floor":14,"turns":4},{"damage":20,"enemies":"Slime Boss","floor":16,"turns":6},{"damage":35,"enemies":"2 Thieves","floor":18,"turns":4},{"damage":20,"enemies":"Chosen","floor":20,"turns":5},{"damage":5,"enemies":"Shelled Parasite and Fungi","floor":21,"turns":5},{"damage":8,"enemies":"Sentry and Sphere","floor":22,"turns":7},{"damage":2,"enemies":"Cultist and Chosen","floor":24,"turns":5},{"damage":18,"enemies":"Shelled Parasite and Fungi","floor":25,"turns":11},{"damage":32,"enemies":"Snake Plant","floor":27,"turns":6},{"damage":40,"enemies":"Snecko","floor":30,"turns":11},{"damage":8,"enemies":"Chosen and Byrds","floor":31,"turns":7},{"damage":20,"enemies":"Champ","floor":33,"turns":8},{"damage":20,"enemies":"Orb Walker","floor":35,"turns":6},{"damage":34,"enemies":"3 Shapes","floor":36,"turns":3},{"damage":46,"enemies":"Writhing Mass","floor":38,"turns":3}],"seed_played":"768529456709375599","potions_obtained":[{"floor":1,"key":"Strength Potion"},{"floor":5,"key":"DistilledChaos"},{"floor":7,"key":"Regen Potion"},{"floor":8,"key":"Regen Potion"},{"floor":14,"key":"SteroidPotion"},{"floor":21,"key":"ColorlessPotion"},{"floor":22,"key":"BottledMiracle"},{"floor":25,"key":"Strength Potion"},{"floor":27,"key":"EssenceOfSteel"},{"floor":30,"key":"ColorlessPotion"}],"is_trial":false,"path_per_floor":["M","$","M","$","M","R","E","M","T","M","E","R","M","E","R","B",null,"M","$","M","M","M","R","M","M","T","M","R","$","M","M","R","B",null,"M","M","$","M"],"character_chosen":"WATCHER","items_purchased":["Panache","Bag of Marbles","Oddly Smooth Stone","Mummified Hand"],"campfire_rested":4,"item_purchase_floors":[2,19,29,37],"current_hp_per_floor":[71,71,71,71,71,71,40,48,48,46,32,54,61,61,61,43,76,49,49,33,32,30,54,58,44,44,18,42,42,8,6,31,19,84,70,42,42,0,0],"gold":9,"neow_bonus":"HUNDRED_GOLD","is_daily":false,"chose_seed":false,"campfire_upgraded":2,"win_rate":0.0,"timestamp":1609557313,"path_taken":["M","$","M","$","M","R","E","M","T","M","E","R","M","E","R","BOSS","M","$","M","M","M","R","M","M","T","M","R","$","M","M","R","BOSS","M","M","$","M"],"items_purchased_type":["Card","Relic","Relic","Relic"],"build_version":"2020-12-22","purchased_purges":1,"victory":false,"max_hp_per_floor":[72,72,72,72,72,72,72,74,74,74,74,74,76,76,76,76,76,78,78,78,78,80,80,80,80,80,82,82,82,84,84,84,84,84,86,86,86,86,86],"card_choices":[{"not_picked":["LikeWater","BowlingBash","WheelKick"],"picked":"SKIP","floor":1},{"not_picked":["FlurryOfBlows","ThirdEye","Weave"],"picked":"SKIP","floor":3},{"not_picked":["CarveReality","FlurryOfBlows","CutThroughFate"],"picked":"SKIP","floor":5},{"not_picked":["PathToVictory","BowlingBash"],"picked":"Crescendo","floor":7},{"not_picked":["Vengeance","FlyingSleeves","CrushJoints"],"picked":"Singing Bowl","floor":8},{"not_picked":["BowlingBash","Tantrum"],"picked":"ConjureBlade","floor":10},{"not_picked":["CutThroughFate","ThirdEye"],"picked":"Perseverance","floor":11},{"not_picked":["SashWhip","CutThroughFate","Protect"],"picked":"Singing Bowl","floor":13},{"not_picked":["EmptyMind","FlurryOfBlows"],"picked":"Study","floor":14},{"not_picked":["Blasphemy","LessonLearned"],"picked":"Alpha","floor":16},{"not_picked":["Vengeance+1","Evaluate","BowlingBash"],"picked":"Singing Bowl","floor":18},{"not_picked":["ClearTheMind","Vengeance"],"picked":"Halt","floor":20},{"not_picked":["Conclude","EmptyBody"],"picked":"Evaluate","floor":21},{"not_picked":["JustLucky","ThirdEye","SignatureMove"],"picked":"Singing Bowl","floor":22},{"not_picked":["FlurryOfBlows","CutThroughFate"],"picked":"ClearTheMind+1","floor":24},{"not_picked":["ClearTheMind+1","FollowUp"],"picked":"SpiritShield","floor":25},{"not_picked":["FearNoEvil","CarveReality","Vengeance"],"picked":"Singing Bowl","floor":27},{"not_picked":["Vengeance","FlyingSleeves","PathToVictory"],"picked":"Singing Bowl","floor":30},{"not_picked":["Consecrate","BowlingBash"],"picked":"Fasting2+1","floor":31},{"not_picked":["Wish","Omniscience"],"picked":"Ragnarok","floor":33},{"not_picked":["ForeignInfluence+1","Protect","CutThroughFate"],"picked":"Singing Bowl","floor":35},{"not_picked":["Evaluate+1","ThirdEye"],"picked":"SashWhip+1","floor":36}],"player_experience":1426753,"relics_obtained":[{"floor":7,"key":"Singing Bowl"},{"floor":9,"key":"Ornamental Fan"},{"floor":11,"key":"Yang"},{"floor":14,"key":"Bird Faced Urn"},{"floor":26,"key":"Mercury Hourglass"}],"event_choices":[],"is_beta":false,"boss_relics":[{"not_picked":["Fusion Hammer","Pandora\u0027s Box"],"picked":"Cursed Key"},{"not_picked":["Busted Crown","Runic Dome","Runic Pyramid"]}],"items_purged_floors":[19],"is_endless":false,"potions_floor_spawned":[1,5,7,8,14,21,22,25,27,30],"killed_by":"Writhing Mass","ascension_level":0}}