{"host":"16bdbdkejmwbwkj8","time":1609619444,"event":{"mods":["BaseMod","Colored Map","Downfall","Minty Spire (QoL Compilation)","StSLib"],"gold_per_floor":[115,115,134,134,146,146,146,157,171,171,171,171,171],"floor_reached":12,"playtime":685,"items_purged":[],"score":70,"play_id":"9ce08371-13a9-45ae-a626-19d7d0353a0b","local_time":"20210102153044","is_ascension_mode":false,"campfire_choices":[{"data":"sneckomod:Unknown0Cost","floor":10,"key":"SMITH"}],"circlet_count":0,"master_deck":["sneckomod:Strike","sneckomod:Strike","sneckomod:Strike","sneckomod:Defend","sneckomod:Defend","sneckomod:Defend+1","sneckomod:TailWhip+1","sneckomod:SnekBite","sneckomod:Unknown","sneckomod:Unknown+1","sneckomod:IronFang","sneckomod:UnknownCommonSkill","sneckomod:UnknownClassTHE_CHAMP_GRAY","Enlightenment","sneckomod:SerpentIdol","sneckomod:Unknown0Cost+1"],"relics":["sneckomod:SneckoSoul","Blue Candle","Pantograph","Shuriken"],"acts_visited":["Exordium"],"potions_floor_usage":[],"damage_taken":[{"damage":5,"enemies":"Cultist","floor":1,"turns":4},{"damage":3,"enemies":"2 Louse","floor":3,"turns":2},{"damage":1,"enemies":"Jaw Worm","floor":5,"turns":2},{"damage":23,"enemies":"Exordium Thugs","floor":8,"turns":7},{"damage":30,"enemies":"Exordium Wildlife","floor":9,"turns":4},{"damage":26,"enemies":"3 Sentries","floor":12,"turns":3}],"seed_played":"-3455899266857198685","potions_obtained":[{"floor":8,"key":"Regen Potion"}],"is_trial":false,"path_per_floor":["M","?","M","?","M","?","T","M","M","R","T","E"],"character_chosen":"THE_SNECKO","items_purchased":[],"campfire_rested":0,"item_purchase_floors":[],"current_hp_per_floor":[94,94,92,85,85,85,85,62,39,39,39,13,13],"gold":171,"neow_bonus":"TEN_PERCENT_HP_BONUS","is_daily":false,"chose_seed":false,"campfire_upgraded":1,"win_rate":0.0,"timestamp":1609619444,"path_taken":["M","?","M","?","M","?","T","?","M","R","?","E"],"items_purchased_type":[],"build_version":"2020-12-22","purchased_purges":0,"victory":false,"max_hp_per_floor":[99,99,100,100,101,101,101,101,102,102,102,102,102],"card_choices":[{"not_picked":["sneckomod:QuickBite","sneckomod:UnknownVulnerable"],"picked":"sneckomod:IronFang","floor":1},{"not_picked":["sneckomod:QuickMove","sneckomod:SlitherStrike"],"picked":"sneckomod:UnknownCommonSkill","floor":3},{"not_picked":["sneckomod:DefensiveFlair","sneckomod:UnknownBlock"],"picked":"sneckomod:UnknownClassTHE_CHAMP_GRAY","floor":5},{"not_picked":["sneckomod:UnknownUncommonPower","sneckomod:Unknown2Cost"],"picked":"sneckomod:SerpentIdol","floor":8},{"not_picked":["sneckomod:UnknownCommonSkill","sneckomod:UnknownUncommonAttack"],"picked":"sneckomod:Unknown0Cost","floor":9}],"player_experience":96403,"relics_obtained":[{"floor":7,"key":"Pantograph"},{"floor":11,"key":"Shuriken"}],"event_choices":[{"damage_healed":0,"gold_gain":0,"player_choice":"Success","damage_taken":7,"relics_obtained":["Blue Candle"],"max_hp_gain":0,"max_hp_loss":0,"event_name":"Scrap Ooze","floor":4,"gold_loss":0},{"cards_removed":["Regret"],"damage_healed":0,"gold_gain":0,"player_choice":"Took Card","damage_taken":0,"max_hp_gain":0,"max_hp_loss":0,"event_name":"NoteForYourself","floor":6,"gold_loss":0,"cards_obtained":["Enlightenment"]}],"is_beta":false,"boss_relics":[],"items_purged_floors":[],"is_endless":false,"potions_floor_spawned":[8],"killed_by":"3 Sentries","ascension_level":0}}