{"host":"fzn1jjfx8cn42vwe","time":1609547677,"event":{"mods":["2.2 Compatiblity","AchievementEnabler","BaseMod","Block Reminder","Minty Spire (QoL Compilation)","Practice Mode","Shade Mod","Shop Mod","StSLib","The Administrix","The Cursed","The Florist"],"gold_per_floor":[114,114,124,135,145,177,177,177,177],"floor_reached":8,"playtime":496,"items_purged":[],"score":58,"play_id":"bb88e63a-2f38-4498-99ca-c62cd595d938","local_time":"20210102083437","daily_mods":["Elite Swarm","Uncertain Future"],"is_ascension_mode":false,"campfire_choices":[{"data":"Agrypnos:SunZenith","floor":7,"key":"SMITH"}],"circlet_count":0,"master_deck":["Agrypnos:BasicStrike","Agrypnos:BasicStrike","Agrypnos:BasicStrike","Agrypnos:BasicDefend","Agrypnos:BasicDefend","Agrypnos:BasicDefend","Agrypnos:BasicDefend","Agrypnos:Dandelion","Agrypnos:Trowel","Agrypnos:Rose","Agrypnos:Shell","Agrypnos:Rue","Agrypnos:SunZenith+1"],"relics":["Agrypnos:Floristry","Lizard Tail"],"acts_visited":["Exordium"],"potions_floor_usage":[6],"damage_taken":[{"damage":7,"enemies":"2 Louse","floor":1,"turns":3},{"damage":5,"enemies":"Cultist","floor":3,"turns":4},{"damage":6,"enemies":"Jaw Worm","floor":4,"turns":3},{"damage":11,"enemies":"Gremlin Gang","floor":5,"turns":7},{"damage":34,"enemies":"Gremlin Nob","floor":6,"turns":5},{"damage":0,"enemies":"3 Sentries","floor":8,"turns":1}],"seed_played":"-4152016021241462394","potions_obtained":[{"floor":1,"key":"Weak Potion"},{"floor":3,"key":"Dexterity Potion"},{"floor":4,"key":"Swift Potion"}],"is_trial":true,"path_per_floor":["M","?","M","M","M","E","R","E"],"character_chosen":"THE_FLORIST","items_purchased":[],"campfire_rested":0,"item_purchase_floors":[],"current_hp_per_floor":[63,63,58,52,41,7,7,7,7],"gold":177,"neow_bonus":"","is_daily":false,"chose_seed":false,"campfire_upgraded":1,"win_rate":0.0,"timestamp":1609547677,"path_taken":["M","?","M","M","?","E","R","E"],"items_purchased_type":[],"build_version":"2020-12-22","purchased_purges":0,"victory":false,"max_hp_per_floor":[70,70,70,70,70,70,70,70,70],"card_choices":[{"not_picked":["Agrypnos:RustyShear","Agrypnos:FloralScent","Agrypnos:Tumbleweed"],"picked":"SKIP","floor":1},{"not_picked":["Agrypnos:Cattail","Agrypnos:Leaf"],"picked":"Agrypnos:Rose","floor":3},{"not_picked":["Agrypnos:Rose","Agrypnos:FloralScent"],"picked":"Agrypnos:Shell","floor":4},{"not_picked":["Agrypnos:Till","Agrypnos:Wolfsbane"],"picked":"Agrypnos:Rue","floor":5},{"not_picked":["Agrypnos:Sunbeam","Agrypnos:Verdancy"],"picked":"Agrypnos:SunZenith","floor":6}],"player_experience":73992,"relics_obtained":[{"floor":6,"key":"Lizard Tail"}],"event_choices":[{"cards_removed":["Agrypnos:BasicStrike"],"damage_healed":0,"gold_gain":0,"player_choice":"Purged","damage_taken":0,"max_hp_gain":0,"max_hp_loss":0,"event_name":"Purifier","floor":2,"gold_loss":0}],"is_beta":false,"boss_relics":[],"items_purged_floors":[],"is_endless":true,"potions_floor_spawned":[1,3,4],"killed_by":"3 Sentries","ascension_level":0}}