{"host":"lklj3eidp7g5an38","time":1609550581,"event":{"mods":["BaseMod","Minty Spire (QoL Compilation)","Relic Stats","StSLib"],"gold_per_floor":[115,115,128,128,145,145,178,178,251,265,340,12,12,43,43,116,116,131,131,155,170,95,109,142,142,142,1,1,31,31,57,57,57,57],"floor_reached":33,"playtime":2903,"items_purged":["Strike_R","Strike_R"],"score":545,"play_id":"f0a3c544-6ed7-4b96-91dd-71b1c65942ef","local_time":"20210102012301","is_ascension_mode":true,"campfire_choices":[{"data":"Carnage","floor":6.0,"key":"SMITH"},{"data":"Ghostly Armor","floor":8.0,"key":"SMITH"},{"floor":13.0,"key":"REST"},{"data":"Burning Pact","floor":15.0,"key":"SMITH"},{"data":"Offering","floor":25.0,"key":"SMITH"},{"floor":30.0,"key":"REST"},{"data":"Feel No Pain","floor":32.0,"key":"SMITH"}],"circlet_count":0,"master_deck":["AscendersBane","Strike_R","Strike_R","Strike_R","Defend_R","Defend_R","Defend_R","Defend_R","Bash+1","Headbutt","Ghostly Armor+1","Carnage+1","Feel No Pain+1","Reckless Charge","Burning Pact+1","Flash of Steel","Fiend Fire","Inflame+1","Feed","True Grit","Second Wind","Sever Soul+1","Offering+1","Evolve+1","Carnage"],"relics":["Burning Blood","GremlinMask","Akabeko","Frozen Egg 2","Du-Vu Doll","Busted Crown","Happy Flower","Turnip","Blue Candle","Red Mask","Lantern"],"acts_visited":["Exordium","TheCity"],"potions_floor_usage":[],"damage_taken":[{"damage":14.0,"enemies":"Jaw Worm","floor":1.0,"turns":5.0},{"damage":11.0,"enemies":"Small Slimes","floor":3.0,"turns":4.0},{"damage":0.0,"enemies":"Cultist","floor":5.0,"turns":3.0},{"damage":32.0,"enemies":"Lagavulin","floor":7.0,"turns":6.0},{"damage":6.0,"enemies":"Looter","floor":10.0,"turns":2.0},{"damage":13.0,"enemies":"Gremlin Nob","floor":14.0,"turns":3.0},{"damage":33.0,"enemies":"Hexaghost","floor":16.0,"turns":8.0},{"damage":0.0,"enemies":"3 Byrds","floor":18.0,"turns":5.0},{"damage":9.0,"enemies":"Shell Parasite","floor":21.0,"turns":4.0},{"damage":0.0,"enemies":"Snecko","floor":23.0,"turns":3.0},{"damage":17.0,"enemies":"Gremlin Leader","floor":24.0,"turns":6.0},{"damage":36.0,"enemies":"Masked Bandits","floor":29.0,"turns":5.0},{"damage":32.0,"enemies":"Slavers","floor":31.0,"turns":6.0},{"damage":70,"enemies":"Champ","floor":33,"turns":10}],"seed_played":"482160088301684223","potions_obtained":[{"floor":1.0,"key":"SmokeBomb"},{"floor":7.0,"key":"AttackPotion"},{"floor":14.0,"key":"Strength Potion"},{"floor":18.0,"key":"BloodPotion"},{"floor":29.0,"key":"Ancient Potion"}],"is_trial":false,"path_per_floor":["M","?","M","?","M","R","E","R","T","M","?","$","R","E","R","B",null,"M","?","T","M","$","M","E","R","T","$","?","?","R","E","R","B"],"character_chosen":"IRONCLAD","items_purchased":["Burning Pact","Flash of Steel","Fiend Fire","Inflame+1","Evolve+1"],"campfire_rested":2,"item_purchase_floors":[12,12,12,12,27],"current_hp_per_floor":[67,67,62,62,68,68,42,42,42,42,31,31,55,48,48,21,67,76,76,76,73,73,79,68,68,68,68,43,34,61,38,38,0,0],"gold":57,"neow_bonus":"TEN_PERCENT_HP_BONUS","is_daily":false,"chose_seed":false,"campfire_upgraded":5,"win_rate":0.0,"timestamp":1609550581,"path_taken":["M","?","M","?","M","R","E","R","T","?","?","$","R","E","R","BOSS","M","?","?","M","$","M","E","R","T","?","?","?","R","E","R","BOSS"],"items_purchased_type":["Card","Card","Card","Card","Card"],"build_version":"2020-12-22","purchased_purges":2,"victory":false,"max_hp_per_floor":[82,82,82,82,82,82,82,82,82,82,82,82,82,82,82,82,82,85,85,85,85,85,85,85,85,85,85,90,93,93,96,96,96,96],"relic_stats":{"Busted Crown":12,"Happy Flower":[11],"counters":[14,70],"Blue Candle":[0],"Turnip":[4],"obtain_stats":[{"Du-Vu Doll":14,"Lantern":31,"Busted Crown":17,"Happy Flower":20,"Blue Candle":26,"GremlinMask":4,"Turnip":24,"Red Mask":29,"Frozen Egg 2":9,"Burning Blood":0,"Akabeko":7},{"Du-Vu Doll":6,"Lantern":13,"Busted Crown":7,"Happy Flower":8,"Blue Candle":11,"GremlinMask":2,"Turnip":11,"Red Mask":12,"Frozen Egg 2":4,"Burning Blood":0,"Akabeko":4},{"Du-Vu Doll":23,"Lantern":60,"Busted Crown":31,"Happy Flower":36,"Blue Candle":49,"GremlinMask":9,"Turnip":49,"Red Mask":54,"Frozen Egg 2":18,"Burning Blood":0,"Akabeko":18}],"Burning Blood":78},"card_choices":[{"not_picked":["Intimidate","Wild Strike"],"picked":"Headbutt","floor":1.0},{"not_picked":["Wild Strike","Heavy Blade"],"picked":"Ghostly Armor","floor":3.0},{"not_picked":["Havoc","Cleave"],"picked":"Carnage","floor":5.0},{"not_picked":["Combust","Thunderclap"],"picked":"Feel No Pain","floor":7.0},{"not_picked":["Body Slam","Thunderclap"],"picked":"Reckless Charge","floor":10.0},{"not_picked":["Headbutt","Reckless Charge","Pommel Strike"],"picked":"SKIP","floor":14.0},{"not_picked":["Limit Break","Berserk+1"],"picked":"Feed","floor":16.0},{"not_picked":[],"picked":"True Grit","floor":18.0},{"not_picked":["Body Slam"],"picked":"SKIP","floor":21.0},{"not_picked":[],"picked":"Sever Soul+1","floor":23.0},{"not_picked":[],"picked":"Offering","floor":24.0},{"not_picked":[],"picked":"Carnage","floor":31.0}],"player_experience":884870,"relics_obtained":[{"floor":7.0,"key":"Akabeko"},{"floor":9.0,"key":"Frozen Egg 2"},{"floor":14.0,"key":"Du-Vu Doll"},{"floor":20.0,"key":"Happy Flower"},{"floor":24.0,"key":"Turnip"},{"floor":26.0,"key":"Blue Candle"},{"floor":29.0,"key":"Red Mask"},{"floor":31.0,"key":"Lantern"}],"event_choices":[{"damage_healed":0.0,"max_hp_gain":0.0,"max_hp_loss":0.0,"gold_gain":0.0,"event_name":"Living Wall","player_choice":"Grow","floor":2.0,"gold_loss":0.0,"damage_taken":0.0,"cards_upgraded":["Bash"]},{"damage_healed":0.0,"max_hp_gain":0.0,"max_hp_loss":0.0,"gold_gain":0.0,"event_name":"FaceTrader","player_choice":"Trade","floor":4.0,"gold_loss":0.0,"damage_taken":0.0,"relics_obtained":["GremlinMask"]},{"damage_healed":0.0,"max_hp_gain":0.0,"max_hp_loss":0.0,"gold_gain":75.0,"event_name":"World of Goop","player_choice":"Gather Gold","floor":11.0,"gold_loss":0.0,"damage_taken":11.0},{"damage_healed":0.0,"max_hp_gain":0.0,"max_hp_loss":0.0,"gold_gain":0.0,"event_name":"The Library","player_choice":"Read","floor":19.0,"gold_loss":0.0,"damage_taken":0.0,"cards_obtained":["Second Wind"]},{"damage_healed":0.0,"max_hp_gain":5.0,"max_hp_loss":0.0,"gold_gain":0.0,"event_name":"Forgotten Altar","player_choice":"Shed Blood","floor":28.0,"gold_loss":0.0,"damage_taken":30.0},{"damage_healed":0.0,"max_hp_gain":0.0,"max_hp_loss":0.0,"gold_gain":0.0,"event_name":"Masked Bandits","player_choice":"Fought Bandits","floor":29.0,"gold_loss":0.0,"damage_taken":0.0}],"is_beta":false,"boss_relics":[{"not_picked":["Sozu","Snecko Eye"],"picked":"Busted Crown"}],"items_purged_floors":[22,27],"is_endless":false,"potions_floor_spawned":[1,7,14,18,29],"killed_by":"Champ","ascension_level":16}}