{"host":"baymyijz6sxaqj5s","time":1609620564,"event":{"mods":["AchievementEnabler","BaseMod","Colored Map","Colored Powertips","DeckTracker","Highlight Path","KOR Keyword Fix","Keyboard Shortcuts","Minty Spire (QoL Compilation)","Quick Restart","StSLib","SuperFastMode"],"gold_per_floor":[112,112,112,123,135,135,135,135,135,135,150,115,90,125,125,125,125],"floor_reached":16,"playtime":523,"items_purged":[],"score":123,"play_id":"37ddda6f-5d8f-4b2e-ac80-c375dfb6a3e2","local_time":"20210103054924","is_ascension_mode":false,"campfire_choices":[{"data":"Eruption","floor":6,"key":"SMITH"},{"data":"Adaptation","floor":8,"key":"SMITH"},{"data":"Vigilance","floor":10,"key":"SMITH"},{"floor":15,"key":"REST"}],"circlet_count":0,"master_deck":["Strike_P","Strike_P","Strike_P","Strike_P","Defend_P","Defend_P","Defend_P","Defend_P","Eruption+1","Vigilance+1","EmptyFist","Adaptation+1","ThirdEye","FearNoEvil","EmptyBody+1","FlyingSleeves"],"relics":["PureWater","Oddly Smooth Stone","Anchor","Toxic Egg 2","Mango"],"acts_visited":["Exordium"],"potions_floor_usage":[14,14],"damage_taken":[{"damage":2,"enemies":"Cultist","floor":1,"turns":5},{"damage":6,"enemies":"2 Louse","floor":4,"turns":5},{"damage":8,"enemies":"Small Slimes","floor":5,"turns":3},{"damage":1,"enemies":"Blue Slaver","floor":11,"turns":5},{"damage":20,"enemies":"Lagavulin","floor":14,"turns":11},{"damage":90,"enemies":"Hexaghost","floor":16,"turns":16}],"seed_played":"2256112441470567727","potions_obtained":[{"floor":4,"key":"SteroidPotion"},{"floor":11,"key":"Block Potion"}],"is_trial":false,"path_per_floor":["M","T","?","M","M","R","?","R","T","R","M","?","$","E","R","B"],"character_chosen":"WATCHER","items_purchased":["EmptyBody+1"],"campfire_rested":1,"item_purchase_floors":[13],"current_hp_per_floor":[77,77,65,59,51,51,51,51,51,51,50,69,69,63,90,0,0],"gold":125,"neow_bonus":"TEN_PERCENT_HP_BONUS","is_daily":false,"chose_seed":false,"campfire_upgraded":3,"win_rate":0.0,"timestamp":1609620564,"path_taken":["M","?","?","M","M","R","?","R","T","R","M","?","$","E","R","BOSS"],"items_purchased_type":["Card"],"build_version":"2020-12-22","purchased_purges":0,"victory":false,"max_hp_per_floor":[79,79,79,79,79,79,79,79,79,79,79,79,79,93,93,93,93],"card_choices":[{"not_picked":["SashWhip","Protect"],"picked":"EmptyFist","floor":1},{"not_picked":["Conclude","FearNoEvil"],"picked":"Adaptation","floor":4},{"not_picked":["DeceiveReality","Evaluate"],"picked":"ThirdEye","floor":5},{"not_picked":["ReachHeaven","Fasting2"],"picked":"FearNoEvil","floor":11},{"not_picked":["Study","FollowUp"],"picked":"FlyingSleeves","floor":14}],"player_experience":305099,"relics_obtained":[{"floor":2,"key":"Oddly Smooth Stone"},{"floor":9,"key":"Toxic Egg 2"},{"floor":14,"key":"Mango"}],"event_choices":[{"damage_healed":0,"gold_gain":0,"player_choice":"Success","damage_taken":12,"relics_obtained":["Anchor"],"max_hp_gain":0,"max_hp_loss":0,"event_name":"Scrap Ooze","floor":3,"gold_loss":0},{"damage_healed":0,"gold_gain":0,"player_choice":"Ignored","damage_taken":0,"max_hp_gain":0,"max_hp_loss":0,"event_name":"Liars Game","floor":7,"gold_loss":0},{"damage_healed":19,"gold_gain":0,"player_choice":"Healed","damage_taken":0,"max_hp_gain":0,"max_hp_loss":0,"event_name":"The Cleric","floor":12,"gold_loss":35}],"is_beta":false,"boss_relics":[],"items_purged_floors":[],"is_endless":false,"potions_floor_spawned":[4,11],"killed_by":"Hexaghost","ascension_level":0}}