{"host":"fal5b55xqvompnbi","time":1609597737,"event":{"mods":["AchievementEnabler","BaseMod","BetterRewards","Downfall","Infinite Spire","Marisa????????","Minty Spire (QoL Compilation)","Replay The Spire","Shop Mod","StSLib"],"gold_per_floor":[113,127,137,137,154,154,166,166,218,229,229,242,252,252,252,382,382,397,8,8,24,42,42,42,42,42,61,84,84,84,100,100,220,220,239,239,239,279,133,133,133,133],"floor_reached":41,"playtime":2392,"items_purged":["Defend_R"],"score":537,"play_id":"3f050f57-59f2-43f6-b7dc-f4d89c01a4b0","local_time":"20210102152857","is_ascension_mode":false,"campfire_choices":[{"data":"Demon Form","floor":6,"key":"SMITH"},{"data":"Pommel Strike","floor":8,"key":"SMITH"},{"data":"Pummel","floor":11,"key":"SMITH"},{"data":"Anger","floor":15,"key":"SMITH"},{"data":"Offering","floor":23,"key":"SMITH"},{"data":"Flex","floor":25,"key":"SMITH"},{"data":"Sword Boomerang","floor":30,"key":"SMITH"},{"data":"Sword Boomerang","floor":32,"key":"SMITH"},{"data":"Pummel","floor":40,"key":"SMITH"}],"circlet_count":0,"master_deck":["Strike_R","Strike_R","Strike_R","Strike_R","Strike_R","Defend_R","Defend_R","Bash","Demon Form+1","ReplayTheSpireMod:Limb From Limb","ReplayTheSpireMod:Stacked","Clash","Offering+1","Pommel Strike+1","Pummel+1","Anger+1","Flex","Reaper","Twin Strike","Flex+1","Headbutt","Sword Boomerang+1","Pummel+1","Pommel Strike","Reaper","Rage","Sword Boomerang+1","Spot Weakness","Feed","Pommel Strike+1","infinitespire:TheBestDefense","Cleave+1","Rampage"],"relics":["Burning Blood","Mercury Hourglass","Red Skull","Golden Idol","Painkiller Herb","infinitespire:EmpoweringShard","Gremlin Horn","Mark of Pain","infinitespire:EvilPickle"],"acts_visited":["Exordium","TheCity","TheBeyond"],"potions_floor_usage":[41],"damage_taken":[{"damage":1,"enemies":"Cultist","floor":1,"turns":4},{"damage":1,"enemies":"Jaw Worm","floor":2,"turns":4},{"damage":7,"enemies":"2 Louse","floor":3,"turns":4},{"damage":7,"enemies":"Exordium Wildlife","floor":5,"turns":4},{"damage":3,"enemies":"2 Fungi Beasts","floor":7,"turns":3},{"damage":2,"enemies":"Gremlin Gang","floor":10,"turns":4},{"damage":0,"enemies":"Looter","floor":12,"turns":2},{"damage":6,"enemies":"Large Slime","floor":13,"turns":4},{"damage":41,"enemies":"The Guardian","floor":16,"turns":6},{"damage":15,"enemies":"3 Byrds","floor":18,"turns":5},{"damage":20,"enemies":"2 Thieves","floor":21,"turns":4},{"damage":15,"enemies":"Cultist and Chosen","floor":22,"turns":4},{"damage":11,"enemies":"Snake Plant","floor":27,"turns":2},{"damage":21,"enemies":"Centurion and Healer","floor":28,"turns":4},{"damage":10,"enemies":"Snecko","floor":31,"turns":3},{"damage":53,"enemies":"Pondfish","floor":33,"turns":6},{"damage":26,"enemies":"3 Shapes","floor":35,"turns":3},{"damage":22,"enemies":"3 Darklings","floor":38,"turns":4},{"damage":95,"enemies":"Nightmare","floor":41,"turns":5}],"seed_played":"3211400514932594179","potions_obtained":[{"floor":2,"key":"infinitespire:BlackPotion"},{"floor":3,"key":"Dexterity Potion"},{"floor":7,"key":"Languid Potion"},{"floor":13,"key":"BloodPotion"},{"floor":18,"key":"hexamod:EctoCoolerPotion"}],"is_trial":false,"path_per_floor":["M","M","M","?","M","R","M","R","T","M","R","M","M","?","R","B",null,"?","T","?","?","?","T","?","T","T","?","?","T","T","?","T","B",null,"?","?","AVR","?","T","T","NM"],"character_chosen":"IRONCLAD","items_purchased":["Flex","Headbutt","Sword Boomerang","infinitespire:EmpoweringShard","Rampage"],"campfire_rested":0,"item_purchase_floors":[19,19,19,19,39],"current_hp_per_floor":[80,80,79,79,78,78,80,80,80,80,80,80,80,60,60,25,80,75,75,75,68,61,61,61,61,61,56,54,54,54,55,55,57,80,78,78,78,74,74,74,0,0],"gold":133,"neow_bonus":"ONE_RANDOM_RARE_CARD","is_daily":false,"chose_seed":false,"campfire_upgraded":9,"win_rate":0.0,"timestamp":1609597737,"path_taken":["M","M","M","?","M","R","M","R","T","M","R","M","M","?","R","BOSS","?","T","?","?","?","T","?","T","T","?","?","T","T","?","T","BOSS","?","?","AVR","?","T","T","NM"],"items_purchased_type":["Card","Card","Card","Relic","Card"],"build_version":"2020-12-22","purchased_purges":1,"victory":false,"max_hp_per_floor":[80,80,80,80,80,80,80,80,80,80,80,80,80,80,80,80,80,80,80,80,80,80,80,80,80,80,80,80,80,80,80,80,80,80,80,80,80,80,80,80,80,80],"card_choices":[{"not_picked":["Hemokinesis","Shrug It Off"],"picked":"ReplayTheSpireMod:Limb From Limb","floor":1},{"not_picked":["Perfected Strike","Blood for Blood"],"picked":"ReplayTheSpireMod:Stacked","floor":2},{"not_picked":["Warcry","Fiend Fire"],"picked":"Clash","floor":3},{"not_picked":["Run Through","Warcry"],"picked":"Offering","floor":5},{"not_picked":["Wild Strike","Warcry"],"picked":"Pommel Strike","floor":7},{"not_picked":["Armaments","Iron Wave"],"picked":"Pummel","floor":10},{"not_picked":["Clash","Warcry"],"picked":"Anger","floor":12},{"not_picked":["ReplayTheSpireMod:Stacked","Power Through"],"picked":"Flex","floor":13},{"not_picked":["Fiend Fire","Demonic Infusion"],"picked":"Reaper","floor":16},{"not_picked":["Replay:Undeath\u0027s Touch","Hemokinesis"],"picked":"Twin Strike","floor":18},{"not_picked":["Twin Strike","Cleave"],"picked":"Pommel Strike","floor":21},{"not_picked":["Perfected Strike+1","Flame Barrier"],"picked":"Reaper","floor":22},{"not_picked":["Uppercut","Defy Death+1"],"picked":"Rage","floor":27},{"not_picked":["Headbutt","Twin Strike"],"picked":"Sword Boomerang","floor":28},{"not_picked":["Armaments","Blood for Blood"],"picked":"Spot Weakness","floor":31},{"not_picked":["Hemogenesis","Corruption"],"picked":"Feed","floor":33},{"not_picked":["Wild Strike+1","Anger"],"picked":"Pommel Strike+1","floor":35},{"not_picked":["Sever Soul","ReplayTheSpireMod:LeadingStrike+1"],"picked":"Cleave+1","floor":38}],"player_experience":49507,"relics_obtained":[{"floor":4,"key":"Mercury Hourglass"},{"floor":9,"key":"Red Skull"},{"floor":26,"key":"Gremlin Horn"}],"event_choices":[{"damage_healed":0,"gold_gain":0,"player_choice":"Take Damage","damage_taken":20,"relics_obtained":["Golden Idol"],"max_hp_gain":0,"max_hp_loss":0,"event_name":"Golden Idol","floor":14,"gold_loss":0},{"damage_healed":0,"gold_gain":0,"player_choice":"Read","damage_taken":0,"max_hp_gain":0,"max_hp_loss":0,"event_name":"The Library","floor":20,"gold_loss":0,"cards_obtained":["Pummel"]},{"damage_healed":0,"gold_gain":0,"player_choice":"Ignored","damage_taken":0,"max_hp_gain":0,"max_hp_loss":0,"event_name":"Ghosts","floor":24,"gold_loss":0},{"cards_removed":["Defend_R"],"damage_healed":0,"gold_gain":0,"player_choice":"Purged","damage_taken":0,"max_hp_gain":0,"max_hp_loss":0,"event_name":"Purifier","floor":36,"gold_loss":0}],"is_beta":false,"boss_relics":[{"not_picked":["Tiny House","Black Star"],"picked":"Painkiller Herb"},{"not_picked":["ReplayTheSpireMod:DimensionalGlitch","SlaversCollar"],"picked":"Mark of Pain"}],"items_purged_floors":[39],"is_endless":false,"potions_floor_spawned":[2,3,7,13,18,22,31,38],"killed_by":"Nightmare","ascension_level":0}}