{"host":"me5zrznhexxkd3qy","time":1609589641,"event":{"mods":["2.2 Compatiblity","AchievementEnabler","BaseMod","Colored Map","Colored Powertips","Highlight Path","Minty Spire (QoL Compilation)","Replay The Spire","StSLib","The Animator","Waifu the Spire"],"gold_per_floor":[215,230,250,250,22,50,50,69,69,87,87,98,98,125,125,225,225,245,245,276,296,315,315,345,371,371,371,371],"floor_reached":27,"playtime":1595,"items_purged":[],"score":268,"play_id":"4f20e62a-df41-4dee-aada-000e9922ca69","local_time":"20210102041401","is_ascension_mode":false,"campfire_choices":[{"data":"Flame Barrier","floor":11,"key":"SMITH"},{"floor":13,"key":"REST"},{"floor":15,"key":"RECALL"},{"floor":23,"key":"REST"}],"circlet_count":0,"master_deck":["Defend_R","Defend_R","Defend_R","Defend_R","Bash","Heavy Blade+1","Clash","Headbutt","Self Repair+1","Flame Barrier+1","Gash","Twin Strike","Rip and Tear+1","Reaper+1","ReplayTheSpireMod:Corrosion Curse+1","ReplayTheSpireMod:Stacked+1","Bite","Bite","Bite","Bite","Bite","Flex+1","Evolve","Juggernaut","Carnage"],"relics":["Ancient Tea Set","Replay:Wax Seal","King of Hearts","Iron Core","Shuriken","Astrolabe","Red Mask","Replay:Bottled Steam","ReplayFunnel","Pet Ghost"],"acts_visited":["Exordium","TheCity"],"potions_floor_usage":[12,20,20,20,24,27],"damage_taken":[{"damage":0,"enemies":"Small Slimes","floor":1,"turns":3},{"damage":3,"enemies":"2 Louse","floor":2,"turns":3},{"damage":13,"enemies":"Jaw Worm","floor":3,"turns":3},{"damage":31,"enemies":"Replay:BlueRogue","floor":6,"turns":5},{"damage":11,"enemies":"Lots of Slimes","floor":8,"turns":4},{"damage":16,"enemies":"3 Louse","floor":10,"turns":4},{"damage":2,"enemies":"Large Slime","floor":12,"turns":5},{"damage":22,"enemies":"Gremlin Nob","floor":14,"turns":5},{"damage":49,"enemies":"Fading Forest","floor":16,"turns":11},{"damage":21,"enemies":"Spheric Guardian","floor":18,"turns":4},{"damage":63,"enemies":"Masked Bandits","floor":20,"turns":7},{"damage":10,"enemies":"Chosen","floor":21,"turns":6},{"damage":37,"enemies":"Snake Plant","floor":22,"turns":6},{"damage":27,"enemies":"Book of Stabbing","floor":24,"turns":5},{"damage":48,"enemies":"Gremlin Leader","floor":27,"turns":7}],"seed_played":"6825824126969784091","potions_obtained":[{"floor":6,"key":"Weak Potion"},{"floor":8,"key":"BloodPotion"},{"floor":10,"key":"Elixir"},{"floor":12,"key":"Weak Potion"},{"floor":16,"key":"HeartOfIron"},{"floor":20,"key":"DistilledChaos"},{"floor":22,"key":"Swift Potion"}],"is_trial":false,"path_per_floor":["M","M","M","?","$","E","?","M","T","M","R","M","R","E","R","B",null,"M","?","?","M","M","R","E","T","T","E"],"character_chosen":"IRONCLAD","items_purchased":["Ancient Tea Set","Replay:Wax Seal"],"campfire_rested":2,"item_purchase_floors":[5,5],"current_hp_per_floor":[80,80,73,57,57,32,32,31,31,25,25,49,73,61,61,32,80,69,56,19,37,18,34,27,27,27,0,0],"gold":371,"neow_bonus":"HUNDRED_GOLD","is_daily":false,"chose_seed":false,"campfire_upgraded":1,"win_rate":0.0,"timestamp":1609589641,"path_taken":["M","M","M","?","$","E","?","M","T","M","R","M","R","E","R","BOSS","M","?","?","M","M","R","E","?","T","E"],"items_purchased_type":["Relic","Relic"],"build_version":"2020-12-22","purchased_purges":0,"victory":false,"max_hp_per_floor":[80,80,80,80,80,80,80,80,80,80,80,80,80,80,80,80,80,80,56,56,56,56,56,56,56,56,56,56],"card_choices":[{"not_picked":["Thunderclap","Shrug It Off"],"picked":"Flex","floor":1},{"not_picked":["Sword Boomerang","ReplayTheSpireMod:Stacked"],"picked":"Heavy Blade","floor":2},{"not_picked":["Spot Weakness","Thunderclap"],"picked":"Clash","floor":3},{"not_picked":["Pummel","Hemogenesis"],"picked":"Headbutt","floor":6},{"not_picked":["Armaments","Headbutt"],"picked":"Flame Barrier","floor":8},{"not_picked":["Disarm","Combust"],"picked":"ReplayTheSpireMod:Stacked","floor":10},{"not_picked":["Beam Cell","Replay:Undeath\u0027s Touch"],"picked":"Gash","floor":12},{"not_picked":["Beam Cell","Clash"],"picked":"Twin Strike","floor":14},{"not_picked":["Brutality","Fiend Fire"],"picked":"Demon Form","floor":16},{"not_picked":["Clash+1","Headbutt+1"],"picked":"ReplayTheSpireMod:Stacked+1","floor":18},{"not_picked":["Sword Boomerang","Headbutt"],"picked":"Flex+1","floor":20},{"not_picked":["Twin Strike","ReplayTheSpireMod:Strike From Hell"],"picked":"Evolve","floor":21},{"not_picked":["Dual Wield","Intimidate"],"picked":"Juggernaut","floor":22},{"not_picked":["Shrug It Off","Carnage","Rampage+1"],"picked":"SKIP","floor":24},{"not_picked":["Shrug It Off","Rampage+1"],"picked":"Carnage","floor":24}],"player_experience":14669,"relics_obtained":[{"floor":6,"key":"King of Hearts"},{"floor":14,"key":"Shuriken"},{"floor":20,"key":"Red Mask"},{"floor":24,"key":"Replay:Bottled Steam"},{"floor":25,"key":"ReplayFunnel"},{"floor":26,"key":"Pet Ghost"}],"event_choices":[{"damage_healed":0,"gold_gain":0,"player_choice":"Entered Light","damage_taken":16,"max_hp_gain":0,"max_hp_loss":0,"event_name":"Shining Light","floor":4,"gold_loss":0,"cards_upgraded":["Heavy Blade","Strike_R"]},{"damage_healed":0,"gold_gain":0,"player_choice":"Became a vampire","damage_taken":0,"max_hp_gain":0,"max_hp_loss":24,"event_name":"Vampires","floor":19,"gold_loss":0,"cards_obtained":["Bite","Bite","Bite","Bite","Bite"]},{"damage_healed":0,"gold_gain":0,"player_choice":"Fought Bandits","damage_taken":0,"max_hp_gain":0,"max_hp_loss":0,"event_name":"Masked Bandits","floor":20,"gold_loss":0}],"is_beta":false,"boss_relics":[{"not_picked":["Replay:Wanted Poster","Cursed Key"],"picked":"Astrolabe"}],"items_purged_floors":[],"is_endless":false,"potions_floor_spawned":[6,8,10,12,16,20,22],"killed_by":"Gremlin Leader","ascension_level":0}}