{"host":"J","time":1609600958,"event":{"mods":["AchievementEnabler","BaseMod","Block Reminder","Highlight Path","Minty Spire (QoL Compilation)","Permanent Neow","Quick Restart","Relic Stats","UnlockEverythingMod"],"gold_per_floor":[118,118,129,141,66,66,66,80,80,97,97,111,111,126,126,203,203,219,219,219,232,260,293,293,324,324,324,335,335,335,2,2,80,80,92,92,102,114,4,4,19,19,19],"floor_reached":42,"playtime":7394,"items_purged":[],"score":881,"play_id":"1edd33c3-5f79-4fe3-b5b7-5cfc05c09ea4","local_time":"20210102162238","is_ascension_mode":true,"campfire_choices":[{"data":"Poisoned Stab","floor":6.0,"key":"SMITH"},{"data":"Poisoned Stab","floor":11.0,"key":"SMITH"},{"data":"Well Laid Plans","floor":13.0,"key":"SMITH"},{"data":"Dash","floor":15.0,"key":"SMITH"},{"floor":24.0,"key":"RECALL"},{"data":"Malaise","floor":27.0,"key":"SMITH"},{"data":"PiercingWail","floor":30.0,"key":"SMITH"},{"data":"Tools of the Trade","floor":32.0,"key":"SMITH"},{"data":"Wraith Form v2","floor":40.0,"key":"SMITH"}],"circlet_count":0,"master_deck":["AscendersBane","Strike_G+1","Strike_G+1","Strike_G+1","Defend_G+1","Defend_G+1","Defend_G+1","Defend_G+1","Defend_G+1","Neutralize+1","Poisoned Stab+1","Poisoned Stab+1","Well Laid Plans+1","After Image+1","Dash+1","Malaise+1","Tools of the Trade+1","PiercingWail+1","Wraith Form v2+1"],"relics":["Ring of the Snake","Nunchaku","Singing Bowl","Coffee Dripper","Red Mask","CaptainsWheel","Bottled Flame","Lizard Tail","OrangePellets","Strawberry","Snecko Eye"],"acts_visited":["Exordium","TheCity","TheBeyond"],"potions_floor_usage":[42],"damage_taken":[{"damage":4.0,"enemies":"2 Louse","floor":1.0,"turns":3.0},{"damage":0.0,"enemies":"Small Slimes","floor":3.0,"turns":3.0},{"damage":1.0,"enemies":"Cultist","floor":4.0,"turns":4.0},{"damage":0.0,"enemies":"2 Fungi Beasts","floor":8.0,"turns":4.0},{"damage":3.0,"enemies":"Blue Slaver","floor":10.0,"turns":4.0},{"damage":7.0,"enemies":"Exordium Thugs","floor":12.0,"turns":4.0},{"damage":0.0,"enemies":"Looter","floor":14.0,"turns":4.0},{"damage":15.0,"enemies":"The Guardian","floor":16.0,"turns":12.0},{"damage":3.0,"enemies":"2 Thieves","floor":18.0,"turns":5.0},{"damage":3.0,"enemies":"Shell Parasite","floor":21.0,"turns":5.0},{"damage":19.0,"enemies":"Masked Bandits","floor":22.0,"turns":5.0},{"damage":1.0,"enemies":"Book of Stabbing","floor":23.0,"turns":7.0},{"damage":14.0,"enemies":"Slavers","floor":25.0,"turns":11.0},{"damage":0.0,"enemies":"Centurion and Healer","floor":28.0,"turns":8.0},{"damage":50.0,"enemies":"Collector","floor":33.0,"turns":16.0},{"damage":1.0,"enemies":"3 Darklings","floor":35.0,"turns":7.0},{"damage":0.0,"enemies":"Orb Walker","floor":37.0,"turns":4.0},{"damage":5.0,"enemies":"4 Shapes","floor":38.0,"turns":10.0},{"damage":17.0,"enemies":"Spire Growth","floor":41.0,"turns":8.0},{"damage":8,"enemies":"Reptomancer","floor":42,"turns":5}],"seed_played":"845889425987277349","potions_obtained":[{"floor":3.0,"key":"ColorlessPotion"},{"floor":4.0,"key":"DistilledChaos"},{"floor":16.0,"key":"FearPotion"},{"floor":25.0,"key":"AttackPotion"},{"floor":28.0,"key":"Swift Potion"},{"floor":35.0,"key":"CunningPotion"},{"floor":38.0,"key":"Regen Potion"}],"is_trial":false,"path_per_floor":["M","?","M","M","?","R","?","M","T","M","R","M","R","M","R","B",null,"M","?","?","M","?","E","R","E","T","R","M","$","R","$","R","B",null,"M","?","M","M","?","R","M","E"],"character_chosen":"THE_SILENT","items_purchased":["OrangePellets","Strawberry"],"campfire_rested":0,"item_purchase_floors":[31,31],"current_hp_per_floor":[55,55,55,54,54,54,54,54,54,51,51,46,46,46,46,31,59,58,58,58,55,38,39,39,27,27,27,29,29,29,36,36,31,72,73,75,77,74,74,74,59,51,51],"gold":19,"neow_bonus":"RANDOM_COMMON_RELIC","is_daily":false,"chose_seed":false,"campfire_upgraded":8,"win_rate":0.0,"timestamp":1609600958,"path_taken":["M","?","M","M","?","R","?","?","T","M","R","M","R","M","R","BOSS","M","?","?","?","?","E","R","E","T","R","M","?","R","$","R","BOSS","M","?","M","M","?","R","?","E"],"items_purchased_type":["Relic","Relic"],"build_version":"2020-12-18","purchased_purges":0,"victory":false,"max_hp_per_floor":[66,66,66,66,66,66,66,66,66,66,66,68,68,68,68,68,68,70,70,70,70,72,74,74,76,76,76,78,78,78,85,85,85,85,87,89,91,93,93,93,95,95,95],"relic_stats":{"OrangePellets":[8],"Nunchaku":[28],"Lizard Tail":42,"Singing Bowl":22,"counters":[20,129],"Snecko Eye":[10,11,16,18],"obtain_stats":[{"OrangePellets":31,"Nunchaku":0,"CaptainsWheel":23,"Bottled Flame":25,"Lizard Tail":26,"Singing Bowl":9,"Strawberry":31,"Snecko Eye":34,"Coffee Dripper":17,"Red Mask":22,"Ring of the Snake":0},{"OrangePellets":14,"Nunchaku":0,"CaptainsWheel":12,"Bottled Flame":13,"Lizard Tail":13,"Singing Bowl":4,"Strawberry":14,"Snecko Eye":15,"Coffee Dripper":8,"Red Mask":11,"Ring of the Snake":0},{"OrangePellets":79,"Nunchaku":0,"CaptainsWheel":60,"Bottled Flame":71,"Lizard Tail":71,"Singing Bowl":14,"Strawberry":79,"Snecko Eye":95,"Coffee Dripper":38,"Red Mask":53,"Ring of the Snake":0}],"Ring of the Snake":[40]},"card_choices":[{"not_picked":["Outmaneuver","Blade Dance"],"picked":"Poisoned Stab","floor":1.0},{"not_picked":["Concentrate","Quick Slash","Slice"],"picked":"SKIP","floor":3.0},{"not_picked":["Prepared","PiercingWail"],"picked":"Poisoned Stab","floor":4.0},{"not_picked":["Deadly Poison","Poisoned Stab"],"picked":"Well Laid Plans","floor":8.0},{"not_picked":["Flying Knee","Dagger Throw"],"picked":"After Image","floor":10.0},{"not_picked":["Sucker Punch","Well Laid Plans","Reflex"],"picked":"Singing Bowl","floor":12.0},{"not_picked":["Sucker Punch","Finisher"],"picked":"Dash","floor":14.0},{"not_picked":["Venomology","Adrenaline"],"picked":"Malaise","floor":16.0},{"not_picked":["Accuracy","Dagger Spray+1","Acrobatics"],"picked":"Singing Bowl","floor":18.0},{"not_picked":["Endless Agony","Bane+1"],"picked":"PiercingWail","floor":21.0},{"not_picked":["Caltrops","Outmaneuver","Bane"],"picked":"Singing Bowl","floor":22.0},{"not_picked":["Acrobatics","Deflect","Prepared"],"picked":"Singing Bowl","floor":23.0},{"not_picked":["Calculated Gamble","Quick Slash+1","Caltrops"],"picked":"Singing Bowl","floor":25.0},{"not_picked":["Slice","Backstab","Sucker Punch+1"],"picked":"Singing Bowl","floor":28.0},{"not_picked":["Malaise","Glass Knife"],"picked":"Wraith Form v2","floor":33.0},{"not_picked":["Reflex","Flechettes+1","Sucker Punch"],"picked":"Singing Bowl","floor":35.0},{"not_picked":["Trip","HandOfGreed","Impatience"],"picked":"Singing Bowl","floor":36.0},{"not_picked":["Backstab","Acrobatics","Flying Knee"],"picked":"Singing Bowl","floor":37.0},{"not_picked":["Acrobatics+1","Flying Knee+1","Leg Sweep"],"picked":"Singing Bowl","floor":38.0},{"not_picked":["Backflip","Deflect","Quick Slash"],"picked":"Singing Bowl","floor":41.0}],"player_experience":257333,"relics_obtained":[{"floor":9.0,"key":"Singing Bowl"},{"floor":22.0,"key":"Red Mask"},{"floor":23.0,"key":"CaptainsWheel"},{"floor":25.0,"key":"Bottled Flame"},{"floor":26.0,"key":"Lizard Tail"}],"event_choices":[{"damage_healed":0.0,"max_hp_gain":0.0,"max_hp_loss":0.0,"gold_gain":0.0,"event_name":"Living Wall","player_choice":"Grow","floor":2.0,"gold_loss":0.0,"damage_taken":0.0,"cards_upgraded":["Neutralize"]},{"cards_removed":["Strike_G"],"damage_healed":0.0,"max_hp_gain":0.0,"max_hp_loss":0.0,"gold_gain":0.0,"event_name":"The Cleric","player_choice":"Card Removal","floor":5.0,"gold_loss":75.0,"damage_taken":0.0},{"cards_removed":["Strike_G"],"damage_healed":0.0,"max_hp_gain":0.0,"max_hp_loss":0.0,"gold_gain":0.0,"event_name":"Bonfire Elementals","player_choice":"Offered Basic","floor":7.0,"gold_loss":0.0,"damage_taken":0.0},{"damage_healed":0.0,"max_hp_gain":0.0,"max_hp_loss":0.0,"gold_gain":0.0,"event_name":"Back to Basics","player_choice":"Simplicity","floor":19.0,"gold_loss":0.0,"damage_taken":0.0,"cards_upgraded":["Strike_G","Strike_G","Strike_G","Defend_G","Defend_G","Defend_G","Defend_G","Defend_G"]},{"damage_healed":0.0,"max_hp_gain":0.0,"max_hp_loss":0.0,"gold_gain":0.0,"event_name":"Match and Keep!","player_choice":"1 cards matched","floor":20.0,"gold_loss":0.0,"damage_taken":0.0,"cards_obtained":["Tools of the Trade"]},{"damage_healed":0.0,"max_hp_gain":0.0,"max_hp_loss":0.0,"gold_gain":0.0,"event_name":"Masked Bandits","player_choice":"Fought Bandits","floor":22.0,"gold_loss":0.0,"damage_taken":0.0},{"damage_healed":0.0,"max_hp_gain":0.0,"max_hp_loss":0.0,"gold_gain":0.0,"event_name":"SensoryStone","player_choice":"Memory 1","floor":36.0,"gold_loss":0.0,"damage_taken":0.0},{"cards_removed":["Survivor"],"damage_healed":0.0,"max_hp_gain":0.0,"max_hp_loss":0.0,"gold_gain":0.0,"event_name":"Designer","player_choice":"Upgrade and Remove","floor":39.0,"gold_loss":110.0,"damage_taken":0.0,"cards_upgraded":["After Image"]}],"is_beta":true,"boss_relics":[{"not_picked":["WristBlade","SlaversCollar"],"picked":"Coffee Dripper"},{"not_picked":["Busted Crown","Black Star"],"picked":"Snecko Eye"}],"items_purged_floors":[],"is_endless":false,"potions_floor_spawned":[3,4,16,25,28,35,38],"killed_by":"Reptomancer","ascension_level":20}}