{"host":"40f49r155zsx8eqk","time":1609606953,"event":{"mods":["AchievementEnabler","Aspiration","BaseMod","Googly Eyes","Minty Spire (QoL Compilation)","Relic Sorter","Replay The Spire","StSLib","The Gatherer"],"gold_per_floor":[117,117,117,137,153,184,184,214,214,214,269,344,344,413,413,558,558,628,628,675,747,747,747,809,809,809,809,809,164,164,237,237,382,382,440,440,466,503,23,23,84,84,110,163,163,163,163,225,225,260],"floor_reached":51,"playtime":2316,"items_purged":["Gatherer:Nutrients"],"score":643,"play_id":"5d8e9d27-57e3-4584-b137-42062e832e76","local_time":"20210102200233","is_ascension_mode":true,"metric_token":608,"campfire_choices":[{"data":"Gatherer:FlowerShield","floor":7,"key":"SMITH"},{"data":"Gatherer:FlowerShield+1","floor":10,"key":"SMITH"},{"data":"Gatherer:FlowerShield+2","floor":13,"key":"SMITH"},{"data":"Gatherer:FlowerWhip+2","floor":15,"key":"SMITH"},{"floor":23,"key":"REST"},{"data":"Gatherer:FlowerPower+1","floor":25,"key":"SMITH"},{"data":"Gatherer:FlowerPower+2","floor":27,"key":"SMITH"},{"data":"Apotheosis","floor":30,"key":"SMITH"},{"data":"Gatherer:Defend_Gatherer","floor":32,"key":"PURGE"},{"data":"Gatherer:FlowerShield","floor":40,"key":"SMITH"},{"data":"Gatherer:FlowerFalling+1","floor":42,"key":"SMITH"},{"data":"Gatherer:FlowerShield+1","floor":45,"key":"SMITH"},{"data":"Madness","floor":47,"key":"SMITH"},{"data":"Replay:ManipulateFuture","floor":49,"key":"SMITH"}],"circlet_count":0,"master_deck":["Gatherer:Strike_Gatherer","Gatherer:Strike_Gatherer","Gatherer:Strike_Gatherer","Gatherer:Strike_Gatherer","Gatherer:Defend_Gatherer","Gatherer:Defend_Gatherer","Gatherer:Defend_Gatherer","Gatherer:Defend_Gatherer","Gatherer:Centralize","Gatherer:FlowerWhip+3","Gatherer:BigPouch","Gatherer:FlowerShield+3","Gatherer:GatherMaterial","Gatherer:FlowerFalling+2","Gatherer:FlowerFalling+1","WreathOfFlame","Shrug It Off","Gatherer:FlowerFalling+1","Gatherer:WoolGloves","Gatherer:FlowerPower+3","Apotheosis+1","Spot Weakness","Mayhem+1","Transmutation+1","Gatherer:FlowerShield+2","All For One","Madness","Madness+1","Replay:ManipulateFuture+1"],"relics":["Gatherer:AlchemyBag","aspiration:DSix","Replay:Bandana","HornCleat","Happy Flower","Vajra","aspiration:RunicSpoon","Ice Cream","PrismaticShard","ClockworkSouvenir","Pet Ghost","Replay:Rubber Ducky","Lantern","Guide Book","Regal Pillow","Bottled Lightning"],"acts_visited":["Exordium","TheCity","TheBeyond"],"potions_floor_usage":[6,14,16,50],"damage_taken":[{"damage":5,"enemies":"Jaw Worm","floor":1,"turns":3},{"damage":0,"enemies":"Small Slimes","floor":4,"turns":3},{"damage":0,"enemies":"Cultist","floor":5,"turns":3},{"damage":12,"enemies":"Lagavulin","floor":6,"turns":10},{"damage":0,"enemies":"Looter","floor":11,"turns":3},{"damage":12,"enemies":"Gremlin Nob","floor":12,"turns":4},{"damage":0,"enemies":"Lagavulin","floor":14,"turns":6},{"damage":20,"enemies":"Hexaghost","floor":16,"turns":10},{"damage":0,"enemies":"Chosen","floor":18,"turns":4},{"damage":0,"enemies":"Spheric Guardian","floor":20,"turns":1},{"damage":1,"enemies":"Snake Plant","floor":21,"turns":4},{"damage":6,"enemies":"3 Cultists","floor":24,"turns":5},{"damage":0,"enemies":"Snecko","floor":31,"turns":3},{"damage":19,"enemies":"Champ","floor":33,"turns":8},{"damage":0,"enemies":"3 Darklings","floor":35,"turns":4},{"damage":0,"enemies":"Orb Walker","floor":38,"turns":4},{"damage":12,"enemies":"Reptomancer","floor":41,"turns":5},{"damage":0,"enemies":"Spire Growth","floor":44,"turns":5},{"damage":0,"enemies":"Jaw Worm Horde","floor":48,"turns":3},{"damage":17,"enemies":"Replay:Hell Engine","floor":50,"turns":7}],"seed_played":"-296984823874343733","potions_obtained":[{"floor":5,"key":"ColorlessPotion"},{"floor":6,"key":"Block Potion"},{"floor":11,"key":"SteroidPotion"},{"floor":18,"key":"Flashbang"},{"floor":20,"key":"Death Potion"},{"floor":21,"key":"BlessingOfTheForge"},{"floor":35,"key":"Elixir"}],"is_trial":false,"path_per_floor":["M","?","?","M","M","E","R","?","T","R","M","E","R","E","R","B",null,"M","?","M","M","?","R","M","R","T","R","?","$","R","M","R","B",null,"M","?","T","M","$","R","E","R","T","M","R","?","R","M","R","B",null],"character_chosen":"THE_GATHERER","items_purchased":["Apotheosis","ClockworkSouvenir","Pet Ghost","Ancient Potion","Transmutation","Lantern","Guide Book","Gatherer:FlowerShield"],"campfire_rested":1,"item_purchase_floors":[29,29,29,29,39,39,39,39],"current_hp_per_floor":[67,67,67,67,67,55,55,55,55,55,55,43,43,43,43,23,72,72,72,72,71,71,72,66,66,66,66,58,58,58,62,62,43,72,72,72,72,72,72,72,60,60,60,72,72,63,63,72,72,69],"gold":260,"neow_bonus":"DSIX","is_daily":false,"chose_seed":false,"campfire_upgraded":12,"win_rate":0.0,"timestamp":1609606953,"path_taken":["M","?","?","?","M","E","R","?","T","R","M","E","R","E","R","BOSS","M","?","?","M","?","R","M","R","T","R","?","$","R","M","R","BOSS","M","?","?","M","$","R","E","R","T","?","R","?","R","M","R","BOSS"],"items_purchased_type":["Card","Relic","Relic","Potion","Card","Relic","Relic","Card"],"build_version":"2020-12-22","purchased_purges":1,"victory":true,"max_hp_per_floor":[72,72,72,72,72,72,72,72,72,72,72,72,72,72,72,72,72,72,72,72,72,72,72,72,72,72,72,72,72,72,72,72,72,72,72,72,72,72,72,72,72,72,72,72,72,72,72,72,72,72],"card_choices":[{"not_picked":["Gatherer:PotentialSlash","Gatherer:OddSpoils"],"picked":"Gatherer:BigPouch","floor":1},{"not_picked":["Gatherer:BalancedGrowth","Gatherer:TreeGrowth"],"picked":"Gatherer:FlowerShield","floor":4},{"not_picked":["Gatherer:BalancedGrowth","Gatherer:EchoOfNature"],"picked":"Gatherer:GatherMaterial","floor":5},{"not_picked":["Gatherer:Uplift","Gatherer:ScherryThrow"],"picked":"Gatherer:FlowerFalling","floor":6},{"not_picked":["Gatherer:SmartManeuver","Gatherer:BalancedGrowth","Gatherer:BambuSword"],"picked":"SKIP","floor":11},{"not_picked":["Gatherer:Snatch","Gatherer:BambuSword"],"picked":"Gatherer:GrowBook","floor":12},{"not_picked":["Gatherer:Solidify","Gatherer:TreeGrowth"],"picked":"Gatherer:FlowerFalling","floor":14},{"not_picked":["Gatherer:HeartToFruit","Gatherer:ColorfulGarden"],"picked":"Gatherer:GrowBook","floor":16},{"not_picked":["Gatherer:Enchant","Gatherer:Liquidism"],"picked":"Gatherer:FlowerFalling","floor":18},{"not_picked":["Gatherer:Liquidism+1","Gatherer:SaveValuables"],"picked":"Gatherer:WoolGloves","floor":20},{"not_picked":["Gatherer:EnergyBasket","Gatherer:FeelingFine+1","Gatherer:CollectorsShot+1"],"picked":"SKIP","floor":21},{"not_picked":["Gatherer:SaveValuables","Gatherer:EchoOfNature"],"picked":"Gatherer:Nutrients","floor":24},{"not_picked":["Gatherer:UpgradeBag","Gatherer:Liquidism+1"],"picked":"Gatherer:FlowerShield","floor":28},{"not_picked":["Gatherer:EnergyBasket+1","Gatherer:FlowerFalling"],"picked":"Spot Weakness","floor":31},{"not_picked":["Violence","Malaise"],"picked":"Mayhem","floor":33},{"not_picked":["Fusion+1","Gatherer:WoolGloves","Body Slam"],"picked":"SKIP","floor":35},{"not_picked":["Seeing Red","Gatherer:DrugPower","True Grit+1"],"picked":"SKIP","floor":38},{"not_picked":["BowlingBash+1","Uppercut+1"],"picked":"All For One","floor":41},{"not_picked":["ReplayTheSpireMod:System Scan","ReplayTheSpireMod:Scrap Shanks","FlurryOfBlows+1"],"picked":"SKIP","floor":44},{"not_picked":["Gatherer:Frenzy+1","Cloak And Dagger"],"picked":"Replay:ManipulateFuture","floor":48}],"player_experience":113706,"relics_obtained":[{"floor":6,"key":"Replay:Bandana"},{"floor":12,"key":"Happy Flower"},{"floor":14,"key":"Vajra"},{"floor":26,"key":"Ice Cream"},{"floor":28,"key":"PrismaticShard"},{"floor":37,"key":"Replay:Rubber Ducky"},{"floor":41,"key":"Regal Pillow"},{"floor":43,"key":"Bottled Lightning"}],"event_choices":[{"damage_healed":0,"gold_gain":0,"player_choice":"Forge","damage_taken":0,"max_hp_gain":0,"max_hp_loss":0,"event_name":"Accursed Blacksmith","floor":3,"gold_loss":0,"cards_upgraded":["Gatherer:FlowerWhip"]},{"damage_healed":0,"gold_gain":30,"player_choice":"Searched \u00273\u0027 times","damage_taken":0,"relics_obtained":["HornCleat"],"max_hp_gain":0,"max_hp_loss":0,"event_name":"Dead Adventurer","floor":8,"gold_loss":0},{"cards_removed":["Gatherer:Strike_Gatherer"],"damage_healed":0,"gold_gain":0,"player_choice":"Offered Basic","damage_taken":0,"max_hp_gain":0,"max_hp_loss":0,"event_name":"Bonfire Elementals","floor":19,"gold_loss":0},{"damage_healed":0,"gold_gain":0,"player_choice":"Read","damage_taken":0,"max_hp_gain":0,"max_hp_loss":0,"event_name":"The Library","floor":22,"gold_loss":0,"cards_obtained":["Gatherer:FlowerPower"]},{"cards_removed":["Gatherer:FlowerShield"],"damage_healed":0,"gold_gain":0,"player_choice":"Removed Skill","damage_taken":0,"max_hp_gain":0,"max_hp_loss":0,"event_name":"Falling","floor":36,"gold_loss":0},{"damage_healed":0,"gold_gain":0,"player_choice":"Embrace Madness","damage_taken":9,"max_hp_gain":0,"max_hp_loss":0,"event_name":"Winding Halls","floor":46,"gold_loss":0,"cards_obtained":["Madness","Madness"]}],"is_beta":false,"boss_relics":[{"not_picked":["Cursed Key","Coffee Dripper"],"picked":"aspiration:RunicSpoon"},{"not_picked":["Replay:Bronze Core","Honey Jar","Kintsugi"]}],"items_purged_floors":[29],"is_endless":false,"potions_floor_spawned":[5,6,11,18,20,21,35,41],"ascension_level":1}}