{"host":"rvgqag7mtxu5qaaz","time":1609569677,"event":{"mods":["AchievementEnabler","BaseMod","Downfall","Hermit","Hubris","Minty Spire (QoL Compilation)","Replay The Spire","StSLib","SuperFastMode","The Animator","The Construct","The Cursed","The Disciple","The Necromancer"],"gold_per_floor":[116,127,127,146,146,158,158,184,209,209,229,50,50,50,50,169,169,192,215,215,215,229,229,229,229,229,250,250,275,275,275,275,294,294,294,294],"floor_reached":35,"playtime":1323,"items_purged":[],"score":296,"play_id":"9bd9c0ad-4586-4298-8a52-33c1eaeea1c8","local_time":"20210102014117","is_ascension_mode":true,"campfire_choices":[{"data":"Toxin Wave","floor":7,"key":"SMITH"},{"floor":10,"key":"REST"},{"floor":15,"key":"REST"},{"floor":23,"key":"REST"},{"floor":30,"key":"REST"},{"floor":34,"key":"REST"}],"circlet_count":0,"master_deck":["Strike_G","Strike_G","Strike_G","Strike_G","Strike_G","Defend_G","Defend_G","Defend_G","Defend_G","Defend_G","Survivor","Neutralize","Toxin Wave+1","Calculated Gamble","Acrobatics","Skewer","Grand Finale+1","Prepared","Deadly Poison","ReplayTheSpireMod:Necrosis","Deadly Poison","Adrenaline","Bane","Deadly Poison+1"],"relics":["hubris:VirtuousBlindfold","Bag of Marbles","hubris:ToyBattleship","Strawberry","Membership Card","Golden Idol","SacredBark","Onion Ring","Incense Burner","TungstenRod","Replay:Bottled Snecko","hubris:Macrotransations"],"acts_visited":["Exordium","TheCity"],"potions_floor_usage":[8,18,19,22,22,35],"damage_taken":[{"damage":5,"enemies":"Jaw Worm","floor":1,"turns":4},{"damage":5,"enemies":"2 Louse","floor":2,"turns":4},{"damage":6,"enemies":"Cultist","floor":4,"turns":4},{"damage":9,"enemies":"Red Slaver","floor":6,"turns":4},{"damage":29,"enemies":"Lagavulin","floor":8,"turns":7},{"damage":9,"enemies":"Exordium Wildlife","floor":11,"turns":3},{"damage":24,"enemies":"The Guardian","floor":16,"turns":8},{"damage":2,"enemies":"3 Byrds","floor":18,"turns":4},{"damage":28,"enemies":"Shell Parasite","floor":19,"turns":8},{"damage":7,"enemies":"Chosen and Byrds","floor":22,"turns":3},{"damage":21,"enemies":"Snecko","floor":27,"turns":4},{"damage":0,"enemies":"Snake Plant","floor":29,"turns":3},{"damage":4,"enemies":"3 Cultists","floor":33,"turns":5},{"damage":50,"enemies":"Collector","floor":35,"turns":5}],"seed_played":"7215065474042527772","potions_obtained":[{"floor":1,"key":"champ:CounterPotion"},{"floor":4,"key":"ColorlessPotion"},{"floor":8,"key":"DistilledChaos"},{"floor":16,"key":"Block Potion"},{"floor":19,"key":"SteroidPotion"},{"floor":29,"key":"construct:ShiftPotion"},{"floor":33,"key":"champ:CounterPotion"}],"is_trial":false,"path_per_floor":["M","M","?","M","?","M","R","E","T","R","M","$","?","?","R","B",null,"M","M","?","?","M","R","T","T","T","M","$","M","R","PTL","PTL","M","R","B"],"character_chosen":"THE_SILENT","items_purchased":["Membership Card","Prepared","Deadly Poison","hubris:Macrotransations"],"campfire_rested":5,"item_purchase_floors":[12,12,12,28],"current_hp_per_floor":[65,60,60,54,54,45,45,16,23,46,37,37,37,37,58,34,71,69,41,28,28,21,43,43,43,43,22,3,3,25,25,25,21,43,0,0],"gold":294,"neow_bonus":"BOSS_RELIC","is_daily":false,"chose_seed":false,"campfire_upgraded":1,"win_rate":0.0,"timestamp":1609569677,"path_taken":["M","M","?","M","?","M","R","E","T","R","?","?","?","?","R","BOSS","M","M","?","?","?","R","?","?","T","M","?","M","R","PTL","PTL","M","R","BOSS"],"items_purchased_type":["Relic","Card","Card","Relic"],"build_version":"2020-12-22","purchased_purges":0,"victory":false,"max_hp_per_floor":[70,70,70,70,70,70,70,70,77,77,77,77,71,71,71,71,71,71,71,76,76,76,76,76,76,76,76,76,76,76,76,76,76,76,76,76],"card_choices":[{"not_picked":["Flechettes","Dagger Spray"],"picked":"Toxin Wave","floor":1},{"not_picked":["Flying Knee","Hidden Blade"],"picked":"Setup","floor":2},{"not_picked":["PiercingWail","Dagger Spray"],"picked":"Calculated Gamble","floor":4},{"not_picked":["ReplayTheSpireMod:Speed Training","Slice"],"picked":"Acrobatics","floor":6},{"not_picked":["Cloak And Dagger","Quick Slash"],"picked":"Skewer","floor":8},{"not_picked":["Flying Knee","Toxin Wave"],"picked":"Grand Finale","floor":11},{"not_picked":["Venomology","Night Terror"],"picked":"ReplayTheSpireMod:Necrosis","floor":16},{"not_picked":["Underhanded Strike+1","Slice","All Out Attack"],"picked":"SKIP","floor":18},{"not_picked":["Backflip+1","Sneak Up+1"],"picked":"Deadly Poison","floor":19},{"not_picked":["ReplayTheSpireMod:Shiv Toss","Deflect","Dagger Spray"],"picked":"SKIP","floor":22},{"not_picked":["Flying Knee","Backstab"],"picked":"Adrenaline","floor":27},{"not_picked":["Flechettes","Poisoned Stab"],"picked":"Bane","floor":29},{"not_picked":["Footwork","Finisher"],"picked":"Deadly Poison+1","floor":33}],"player_experience":345279,"relics_obtained":[{"floor":8,"key":"hubris:ToyBattleship"},{"floor":9,"key":"Strawberry"},{"floor":24,"key":"Incense Burner"},{"floor":25,"key":"TungstenRod"},{"floor":26,"key":"Replay:Bottled Snecko"}],"event_choices":[{"damage_healed":0,"gold_gain":0,"player_choice":"Box","damage_taken":0,"relics_obtained":["Bag of Marbles"],"max_hp_gain":0,"max_hp_loss":0,"event_name":"Big Fish","floor":3,"gold_loss":0,"cards_obtained":["Regret"]},{"cards_removed":["Regret"],"damage_healed":0,"gold_gain":0,"player_choice":"Removed Curses","damage_taken":0,"max_hp_gain":0,"max_hp_loss":0,"event_name":"Fountain of Cleansing","floor":5,"gold_loss":0},{"damage_healed":0,"gold_gain":0,"player_choice":"Lose Max HP","damage_taken":0,"relics_obtained":["Golden Idol"],"max_hp_gain":0,"max_hp_loss":6,"event_name":"Golden Idol","floor":13,"gold_loss":0},{"damage_healed":0,"gold_gain":0,"player_choice":"Grow","damage_taken":0,"max_hp_gain":0,"max_hp_loss":0,"event_name":"Living Wall","floor":14,"gold_loss":0,"cards_upgraded":["Grand Finale"]},{"damage_healed":0,"gold_gain":0,"player_choice":"Shed Blood","damage_taken":18,"max_hp_gain":5,"max_hp_loss":0,"event_name":"Forgotten Altar","floor":20,"gold_loss":0},{"cards_removed":["Setup"],"damage_healed":0,"gold_gain":0,"player_choice":"Gave Card","damage_taken":0,"relics_obtained":["Onion Ring"],"max_hp_gain":0,"max_hp_loss":0,"event_name":"WeMeetAgain","floor":21,"gold_loss":0}],"is_beta":false,"boss_relics":[{"not_picked":["hubris:BlackHole","Abe\u0027s Treasure"],"picked":"SacredBark"}],"items_purged_floors":[],"is_endless":false,"potions_floor_spawned":[1,4,8,16,19,29,33],"killed_by":"Collector","ascension_level":3}}