{"host":"t3am9egsh7oyry6t","time":1609554914,"event":{"mods":["AchievementEnabler","BaseMod","Colored Powertips","Googly Eyes","Minty Spire (QoL Compilation)","Relic Stats","StSLib","Synergy Search"],"gold_per_floor":[114,131,149,168,185,185,213,224,251,44,78,28,28,28],"floor_reached":13,"playtime":739,"items_purged":["Doubt"],"score":160,"play_id":"d9b208db-5560-4789-836a-2d721bcbb645","local_time":"20210101183514","is_ascension_mode":true,"campfire_choices":[{"data":"Armaments","floor":6,"key":"SMITH"}],"circlet_count":0,"master_deck":["AscendersBane","Strike_R","Strike_R","Strike_R","Strike_R","Strike_R","Defend_R","Defend_R","Defend_R","Defend_R","Bash","Pommel Strike","Flame Barrier","Armaments+1","Cleave","Warcry","Thunderclap","Second Wind","Bloodletting"],"relics":["Burning Blood","Bird Faced Urn","Strawberry","Smiling Mask","Centennial Puzzle","Letter Opener"],"acts_visited":["Exordium"],"potions_floor_usage":[4,7,11],"damage_taken":[{"damage":0,"enemies":"Small Slimes","floor":1,"turns":3},{"damage":6,"enemies":"Cultist","floor":2,"turns":3},{"damage":4,"enemies":"2 Louse","floor":3,"turns":2},{"damage":8,"enemies":"2 Fungi Beasts","floor":4,"turns":5},{"damage":8,"enemies":"Red Slaver","floor":5,"turns":6},{"damage":35,"enemies":"3 Sentries","floor":7,"turns":11},{"damage":21,"enemies":"3 Louse","floor":8,"turns":4},{"damage":20,"enemies":"Gremlin Nob","floor":11,"turns":4},{"damage":35,"enemies":"Lagavulin","floor":13,"turns":7}],"seed_played":"-3673861498827900673","potions_obtained":[{"floor":1,"key":"BlessingOfTheForge"},{"floor":2,"key":"ElixirPotion"}],"is_trial":false,"path_per_floor":["M","M","M","M","M","R","E","M","T","$","E","$","E"],"character_chosen":"IRONCLAD","items_purchased":["Centennial Puzzle","Fire Potion"],"campfire_rested":0,"item_purchase_floors":[10,10],"current_hp_per_floor":[78,78,80,78,76,76,54,39,39,39,25,25,0,0],"gold":28,"neow_bonus":"ONE_RARE_RELIC","is_daily":false,"chose_seed":false,"campfire_upgraded":1,"win_rate":0.0,"timestamp":1609554914,"path_taken":["M","M","M","M","M","R","E","M","T","$","E","$","E"],"items_purchased_type":["Relic","Potion"],"build_version":"2020-12-22","purchased_purges":1,"victory":false,"max_hp_per_floor":[80,80,80,80,80,80,87,87,87,87,87,87,87,87],"relic_stats":{"Centennial Puzzle":[6],"counters":[9,45],"Bird Faced Urn":[0],"Letter Opener":[0],"Smiling Mask":25,"obtain_stats":[{"Centennial Puzzle":10,"Bird Faced Urn":0,"Strawberry":7,"Letter Opener":11,"Smiling Mask":9,"Burning Blood":0},{"Centennial Puzzle":7,"Bird Faced Urn":0,"Strawberry":6,"Letter Opener":8,"Smiling Mask":7,"Burning Blood":0},{"Centennial Puzzle":34,"Bird Faced Urn":0,"Strawberry":30,"Letter Opener":38,"Smiling Mask":34,"Burning Blood":0}],"Burning Blood":48},"card_choices":[{"not_picked":["Dark Embrace","Dual Wield"],"picked":"Pommel Strike","floor":1},{"not_picked":["Clash","Havoc"],"picked":"Flame Barrier","floor":2},{"not_picked":["Wild Strike","Pummel"],"picked":"Armaments","floor":3},{"not_picked":["Sword Boomerang","Shockwave"],"picked":"Cleave","floor":4},{"not_picked":["Clash","Ghostly Armor"],"picked":"Warcry","floor":5},{"not_picked":["Hemokinesis","Disarm"],"picked":"Thunderclap","floor":7},{"not_picked":["Flex","Anger"],"picked":"Second Wind","floor":8},{"not_picked":["Havoc","Clash"],"picked":"Bloodletting","floor":11}],"player_experience":478835,"relics_obtained":[{"floor":7,"key":"Strawberry"},{"floor":9,"key":"Smiling Mask"},{"floor":11,"key":"Letter Opener"}],"event_choices":[],"is_beta":false,"boss_relics":[],"items_purged_floors":[12],"is_endless":false,"potions_floor_spawned":[1,2],"killed_by":"Lagavulin","ascension_level":13}}