{"host":"nlbr7nnijupf3yfg","time":1609553134,"event":{"mods":["AchievementEnabler","BaseMod","Colored Powertips","DeckTracker","Downfall","Hubris","Minty Spire (QoL Compilation)","Replay The Spire","StSLib","SuperFastMode"],"gold_per_floor":[119,119,134,226,242,274,274,302,302,335,335,335,335,345,345,444,444,454,173,173,223,240,240,253,288,311,328,328,362,362,377,377,480,480,498,516,269,282,282,282],"floor_reached":39,"playtime":801,"items_purged":["Strike_R","Perfected Strike"],"score":574,"play_id":"6b9eff52-6da9-474f-ab70-4b0de6e5c406","local_time":"20210101210534","is_ascension_mode":true,"campfire_choices":[{"floor":7,"key":"REST"},{"floor":15,"key":"REST"},{"floor":23,"key":"REST"},{"floor":28,"key":"REST"},{"floor":30,"key":"REST"},{"floor":32,"key":"REST"}],"circlet_count":0,"master_deck":["Strike_R","Strike_R+1","Strike_R","Defend_R+1","Defend_R","Defend_R","Defend_R","Bash","ReplayTheSpireMod:Strike From Hell","Infernal Blade","Rampage","ReplayTheSpireMod:Strike From Hell","Infernal Blade","Spot Weakness","Cleave","Flex+1","Feed","Pommel Strike+1","Infernal Blade","Infernal Blade","Decay","Sword Boomerang+1","ReplayTheSpireMod:Strike From Hell","Clothesline","Clash+1","Anger","Parasite"],"relics":["Burning Blood","NeowsBlessing","Torii","Replay:Baseball","Centennial Puzzle","hubris:GlazedTorus","Mercury Hourglass","ReplayTheSpireMod:Lightbulb","hubris:Icosahedron","Ring of Chaos","Blue Doll","Shovel","PreservedInsect","Simple Rune","ChewingGum","hubris:SlimyHat"],"acts_visited":["Exordium","TheCity","TheBeyond"],"potions_floor_usage":[10,16,18,25,33,33,33,33,35,35,38,38,39],"damage_taken":[{"damage":0,"enemies":"Small Slimes","floor":1,"turns":1},{"damage":0,"enemies":"Jaw Worm","floor":3,"turns":1},{"damage":0,"enemies":"2 Louse","floor":5,"turns":1},{"damage":31,"enemies":"Gremlin Nob","floor":6,"turns":4},{"damage":35,"enemies":"Lagavulin","floor":8,"turns":5},{"damage":10,"enemies":"3 Sentries","floor":10,"turns":4},{"damage":7,"enemies":"Exordium Wildlife","floor":14,"turns":3},{"damage":39,"enemies":"Fading Forest","floor":16,"turns":11},{"damage":30,"enemies":"3 Byrds","floor":18,"turns":4},{"damage":2,"enemies":"Chosen","floor":22,"turns":3},{"damage":26,"enemies":"Snake Plant","floor":24,"turns":2},{"damage":35,"enemies":"Slavers","floor":25,"turns":3},{"damage":6,"enemies":"Sentry and Sphere","floor":27,"turns":3},{"damage":42,"enemies":"Replay:Snechameleon","floor":29,"turns":5},{"damage":6,"enemies":"3 Cultists","floor":31,"turns":3},{"damage":54,"enemies":"hubris:MusketHawk","floor":33,"turns":8},{"damage":35,"enemies":"3 Darklings","floor":35,"turns":4},{"damage":1,"enemies":"Orb Walker","floor":36,"turns":2},{"damage":56,"enemies":"Writhing Mass","floor":38,"turns":6},{"damage":34,"enemies":"Transient","floor":39,"turns":3}],"seed_played":"8141583584347245766","potions_obtained":[{"floor":3,"key":"Guardian:BlockOnCardUsePotion"},{"floor":10,"key":"LiquidMemories"},{"floor":14,"key":"SkillPotion"},{"floor":16,"key":"BlessingOfTheForge"},{"floor":18,"key":"Elixir"},{"floor":24,"key":"BlessingOfTheForge"},{"floor":31,"key":"EntropicBrew"},{"floor":33,"key":"Adrenaline Potion"},{"floor":36,"key":"sneckomod:MuddlingPotion"},{"floor":38,"key":"champ:CounterPotion"}],"is_trial":false,"path_per_floor":["M","?","M","?","M","E","R","E","T","E","$","?","?","M","R","B",null,"M","$","?","?","M","R","M","E","T","M","R","E","R","M","R","B",null,"M","M","$","M","M"],"character_chosen":"IRONCLAD","items_purchased":["Blue Doll","Infernal Blade","hubris:SlimyHat"],"campfire_rested":6,"item_purchase_floors":[19,19,37],"current_hp_per_floor":[80,73,79,79,80,55,79,50,50,46,46,46,46,45,69,44,71,50,50,50,50,54,78,58,29,29,29,53,17,41,44,69,60,80,54,59,59,9,0,0],"gold":282,"neow_bonus":"THREE_ENEMY_KILL","is_daily":false,"chose_seed":false,"campfire_upgraded":0,"win_rate":0.0,"timestamp":1609553134,"path_taken":["M","?","M","?","M","E","R","E","T","E","$","?","?","?","R","BOSS","M","$","?","?","M","R","M","E","T","M","R","E","R","?","R","BOSS","M","M","$","?","M"],"items_purchased_type":["Relic","Card","Relic"],"build_version":"2020-12-22","purchased_purges":2,"victory":false,"max_hp_per_floor":[80,80,80,80,80,80,80,80,80,80,80,80,80,80,80,80,80,83,83,83,83,83,83,83,83,83,83,83,83,83,86,86,86,86,89,89,89,89,89,89],"card_choices":[{"not_picked":["Shrug It Off","Anger"],"picked":"ReplayTheSpireMod:Strike From Hell","floor":1},{"not_picked":["Sword Boomerang","Feel No Pain"],"picked":"Infernal Blade","floor":3},{"not_picked":["Shrug It Off","Havoc"],"picked":"Rampage","floor":4},{"not_picked":["Flex","Reckless Charge"],"picked":"ReplayTheSpireMod:Strike From Hell","floor":4},{"not_picked":["Blood for Blood","ReplayTheSpireMod:Corrosion Curse"],"picked":"Infernal Blade","floor":5},{"not_picked":["Blood for Blood","Juggernaut"],"picked":"Spot Weakness","floor":6},{"not_picked":["Life Link","Warcry","Ghostly Armor"],"picked":"SKIP","floor":8},{"not_picked":["Body Slam","Wild Strike"],"picked":"Cleave","floor":10},{"not_picked":["Iron Wave","Armaments","Intimidate"],"picked":"SKIP","floor":14},{"not_picked":["Demonic Infusion","Hemogenesis"],"picked":"Feed","floor":16},{"not_picked":["Whirlwind","Clash"],"picked":"Pommel Strike+1","floor":18},{"not_picked":["Body Slam","Clothesline"],"picked":"Sword Boomerang+1","floor":22},{"not_picked":["hubris:SharpeningStone","Sword Boomerang"],"picked":"ReplayTheSpireMod:Strike From Hell","floor":24},{"not_picked":["Sever Soul","Perfected Strike","Corruption"],"picked":"SKIP","floor":25},{"not_picked":["Pommel Strike","Bloodletting"],"picked":"Clothesline","floor":27},{"not_picked":["Burning Pact","Dropkick"],"picked":"Clash+1","floor":29},{"not_picked":["Defy Death","Body Slam","Burning Pact"],"picked":"SKIP","floor":31},{"not_picked":["Pommel Strike","Twin Strike"],"picked":"Anger","floor":35},{"not_picked":["Iron Wave","Hemokinesis"],"picked":"Perfected Strike","floor":36},{"not_picked":["Headbutt+1","Warcry+1","Intimidate+1"],"picked":"SKIP","floor":38}],"player_experience":27203,"relics_obtained":[{"floor":4,"key":"Replay:Baseball"},{"floor":6,"key":"Centennial Puzzle"},{"floor":8,"key":"hubris:GlazedTorus"},{"floor":9,"key":"Mercury Hourglass"},{"floor":10,"key":"ReplayTheSpireMod:Lightbulb"},{"floor":25,"key":"Shovel"},{"floor":26,"key":"PreservedInsect"},{"floor":29,"key":"Simple Rune"}],"event_choices":[{"damage_healed":0,"gold_gain":0,"player_choice":"Success","damage_taken":7,"relics_obtained":["Torii"],"max_hp_gain":0,"max_hp_loss":0,"event_name":"Scrap Ooze","floor":2,"gold_loss":0},{"damage_healed":0,"gold_gain":0,"player_choice":"Smashed Altar","damage_taken":0,"max_hp_gain":0,"max_hp_loss":0,"event_name":"Forgotten Altar","floor":20,"gold_loss":0,"cards_obtained":["Decay"]},{"damage_healed":0,"gold_gain":100,"player_choice":"Bet on Murderer","damage_taken":0,"max_hp_gain":0,"max_hp_loss":0,"event_name":"The Joust","floor":21,"gold_loss":50}],"is_beta":false,"boss_relics":[{"not_picked":["hubris:BlackHole","Astrolabe"],"picked":"Ring of Chaos"},{"not_picked":["Replay:Wanted Poster","Philosopher\u0027s Stone"],"picked":"ChewingGum"}],"items_purged_floors":[19,37],"is_endless":false,"potions_floor_spawned":[3,10,14,16,18,24,31,33,36,38],"killed_by":"Transient","ascension_level":5}}