{"host":"cx72hbz6x0kxjg15","time":1609612664,"event":{"mods":["Aspiration","BaseMod","BetterRewards","Colored Map","Downfall","Friendly Minions","Hubris","Minty Spire (QoL Compilation)","Relic Sorter","Relic Stats","Replay The Spire","StSLib","vexMod"],"gold_per_floor":[116,116,291,304,279,323,323,15,15,29,53,88,117,146,146,316,316,359,359,389,417,7,7,58,58,58,71,71,96,136,151,151,302,302,334,353,381,381,714,714,747,865,865,865,865,623,636,686,686,686],"floor_reached":51,"playtime":1609,"items_purged":["Strike_R","Doubt","Defend_R"],"score":1182,"play_id":"bcac5d3e-fdb5-462d-af02-d174f0d5adf6","local_time":"20210102193744","is_ascension_mode":true,"campfire_choices":[{"data":"Inflame","floor":7,"key":"SMITH"},{"data":"Body Slam","floor":15,"key":"SMITH"},{"data":"Shockwave","floor":23,"key":"SMITH"},{"data":"Pummel","floor":25,"key":"SMITH"},{"data":"Battle Trance","floor":28,"key":"SMITH"},{"floor":32,"key":"DIG"},{"data":"Limit Break","floor":40,"key":"SMITH"},{"data":"Bash","floor":44,"key":"SMITH"},{"data":"expansioncontent:QuickStudy","floor":49,"key":"SMITH"}],"circlet_count":0,"master_deck":["Strike_R","Strike_R","Defend_R","Defend_R","Defend_R","Bash+1","Inflame+1","Shockwave+1","Body Slam+1","Cleave","Battle Trance+1","Limit Break+1","Pummel+1","Limit Break+1","expansioncontent:QuickStudy+1"],"relics":["Burning Blood","hubris:Icosahedron","Orichalcum","Mirror","hubris:EmptyBottle","Unceasing Top","vexMod:ConsolationPrize","Gremlin Horn","aspiration:StickyExplosives_weak","CeramicFish","Painkiller Herb","aspiration:HatOfInfinitePower","Matryoshka","aspiration:ChemicalBlood","Tiny Chest","Replay:Mystery Machine","Question Card","Empty Cage","hubris:IronBody","Blue Doll","Nunchaku","Replay:Bottled Flurry","ReplayTheSpireMod:ShopPack","FossilizedHelix"],"acts_visited":["Exordium","TheCity","TheBeyond"],"potions_floor_usage":[6,6,11,12,12,13,14,14,33,33,41,50,50,50,50,50,50],"damage_taken":[{"damage":0,"enemies":"2 Louse","floor":1,"turns":3},{"damage":8,"enemies":"Jaw Worm","floor":4,"turns":6},{"damage":38,"enemies":"3 Sentries","floor":6,"turns":13},{"damage":1,"enemies":"Small Slimes","floor":10,"turns":4},{"damage":3,"enemies":"2 Fungi Beasts","floor":11,"turns":2},{"damage":4,"enemies":"Lagavulin","floor":12,"turns":7},{"damage":1,"enemies":"Gremlin Gang","floor":13,"turns":3},{"damage":4,"enemies":"Looter","floor":14,"turns":4},{"damage":32,"enemies":"Hexaghost","floor":16,"turns":9},{"damage":14,"enemies":"Chosen","floor":18,"turns":5},{"damage":15,"enemies":"Shell Parasite","floor":20,"turns":4},{"damage":15,"enemies":"Snake Plant","floor":21,"turns":4},{"damage":15,"enemies":"Replay:Snechameleon","floor":24,"turns":4},{"damage":0,"enemies":"Chosen and Byrds","floor":27,"turns":3},{"damage":5,"enemies":"Sentry and Sphere","floor":29,"turns":3},{"damage":0,"enemies":"Gremlin Leader","floor":30,"turns":4},{"damage":0,"enemies":"3 Cultists","floor":31,"turns":3},{"damage":14,"enemies":"hubris:MusketHawk","floor":33,"turns":5},{"damage":9,"enemies":"3 Shapes","floor":35,"turns":3},{"damage":6,"enemies":"Orb Walker","floor":36,"turns":3},{"damage":9,"enemies":"Transient","floor":37,"turns":5},{"damage":0,"enemies":"Reptomancer","floor":41,"turns":2},{"damage":0,"enemies":"Maw","floor":42,"turns":3},{"damage":0,"enemies":"Jaw Worm Horde","floor":47,"turns":2},{"damage":3,"enemies":"Mind Bloom Boss Battle","floor":48,"turns":3},{"damage":0,"enemies":"Awakened One","floor":50,"turns":4}],"seed_played":"6255877314580247483","potions_obtained":[{"floor":1,"key":"BloodPotion"},{"floor":6,"key":"EssenceOfSteel"},{"floor":12,"key":"Ancient Potion"},{"floor":14,"key":"Fruit Juice"},{"floor":18,"key":"sneckomod:MuddlingPotion"},{"floor":21,"key":"Elixir"},{"floor":24,"key":"Explosive Potion"},{"floor":31,"key":"Strength Potion"},{"floor":35,"key":"Block Potion"},{"floor":50,"key":"Cursed Concoction"}],"is_trial":false,"path_per_floor":["M","?","?","M","?","E","R","$","T","M","M","E","M","M","R","B",null,"?","?","?","?","T","T","E","T","T","?","T","?","E","?","T","B",null,"?","?","?","?","?","T","E","?","T","T","T","T","?","?","T","B",null],"character_chosen":"IRONCLAD","items_purchased":["Orichalcum","Mirror","hubris:EmptyBottle","Inflame","Gremlin Horn","Explosive Potion","aspiration:HatOfInfinitePower","ReplayTheSpireMod:ShopPack"],"campfire_rested":0,"item_purchase_floors":[0,0,0,0,8,8,22,46],"current_hp_per_floor":[40,20,20,18,18,18,18,18,18,23,26,28,33,45,45,19,90,82,82,73,64,64,64,55,55,55,61,61,62,68,74,74,66,90,87,87,84,84,84,84,90,90,90,90,90,90,90,90,90,90],"gold":686,"neow_bonus":"","is_daily":false,"chose_seed":false,"campfire_upgraded":8,"win_rate":0.0,"timestamp":1609612664,"path_taken":["M","?","?","?","?","E","R","$","T","M","M","E","M","M","R","BOSS","?","?","?","?","T","T","E","T","T","?","T","?","E","?","T","BOSS","?","?","?","?","?","T","E","?","T","T","?","T","?","?","T","BOSS"],"items_purchased_type":["Relic","Relic","Relic","Card","Relic","Potion","Relic","Relic"],"build_version":"2020-12-22","purchased_purges":3,"victory":true,"max_hp_per_floor":[80,80,80,80,80,80,80,80,80,80,80,80,80,90,90,90,90,90,90,90,90,90,90,90,90,90,90,90,90,90,90,90,90,90,90,90,90,90,90,90,90,90,90,90,90,90,90,90,90,90],"relic_stats":{"Nunchaku":[12],"Gremlin Horn":[28,36],"counters":[51,169],"CeramicFish":54,"Tiny Chest":1,"Orichalcum":[336],"Question Card":13,"obtain_stats":[{"ReplayFunnel":26,"aspiration:Lifesprig":27,"Gremlin Horn":7,"CeramicFish":12,"Painkiller Herb":17,"Blue Doll":43,"aspiration:Stabinomicon":30,"Ginger":23,"hubris:EmptyBottle":0,"Replay:Mystery Machine":30,"Empty Cage":34,"Burning Blood":0,"aspiration:StickyExplosives_weak":9,"Nunchaku":27,"m_SlimeRing":42,"Matryoshka":9,"hubris:Icosahedron":38,"Replay:M_SmolderingBlood":8,"Philosopher\u0027s Stone":34,"Tiny Chest":26,"hubris:IronBody":42,"Replay:Bottled Flurry":45,"Replay:Wax Seal":10,"aspiration:ChemicalBlood":26,"hubris:Teleporter":0,"hubris:64BitClover":0,"aspiration:Nostalgia":42,"Golden Idol":2,"vexMod:ConsolationPrize":26,"Letter Opener":43,"Orichalcum":0,"aspiration:HiddenCompartment":40,"Question Card":32,"Bottled Flame":19,"Replay:Baseball":47,"vexMod:BarristanHead":37,"Brimstone":21,"hubris:BottledHeart":22,"Membership Card":39,"Mirror":0,"aspiration:HatOfInfinitePower":22,"Unceasing Top":0,"FossilizedHelix":48,"ReplayTheSpireMod:ShopPack":0},{"ReplayFunnel":12,"aspiration:Lifesprig":12,"Gremlin Horn":3,"CeramicFish":31,"Painkiller Herb":7,"Blue Doll":48,"aspiration:Stabinomicon":14,"Ginger":11,"hubris:EmptyBottle":25,"Replay:Mystery Machine":41,"Empty Cage":43,"Burning Blood":0,"aspiration:StickyExplosives_weak":28,"Nunchaku":12,"m_SlimeRing":20,"Matryoshka":3,"hubris:Icosahedron":46,"Replay:M_SmolderingBlood":3,"Philosopher\u0027s Stone":16,"Tiny Chest":38,"hubris:IronBody":20,"Replay:Bottled Flurry":48,"Replay:Wax Seal":4,"aspiration:ChemicalBlood":38,"hubris:Teleporter":0,"hubris:64BitClover":0,"aspiration:Nostalgia":20,"Golden Idol":26,"vexMod:ConsolationPrize":12,"Letter Opener":20,"Orichalcum":25,"aspiration:HiddenCompartment":20,"Question Card":42,"Bottled Flame":9,"Replay:Baseball":24,"vexMod:BarristanHead":18,"Brimstone":10,"hubris:BottledHeart":10,"Membership Card":19,"Mirror":25,"aspiration:HatOfInfinitePower":37,"Unceasing Top":25,"FossilizedHelix":50,"ReplayTheSpireMod:ShopPack":0},{"ReplayFunnel":28,"aspiration:Lifesprig":28,"Gremlin Horn":8,"CeramicFish":96,"Painkiller Herb":19,"Blue Doll":160,"aspiration:Stabinomicon":34,"Ginger":26,"hubris:EmptyBottle":61,"Replay:Mystery Machine":136,"Empty Cage":144,"Burning Blood":0,"aspiration:StickyExplosives_weak":83,"Nunchaku":28,"m_SlimeRing":47,"Matryoshka":8,"hubris:Icosahedron":155,"Replay:M_SmolderingBlood":8,"Philosopher\u0027s Stone":40,"Tiny Chest":126,"hubris:IronBody":47,"Replay:Bottled Flurry":160,"Replay:Wax Seal":10,"aspiration:ChemicalBlood":126,"hubris:Teleporter":0,"hubris:64BitClover":0,"aspiration:Nostalgia":47,"Golden Idol":64,"vexMod:ConsolationPrize":28,"Letter Opener":47,"Orichalcum":61,"aspiration:HiddenCompartment":47,"Question Card":139,"Bottled Flame":22,"Replay:Baseball":58,"vexMod:BarristanHead":43,"Brimstone":25,"hubris:BottledHeart":25,"Membership Card":45,"Mirror":61,"aspiration:HatOfInfinitePower":123,"Unceasing Top":61,"FossilizedHelix":165,"ReplayTheSpireMod:ShopPack":0}],"Burning Blood":135,"Unceasing Top":[10]},"card_choices":[{"not_picked":["Twin Strike","Bloodletting","Rage"],"picked":"SKIP","floor":1},{"not_picked":["Inflame","Thunderclap","Entrench"],"picked":"SKIP","floor":4},{"not_picked":["Power Through","Berserk","Burning Pact"],"picked":"SKIP","floor":6},{"not_picked":["Flex","Clothesline"],"picked":"Shockwave","floor":10},{"not_picked":["ReplayTheSpireMod:Strike From Hell","Twin Strike"],"picked":"Body Slam","floor":11},{"not_picked":["Anger","Sever Soul","ReplayTheSpireMod:Strike From Hell"],"picked":"SKIP","floor":12},{"not_picked":["Clothesline","ReplayTheSpireMod:Strike From Hell"],"picked":"Cleave","floor":13},{"not_picked":["True Grit","Massacre"],"picked":"Battle Trance","floor":14},{"not_picked":["Hemogenesis","Corruption"],"picked":"Limit Break","floor":16},{"not_picked":["Havoc","Warcry"],"picked":"Pummel","floor":18},{"not_picked":["Armaments","Entrench","ReplayTheSpireMod:Stacked"],"picked":"SKIP","floor":20},{"not_picked":["Anger","Clothesline+1","hubris:ReadiedAction+1"],"picked":"SKIP","floor":21},{"not_picked":["Twin Strike","Whirlwind","Blood for Blood+1"],"picked":"SKIP","floor":24},{"not_picked":["Pommel Strike","Clash","Dropkick+1"],"picked":"SKIP","floor":27},{"not_picked":["Wild Strike","Heavy Blade","ReplayTheSpireMod:Strike From Hell"],"picked":"SKIP","floor":29},{"not_picked":["ReplayTheSpireMod:Stacked","Shockwave","Reckless Charge"],"picked":"SKIP","floor":30},{"not_picked":["Flame Barrier","Sword Boomerang","Clothesline"],"picked":"SKIP","floor":31},{"not_picked":["Reaper","hubris:StunningStrike","Double Tap"],"picked":"Limit Break","floor":33},{"not_picked":["Armaments+1","Sword Boomerang+1","Sentinel","Evolve+1"],"picked":"SKIP","floor":35},{"not_picked":["Pommel Strike+1","Replay:Undeath\u0027s Touch","ReplayReversal+1","Heavy Blade"],"picked":"SKIP","floor":36},{"not_picked":["Shrug It Off+1","Shockwave","Feel No Pain+1","Anger"],"picked":"SKIP","floor":37},{"not_picked":["Blood for Blood+1","Armaments","Metallicize+1","Pommel Strike+1"],"picked":"SKIP","floor":41},{"not_picked":["ReplayTheSpireMod:Strike From Hell+1","Seeing Red","hubris:CleavingFinish+1","Iron Wave+1"],"picked":"SKIP","floor":42},{"not_picked":["Transmutation","Thinking Ahead","Poisoned Strike"],"picked":"expansioncontent:QuickStudy","floor":46},{"not_picked":["True Grit+1","Defy Death","Clash","Shrug It Off"],"picked":"SKIP","floor":47}],"player_experience":475160,"relics_obtained":[{"floor":6,"key":"vexMod:ConsolationPrize"},{"floor":9,"key":"aspiration:StickyExplosives_weak"},{"floor":12,"key":"CeramicFish"},{"floor":24,"key":"Matryoshka"},{"floor":26,"key":"aspiration:ChemicalBlood"},{"floor":26,"key":"Tiny Chest"},{"floor":30,"key":"Replay:Mystery Machine"},{"floor":32,"key":"Question Card"},{"floor":41,"key":"hubris:IronBody"},{"floor":43,"key":"Blue Doll"},{"floor":43,"key":"Nunchaku"},{"floor":45,"key":"Replay:Bottled Flurry"},{"floor":48,"key":"FossilizedHelix"}],"event_choices":[{"damage_healed":0,"gold_gain":0,"player_choice":"Take Damage","damage_taken":20,"relics_obtained":["Golden Idol"],"max_hp_gain":0,"max_hp_loss":0,"event_name":"Golden Idol","floor":2,"gold_loss":0},{"damage_healed":0,"gold_gain":175,"player_choice":"AGREE","damage_taken":0,"max_hp_gain":0,"max_hp_loss":0,"event_name":"Liars Game","floor":3,"gold_loss":0,"cards_obtained":["Doubt"]},{"damage_healed":0,"gold_gain":0,"player_choice":"Forge","damage_taken":0,"max_hp_gain":0,"max_hp_loss":0,"event_name":"Accursed Blacksmith","floor":19,"gold_loss":0,"cards_upgraded":["Limit Break"]},{"damage_healed":0,"gold_gain":333,"player_choice":"Gave Idol","damage_taken":0,"max_hp_gain":0,"max_hp_loss":0,"event_name":"The Moai Head","floor":39,"relics_lost":["Golden Idol"],"gold_loss":0},{"damage_healed":0,"gold_gain":0,"player_choice":"Fight","damage_taken":0,"max_hp_gain":0,"max_hp_loss":0,"event_name":"MindBloom","floor":48,"gold_loss":0}],"is_beta":false,"boss_relics":[{"not_picked":["Abe\u0027s Treasure","aspiration:WatcherSkillbook"],"picked":"Painkiller Herb"},{"not_picked":["Black Blood","Busted Crown"],"picked":"Empty Cage"}],"items_purged_floors":[0,22,46],"is_endless":false,"potions_floor_spawned":[1,6,12,14,18,21,24,31,35,36,41,48],"ascension_level":1}}