{"host":"fuszjwm6fqgjjp4d","time":1609576752,"event":{"mods":["BaseMod","Bestiary","Colored Map","DeckTracker","Minty Spire (QoL Compilation)","Permanent Neow","Relic Sorter","Relic Stats","StSLib"],"gold_per_floor":[117,136,136,52,71,71,105,105,153,153,153],"floor_reached":10,"playtime":192,"items_purged":[],"score":132,"play_id":"d9a9bba1-692a-4ad4-b5d7-dff983c4cbed","local_time":"20210102023912","is_ascension_mode":true,"campfire_choices":[{"data":"Infinite Blades","floor":6,"key":"SMITH"},{"data":"Caltrops","floor":8,"key":"SMITH"}],"circlet_count":0,"master_deck":["AscendersBane","Strike_G","Strike_G","Strike_G","Strike_G","Defend_G","Defend_G","Defend_G","Defend_G","Defend_G","Survivor","Neutralize","Quick Slash","Backflip","Infinite Blades+1","Slice","Caltrops+1"],"relics":["Sozu","Akabeko","Potion Belt"],"acts_visited":["Exordium"],"potions_floor_usage":[],"damage_taken":[{"damage":0.0,"enemies":"2 Louse","floor":1.0,"turns":3.0},{"damage":1,"enemies":"Cultist","floor":2,"turns":4},{"damage":0,"enemies":"Jaw Worm","floor":5,"turns":4},{"damage":45,"enemies":"Lagavulin","floor":7,"turns":10},{"damage":15,"enemies":"3 Sentries","floor":10,"turns":2}],"seed_played":"4428254574486861548","potions_obtained":[],"is_trial":false,"path_per_floor":["M","M","?","$","M","R","E","R","T","E"],"character_chosen":"THE_SILENT","items_purchased":["Infinite Blades"],"campfire_rested":0,"item_purchase_floors":[4],"current_hp_per_floor":[59,58,58,58,58,58,13,13,13,0,0],"gold":153,"neow_bonus":"BOSS_RELIC","is_daily":false,"chose_seed":false,"campfire_upgraded":2,"win_rate":0.0,"timestamp":1609576752,"path_taken":["M","M","?","$","?","R","E","R","T","E"],"items_purchased_type":["Card"],"build_version":"2020-12-22","purchased_purges":0,"victory":false,"max_hp_per_floor":[66,66,66,66,66,66,66,66,66,66,66],"relic_stats":{"Sozu":2,"counters":[5,23],"obtain_stats":[{"Sozu":0,"Potion Belt":9,"Akabeko":7,"Ring of the Snake":0},{"Sozu":0,"Potion Belt":4,"Akabeko":4,"Ring of the Snake":0},{"Sozu":0,"Potion Belt":21,"Akabeko":21,"Ring of the Snake":0}]},"card_choices":[{"not_picked":["All Out Attack","Bane"],"picked":"Quick Slash","floor":1},{"not_picked":["Tactician","Heel Hook"],"picked":"Backflip","floor":2},{"not_picked":["Calculated Gamble","Tactician"],"picked":"Slice","floor":5},{"not_picked":["Reflex","Sucker Punch"],"picked":"Caltrops","floor":7}],"player_experience":1237721,"relics_obtained":[{"floor":7,"key":"Akabeko"},{"floor":9,"key":"Potion Belt"}],"event_choices":[{"cards_removed":["Strike_G"],"damage_healed":0,"gold_gain":0,"player_choice":"Offered Basic","damage_taken":0,"max_hp_gain":0,"max_hp_loss":0,"event_name":"Bonfire Elementals","floor":3,"gold_loss":0}],"is_beta":false,"boss_relics":[],"items_purged_floors":[],"is_endless":false,"potions_floor_spawned":[2,5],"killed_by":"3 Sentries","ascension_level":20}}