{"host":"rolltorest","time":1609548680,"event":{"mods":["BaseMod","Minty Spire (QoL Compilation)","Relic Stats","Robot Space Explorer","Slay the Relics Exporter","StSLib"],"gold_per_floor":[111,122,72,83,83,116,116,144,168,168,194,194,219,1,1,106,106,119,119,134,233,247,259,300,312,379,421,449,480,492,515,527,635,647,674,1685,1508,1519,1537,1568,1487,1487,1541,1566,1566,1584,1207,1239,1239,1239,1239],"floor_reached":50,"playtime":2898,"items_purged":["Normality","Normality"],"score":765,"play_id":"7e8f07f4-599a-4b6a-8495-05be80a30089","local_time":"20210101165120","is_ascension_mode":true,"campfire_choices":[{"data":"RobotSpaceExplorer:DoubleFind","floor":7,"key":"SMITH"},{"floor":10,"key":"REST"},{"floor":12,"key":"REST"},{"data":"RobotSpaceExplorer:Electroshield","floor":15,"key":"SMITH"},{"floor":23,"key":"REST"},{"floor":25,"key":"REST"},{"data":"RobotSpaceExplorer:BlastShield","floor":32,"key":"SMITH"},{"floor":42,"key":"RECALL"},{"floor":45,"key":"REST"},{"floor":49,"key":"REST"}],"circlet_count":0,"master_deck":["RobotSpaceExplorer:Strike+1","RobotSpaceExplorer:Strike","RobotSpaceExplorer:Strike","RobotSpaceExplorer:Defend","RobotSpaceExplorer:Defend","RobotSpaceExplorer:Defend","RobotSpaceExplorer:Defend","RobotSpaceExplorer:Scan","RobotSpaceExplorer:MiniLasers","Mayhem","RobotSpaceExplorer:DoubleFind+1","RobotSpaceExplorer:ShovelStrike","RobotSpaceExplorer:BlastShield+1","RobotSpaceExplorer:StarLightning+1","RobotSpaceExplorer:Counterblock","RobotSpaceExplorer:MetalStrike","RobotSpaceExplorer:Electroshield+1","RobotSpaceExplorer:Comet","RobotSpaceExplorer:DoubleBlock+1","RobotSpaceExplorer:DroneSwarm","RobotSpaceExplorer:Discharger","RobotSpaceExplorer:FrostMissile","Decay","RobotSpaceExplorer:ChargingLaser","RobotSpaceExplorer:ScrapMissile","RobotSpaceExplorer:Comet","RobotSpaceExplorer:GlueShot+1","RobotSpaceExplorer:HighVoltage","RobotSpaceExplorer:ShockKick+1","Apotheosis+1","Jack Of All Trades+1","RobotSpaceExplorer:BlastShield+1"],"relics":["RobotSpaceExplorer:RoboCore","Nunchaku","Art of War","Pear","Unceasing Top","Akabeko","Membership Card","Sozu","MawBank","Vajra","Blood Vial","Centennial Puzzle","RobotSpaceExplorer:Reprocessor","Chemical X","Bottled Lightning","Toxic Egg 2","Omamori","Bag of Marbles","Lantern","TheAbacus","Whetstone"],"acts_visited":["Exordium","TheCity","TheBeyond"],"potions_floor_usage":[16],"damage_taken":[{"damage":0,"enemies":"Jaw Worm","floor":1,"turns":6},{"damage":9,"enemies":"Small Slimes","floor":2,"turns":6},{"damage":9,"enemies":"2 Louse","floor":4,"turns":3},{"damage":17,"enemies":"3 Sentries","floor":6,"turns":7},{"damage":13,"enemies":"Lagavulin","floor":8,"turns":6},{"damage":21,"enemies":"Gremlin Nob","floor":11,"turns":4},{"damage":15,"enemies":"Lagavulin","floor":13,"turns":9},{"damage":15,"enemies":"The Guardian","floor":16,"turns":13},{"damage":16,"enemies":"3 Byrds","floor":18,"turns":4},{"damage":6,"enemies":"Spheric Guardian","floor":20,"turns":4},{"damage":25,"enemies":"Shelled Parasite and Fungi","floor":22,"turns":7},{"damage":22,"enemies":"Slavers","floor":24,"turns":6},{"damage":6,"enemies":"Book of Stabbing","floor":27,"turns":7},{"damage":3,"enemies":"Snecko","floor":28,"turns":4},{"damage":1,"enemies":"Centurion and Healer","floor":29,"turns":5},{"damage":1,"enemies":"Chosen and Byrds","floor":31,"turns":5},{"damage":19,"enemies":"Champ","floor":33,"turns":13},{"damage":0,"enemies":"3 Shapes","floor":35,"turns":3},{"damage":37,"enemies":"3 Darklings","floor":38,"turns":6},{"damage":0,"enemies":"Sphere and 2 Shapes","floor":39,"turns":5},{"damage":9,"enemies":"Giant Head","floor":40,"turns":10},{"damage":11,"enemies":"Nemesis","floor":44,"turns":11},{"damage":24,"enemies":"Writhing Mass","floor":46,"turns":8},{"damage":4,"enemies":"Giant Head","floor":48,"turns":9},{"damage":53,"enemies":"Time Eater","floor":50,"turns":11}],"seed_played":"-7749521901361959036","potions_obtained":[{"floor":1,"key":"Dexterity Potion"},{"floor":4,"key":"Dexterity Potion"},{"floor":8,"key":"Fire Potion"},{"floor":16,"key":"PowerPotion"}],"is_trial":false,"path_per_floor":["M","M","?","M","?","E","R","E","T","R","E","R","E","$","R","B",null,"M","?","M","?","M","R","E","R","T","E","M","M","?","M","R","B",null,"M","?","$","M","M","E","?","R","T","E","R","M","$","E","R","B"],"character_chosen":"RobotSpaceExplorer","items_purchased":["Membership Card","RobotSpaceExplorer:Comet","Chemical X","RobotSpaceExplorer:Comet","Apotheosis+1","Jack Of All Trades+1","Lantern","RobotSpaceExplorer:BlastShield+1","TheAbacus"],"campfire_rested":6,"item_purchase_floors":[14,14,37,37,47,47,47,47,47],"current_hp_per_floor":[68,59,59,50,38,21,21,18,18,41,20,43,28,28,28,13,78,62,55,49,49,24,47,25,48,48,44,43,44,44,45,45,28,78,78,78,78,41,43,36,36,36,36,27,50,28,28,26,49,0,0],"gold":1239,"neow_bonus":"RANDOM_COLORLESS_2","is_daily":false,"chose_seed":false,"campfire_upgraded":3,"win_rate":0.0,"timestamp":1609548680,"path_taken":["M","M","?","M","?","E","R","E","T","R","E","R","E","$","R","BOSS","M","?","?","?","M","R","E","R","T","E","M","M","?","M","R","BOSS","M","?","$","M","M","E","?","R","T","E","R","?","$","E","R","BOSS"],"items_purchased_type":["Relic","Card","Relic","Card","Card","Card","Relic","Card","Relic"],"build_version":"2020-12-18","purchased_purges":2,"victory":false,"max_hp_per_floor":[68,68,68,68,68,68,68,78,78,78,78,78,78,78,78,78,78,78,78,78,78,78,78,78,78,78,78,78,78,78,78,78,78,78,78,78,78,78,78,78,78,78,78,78,78,78,78,78,78,78,78],"relic_stats":{"Sozu":9,"Blood Vial":22,"Nunchaku":[30],"Centennial Puzzle":[30],"TheAbacus":[18],"counters":[25,172],"Art of War":[23],"Chemical X":[8],"Whetstone":["RobotSpaceExplorer:Strike","RobotSpaceExplorer:StarLightning"],"MawBank":180,"obtain_stats":[{"Lantern":47,"Pear":8,"Vajra":24,"RobotSpaceExplorer:RoboCore":0,"Omamori":43,"RobotSpaceExplorer:Reprocessor":34,"Whetstone":48,"MawBank":22,"Akabeko":13,"Sozu":17,"Blood Vial":26,"Nunchaku":5,"Centennial Puzzle":27,"TheAbacus":47,"Art of War":6,"Bag of Marbles":44,"Membership Card":14,"Chemical X":37,"Bottled Lightning":40,"Toxic Egg 2":41,"Unceasing Top":11},{"Lantern":23,"Pear":5,"Vajra":12,"RobotSpaceExplorer:RoboCore":0,"Omamori":21,"RobotSpaceExplorer:Reprocessor":17,"Whetstone":24,"MawBank":11,"Akabeko":7,"Sozu":8,"Blood Vial":12,"Nunchaku":3,"Centennial Puzzle":13,"TheAbacus":23,"Art of War":4,"Bag of Marbles":22,"Membership Card":7,"Chemical X":18,"Bottled Lightning":21,"Toxic Egg 2":21,"Unceasing Top":6},{"Lantern":152,"Pear":28,"Vajra":75,"RobotSpaceExplorer:RoboCore":0,"Omamori":133,"RobotSpaceExplorer:Reprocessor":109,"Whetstone":161,"MawBank":69,"Akabeko":41,"Sozu":54,"Blood Vial":75,"Nunchaku":15,"Centennial Puzzle":82,"TheAbacus":152,"Art of War":22,"Bag of Marbles":144,"Membership Card":41,"Chemical X":112,"Bottled Lightning":133,"Toxic Egg 2":133,"Unceasing Top":32}],"Unceasing Top":[2]},"card_choices":[{"not_picked":["Violence","Master of Strategy"],"picked":"Mayhem","floor":0},{"not_picked":["RobotSpaceExplorer:MiniBoosters","RobotSpaceExplorer:Ammunition"],"picked":"RobotSpaceExplorer:DoubleFind","floor":1},{"not_picked":["RobotSpaceExplorer:StunGrenade","RobotSpaceExplorer:Reload"],"picked":"RobotSpaceExplorer:ShovelStrike","floor":2},{"not_picked":["RobotSpaceExplorer:Ammunition","RobotSpaceExplorer:FranticSearch"],"picked":"RobotSpaceExplorer:BlastShield","floor":4},{"not_picked":["RobotSpaceExplorer:GearShield","RobotSpaceExplorer:ToxicBomb"],"picked":"RobotSpaceExplorer:StarLightning","floor":6},{"not_picked":["RobotSpaceExplorer:ScrapShield","RobotSpaceExplorer:Probe"],"picked":"RobotSpaceExplorer:Counterblock","floor":8},{"not_picked":["RobotSpaceExplorer:SlimeMissile","RobotSpaceExplorer:Probe"],"picked":"RobotSpaceExplorer:MetalStrike","floor":11},{"not_picked":["RobotSpaceExplorer:LuckyStrike","RobotSpaceExplorer:ImprovisedAttack"],"picked":"RobotSpaceExplorer:Electroshield","floor":13},{"not_picked":["RobotSpaceExplorer:BlastShield","RobotSpaceExplorer:Multitool"],"picked":"RobotSpaceExplorer:Exploration","floor":16},{"not_picked":["RobotSpaceExplorer:ShockKick","RobotSpaceExplorer:Counterblock","RobotSpaceExplorer:SwiftStep"],"picked":"SKIP","floor":18},{"not_picked":["RobotSpaceExplorer:SurgingStrike","RobotSpaceExplorer:Autoloader","RobotSpaceExplorer:GlueShot"],"picked":"SKIP","floor":20},{"not_picked":["RobotSpaceExplorer:LuckyStrike","RobotSpaceExplorer:PowerGlove"],"picked":"RobotSpaceExplorer:DoubleBlock+1","floor":22},{"not_picked":["RobotSpaceExplorer:SelfCleaning+1","RobotSpaceExplorer:LuckyStrike+1"],"picked":"RobotSpaceExplorer:DroneSwarm","floor":24},{"not_picked":["RobotSpaceExplorer:ScrapMissile","RobotSpaceExplorer:IronShell"],"picked":"RobotSpaceExplorer:Discharger","floor":27},{"not_picked":["RobotSpaceExplorer:Fix","RobotSpaceExplorer:PowerGlove"],"picked":"RobotSpaceExplorer:FrostMissile","floor":28},{"not_picked":["RobotSpaceExplorer:SurgingStrike","RobotSpaceExplorer:SwiftStep+1","RobotSpaceExplorer:FranticSearch"],"picked":"SKIP","floor":29},{"not_picked":["RobotSpaceExplorer:Smokescreen","RobotSpaceExplorer:Reload","RobotSpaceExplorer:FranticSearch"],"picked":"SKIP","floor":31},{"not_picked":["RobotSpaceExplorer:Scanner","RobotSpaceExplorer:Accelerator"],"picked":"RobotSpaceExplorer:ChargingLaser","floor":33},{"not_picked":["RobotSpaceExplorer:GlueShot+1","RobotSpaceExplorer:MetalStrike+1"],"picked":"RobotSpaceExplorer:ScrapMissile","floor":35},{"not_picked":["RobotSpaceExplorer:SwiftStep","RobotSpaceExplorer:SurgingStrike+1","RobotSpaceExplorer:MiniDrones+1"],"picked":"SKIP","floor":38},{"not_picked":["RobotSpaceExplorer:StunGrenade","RobotSpaceExplorer:SlimeMissile"],"picked":"RobotSpaceExplorer:GlueShot+1","floor":39},{"not_picked":["RobotSpaceExplorer:Scanner","RobotSpaceExplorer:ImprovisedAttack+1","RobotSpaceExplorer:SwiftStep+1"],"picked":"SKIP","floor":40},{"not_picked":["RobotSpaceExplorer:ShovelStrike","RobotSpaceExplorer:Probe"],"picked":"RobotSpaceExplorer:HighVoltage","floor":44},{"not_picked":["RobotSpaceExplorer:PowerCollector+1","RobotSpaceExplorer:IronShell+1"],"picked":"RobotSpaceExplorer:ShockKick+1","floor":46},{"not_picked":["RobotSpaceExplorer:ShockKick","RobotSpaceExplorer:MiniDrones","RobotSpaceExplorer:StarDust"],"picked":"SKIP","floor":48}],"player_experience":1733467,"relics_obtained":[{"floor":6,"key":"Art of War"},{"floor":8,"key":"Pear"},{"floor":11,"key":"Unceasing Top"},{"floor":13,"key":"Akabeko"},{"floor":22,"key":"MawBank"},{"floor":24,"key":"Vajra"},{"floor":26,"key":"Blood Vial"},{"floor":27,"key":"Centennial Puzzle"},{"floor":40,"key":"Bottled Lightning"},{"floor":43,"key":"Omamori"},{"floor":44,"key":"Bag of Marbles"},{"floor":48,"key":"Whetstone"}],"event_choices":[{"cards_removed":["RobotSpaceExplorer:Strike"],"damage_healed":0,"gold_gain":0,"player_choice":"Card Removal","damage_taken":0,"max_hp_gain":0,"max_hp_loss":0,"event_name":"The Cleric","floor":3,"gold_loss":50},{"damage_healed":0,"gold_gain":0,"player_choice":"Success","damage_taken":12,"relics_obtained":["Nunchaku"],"max_hp_gain":0,"max_hp_loss":0,"event_name":"Scrap Ooze","floor":5,"gold_loss":0},{"damage_healed":0,"gold_gain":0,"player_choice":"Damaged","damage_taken":7,"max_hp_gain":0,"max_hp_loss":0,"event_name":"Wheel of Change","floor":19,"gold_loss":0},{"damage_healed":0,"gold_gain":99,"player_choice":"Stole From Cult","damage_taken":0,"max_hp_gain":0,"max_hp_loss":0,"event_name":"Nest","floor":21,"gold_loss":0},{"damage_healed":0,"gold_gain":0,"player_choice":"Smashed Altar","damage_taken":0,"max_hp_gain":0,"max_hp_loss":0,"event_name":"Forgotten Altar","floor":30,"gold_loss":0,"cards_obtained":["Decay"]},{"damage_healed":0,"gold_gain":999,"player_choice":"Gold","damage_taken":0,"max_hp_gain":0,"max_hp_loss":0,"event_name":"MindBloom","floor":36,"gold_loss":0,"cards_obtained":["Normality","Normality"]},{"damage_healed":0,"gold_gain":0,"player_choice":"Paid Gold","damage_taken":0,"relics_obtained":["Toxic Egg 2"],"max_hp_gain":0,"max_hp_loss":0,"event_name":"WeMeetAgain","floor":41,"gold_loss":81}],"is_beta":true,"boss_relics":[{"not_picked":["Pandora\u0027s Box","Coffee Dripper"],"picked":"Sozu"},{"not_picked":["SacredBark","Fusion Hammer"],"picked":"RobotSpaceExplorer:Reprocessor"}],"items_purged_floors":[37,47],"is_endless":false,"potions_floor_spawned":[1,4,8,16,20,24,28,31,33,40,44,46],"killed_by":"Time Eater","ascension_level":4}}