{"host":"ufl0k2so27eic2iy","time":1609593650,"event":{"mods":["BaseMod","Minty Spire (QoL Compilation)","StSLib","The Animator"],"gold_per_floor":[113,113,13,26,42,42,86,102,102,132,34,49,84,33,33,116,116,126,51,51,88,88,88,88,88],"floor_reached":24,"playtime":1015,"items_purged":["animator:Strike"],"score":506,"play_id":"a4e7e370-442e-4cbe-9db8-9727f75c912b","local_time":"20210102132050","is_ascension_mode":true,"campfire_choices":[{"data":"animator:DolaSchwi","floor":6.0,"key":"SMITH"},{"data":"animator:Arpeggio","floor":15.0,"key":"SMITH"},{"floor":23.0,"key":"REST"}],"circlet_count":0,"master_deck":["AscendersBane","animator:Strike_NoGameNoLife+1","animator:Defend_NoGameNoLife+1","animator:Strike+1","animator:Defend+1","animator:Defend+1","animator:Defend+1","animator:DolaSchwi+1","animator:DolaCouronne","animator:YuukaKazami","animator:Arpeggio+1","animator:OrikoMikuni","animator:ElricEdward","animator:RoyMustang","animator:IzunaHatsuse","animator:DolaStephanie","animator:TukaLunaMarceau","animator:DolaSchwi","animator:Jibril","animator:Shiro","animator:FielNirvalen","animator:SayakaMiki","animator:ChlammyZell"],"relics":["animator:LivingPicture","animator:TheMissingPiece","Pantograph","Blood Vial","Paper Frog","Mummified Hand","Sozu"],"acts_visited":["Exordium","TheCity"],"potions_floor_usage":[24],"damage_taken":[{"damage":0.0,"enemies":"2 Louse","floor":1.0,"turns":5.0},{"damage":2.0,"enemies":"Cultist","floor":4.0,"turns":4.0},{"damage":2.0,"enemies":"Small Slimes","floor":5.0,"turns":4.0},{"damage":6.0,"enemies":"Lagavulin","floor":7.0,"turns":4.0},{"damage":3.0,"enemies":"Blue Slaver","floor":8.0,"turns":4.0},{"damage":11.0,"enemies":"Gremlin Nob","floor":10.0,"turns":4.0},{"damage":10.0,"enemies":"Exordium Thugs","floor":12.0,"turns":4.0},{"damage":0.0,"enemies":"Lagavulin","floor":13.0,"turns":6.0},{"damage":0.0,"enemies":"Slime Boss","floor":16.0,"turns":6.0},{"damage":15.0,"enemies":"Spheric Guardian","floor":18.0,"turns":4.0},{"damage":10.0,"enemies":"Shell Parasite","floor":21.0,"turns":4.0},{"damage":54,"enemies":"Slavers","floor":24,"turns":4}],"seed_played":"-4143970588229479700","potions_obtained":[{"floor":0.0,"key":"Fire Potion"},{"floor":0.0,"key":"Fire Potion"},{"floor":8.0,"key":"LiquidMemories"},{"floor":12.0,"key":"PowerPotion"},{"floor":16.0,"key":"Energy Potion"}],"is_trial":false,"path_per_floor":["M","?","$","M","M","R","E","M","T","E","$","M","E","$","R","B",null,"M","$","?","M","?","R","E"],"character_chosen":"THE_ANIMATOR","items_purchased":["animator:Arpeggio","animator:OrikoMikuni","animator:TukaLunaMarceau","animator:Jibril","animator:SayakaMiki"],"campfire_rested":1,"item_purchase_floors":[3,3,11,14,19],"current_hp_per_floor":[54,54,54,52,50,50,44,41,41,33,33,25,27,27,27,54,59,47,47,30,22,22,42,0,0],"gold":88,"neow_bonus":"THREE_SMALL_POTIONS","is_daily":false,"chose_seed":true,"campfire_upgraded":2,"win_rate":0.0,"timestamp":1609593650,"path_taken":["M","?","$","M","M","R","E","M","T","E","$","?","E","$","R","BOSS","M","?","?","M","?","R","E"],"items_purchased_type":["Card","Card","Card","Card","Card"],"build_version":"2020-12-22","purchased_purges":1,"victory":false,"max_hp_per_floor":[60,60,60,60,60,60,60,60,60,61,61,61,61,61,61,61,61,62,62,67,67,67,67,67,67],"card_choices":[{"not_picked":["animator:Yoichi","animator:Laby"],"picked":"animator:YuukaKazami","floor":1.0},{"not_picked":["animator:Ciel","animator:MamiTomoe"],"picked":"animator:ElricEdward","floor":4.0},{"not_picked":["animator:KaguyaHouraisan","animator:Ara"],"picked":"animator:RoyMustang","floor":5.0},{"not_picked":["animator:FielNirvalen","animator:Jibril"],"picked":"animator:IzunaHatsuse","floor":7.0},{"not_picked":["animator:Elsword","animator:Ciel","animator:RoyMustang"],"picked":"SKIP","floor":8.0},{"not_picked":["animator:Clownpiece","animator:ReimuHakurei"],"picked":"animator:DolaStephanie","floor":10.0},{"not_picked":["animator:RoyMustang","animator:DolaStephanie","animator:Kuribayashi"],"picked":"SKIP","floor":12.0},{"not_picked":["animator:DolaStephanie","animator:FielNirvalen"],"picked":"animator:DolaSchwi","floor":13.0},{"not_picked":["animator:MadokaKaname","animator:FeridBathory"],"picked":"animator:Shiro","floor":16.0},{"not_picked":["animator:SanaeKochiya","animator:ReimuHakurei"],"picked":"animator:FielNirvalen","floor":18.0},{"not_picked":["animator:Kuribayashi","animator:ElricEdward"],"picked":"animator:ChlammyZell","floor":21.0}],"player_experience":2404681,"relics_obtained":[{"floor":7.0,"key":"Pantograph"},{"floor":9.0,"key":"Blood Vial"},{"floor":10.0,"key":"Paper Frog"},{"floor":13.0,"key":"Mummified Hand"}],"event_choices":[{"cards_removed":["animator:Strike"],"damage_healed":0.0,"max_hp_gain":0.0,"max_hp_loss":0.0,"gold_gain":0.0,"event_name":"Purifier","player_choice":"Purged","floor":2.0,"gold_loss":0.0,"damage_taken":0.0},{"damage_healed":0.0,"max_hp_gain":5.0,"max_hp_loss":0.0,"gold_gain":0.0,"event_name":"Forgotten Altar","player_choice":"Shed Blood","floor":20.0,"gold_loss":0.0,"damage_taken":22.0},{"damage_healed":0.0,"max_hp_gain":0.0,"max_hp_loss":0.0,"gold_gain":0.0,"event_name":"Back to Basics","player_choice":"Simplicity","floor":22.0,"gold_loss":0.0,"damage_taken":0.0,"cards_upgraded":["animator:Strike_NoGameNoLife","animator:Defend_NoGameNoLife","animator:Strike","animator:Defend","animator:Defend","animator:Defend"]}],"is_beta":false,"boss_relics":[{"not_picked":["Coffee Dripper","SacredBark"],"picked":"Sozu"}],"items_purged_floors":[11],"is_endless":false,"potions_floor_spawned":[1,5,8,12,16],"killed_by":"Slavers","ascension_level":15}}