{"host":"i4eavuqabbk5mi94","time":1609621757,"event":{"mods":["BaseMod","Googly Eyes","Minty Spire (QoL Compilation)"],"gold_per_floor":[113,113,39,53,3,36,47,81,133,133,133,147,159,124,124,222,222,235,254,179,193,42,42,59,72,72,72,72,72,72,90,90,90,90],"floor_reached":33,"playtime":1380,"items_purged":["Strike_B","Strike_B"],"score":367,"play_id":"1d0c0a04-2850-41ce-b6f5-daef2093ef16","local_time":"20210102210917","is_ascension_mode":true,"campfire_choices":[{"data":"Defragment","floor":10,"key":"SMITH"},{"floor":15,"key":"REST"},{"floor":23,"key":"REST"},{"data":"Chill","floor":30,"key":"SMITH"},{"data":"Gash","floor":32,"key":"SMITH"}],"circlet_count":0,"master_deck":["Strike_B","Strike_B","Defend_B","Defend_B","Defend_B","Defend_B","Zap","Dualcast","Gash","Defragment+1","Redo","Hologram","Conserve Battery","Lockon","Coolheaded","Seek","Chill+1","Gash+1","Glacier","Ball Lightning","Decay","Rebound+1"],"relics":["Cracked Core","NeowsBlessing","Shuriken","Lantern","Art of War","Nunchaku","Inserter","White Beast Statue"],"acts_visited":["Exordium","TheCity"],"potions_floor_usage":[8,12,16,16,33,33,33],"damage_taken":[{"damage":0,"enemies":"Small Slimes","floor":1,"turns":1},{"damage":0,"enemies":"Cultist","floor":4,"turns":1},{"damage":0,"enemies":"Lagavulin","floor":6,"turns":1},{"damage":0,"enemies":"2 Louse","floor":7,"turns":2},{"damage":23,"enemies":"3 Sentries","floor":8,"turns":8},{"damage":32,"enemies":"Exordium Thugs","floor":12,"turns":4},{"damage":8,"enemies":"Blue Slaver","floor":13,"turns":2},{"damage":17,"enemies":"Hexaghost","floor":16,"turns":8},{"damage":6,"enemies":"Spheric Guardian","floor":18,"turns":4},{"damage":17,"enemies":"Shell Parasite","floor":19,"turns":7},{"damage":25,"enemies":"Snake Plant","floor":21,"turns":9},{"damage":21,"enemies":"3 Cultists","floor":24,"turns":7},{"damage":3,"enemies":"Centurion and Healer","floor":25,"turns":9},{"damage":11,"enemies":"Colosseum Slavers","floor":27,"turns":6},{"damage":20,"enemies":"Cultist and Chosen","floor":31,"turns":9},{"damage":66,"enemies":"Collector","floor":33,"turns":10}],"seed_played":"-5047820278578869806","potions_obtained":[{"floor":1,"key":"Swift Potion"},{"floor":4,"key":"FearPotion"},{"floor":7,"key":"LiquidMemories"},{"floor":8,"key":"SteroidPotion"},{"floor":11,"key":"BlessingOfTheForge"},{"floor":11,"key":"LiquidMemories"},{"floor":11,"key":"Strength Potion"},{"floor":24,"key":"Strength Potion"},{"floor":25,"key":"Strength Potion"},{"floor":31,"key":"SpeedPotion"}],"is_trial":false,"path_per_floor":["M","?","$","M","$","E","M","E","T","R","?","M","M","?","R","B",null,"M","M","$","M","$","R","M","M","T","?","?","?","R","M","R","B"],"character_chosen":"DEFECT","items_purchased":["Defragment","Hologram","Gash"],"campfire_rested":2,"item_purchase_floors":[3,5,22],"current_hp_per_floor":[68,68,68,68,68,68,68,45,45,45,45,13,5,23,45,28,63,57,40,40,15,15,37,16,13,13,2,2,75,75,55,55,0,0],"gold":90,"neow_bonus":"THREE_ENEMY_KILL","is_daily":false,"chose_seed":false,"campfire_upgraded":3,"win_rate":0.0,"timestamp":1609621757,"path_taken":["M","?","?","M","$","E","M","E","T","R","?","M","?","?","R","BOSS","M","M","$","M","$","R","M","M","T","?","?","?","R","M","R","BOSS"],"items_purchased_type":["Card","Card","Card"],"build_version":"2020-12-22","purchased_purges":2,"victory":false,"max_hp_per_floor":[75,75,75,75,75,75,75,75,75,75,75,75,75,75,75,75,75,75,75,75,75,75,75,75,75,75,75,75,75,75,75,75,75,75],"card_choices":[{"not_picked":["Double Energy","Compile Driver"],"picked":"Gash","floor":1},{"not_picked":["Auto Shields","Blizzard"],"picked":"Redo","floor":4},{"not_picked":["Turbo","Rebound"],"picked":"Conserve Battery","floor":6},{"not_picked":["White Noise","Reboot"],"picked":"Lockon","floor":7},{"not_picked":["Streamline","Steam"],"picked":"Coolheaded","floor":8},{"not_picked":["Coolheaded","Aggregate","Compile Driver"],"picked":"SKIP","floor":12},{"not_picked":["Coolheaded","Aggregate","Compile Driver"],"picked":"SKIP","floor":12},{"not_picked":["Steam Power","Stack","Hello World"],"picked":"SKIP","floor":13},{"not_picked":["Machine Learning","Reboot"],"picked":"Seek","floor":16},{"not_picked":["Aggregate+1","Compile Driver","Conserve Battery"],"picked":"SKIP","floor":18},{"not_picked":["Darkness","Sweeping Beam"],"picked":"Chill","floor":19},{"not_picked":["Auto Shields+1","Rip and Tear","Genetic Algorithm"],"picked":"SKIP","floor":21},{"not_picked":["Skim","Leap"],"picked":"Glacier","floor":24},{"not_picked":["Redo","Hologram+1"],"picked":"Ball Lightning","floor":25},{"not_picked":["Tempest","Steam+1"],"picked":"Rebound+1","floor":31}],"player_experience":370358,"relics_obtained":[{"floor":6,"key":"Lantern"},{"floor":8,"key":"Art of War"},{"floor":9,"key":"Nunchaku"},{"floor":26,"key":"White Beast Statue"}],"event_choices":[{"damage_healed":0,"gold_gain":0,"player_choice":"Gave Potion","damage_taken":0,"relics_obtained":["Shuriken"],"max_hp_gain":0,"max_hp_loss":0,"event_name":"WeMeetAgain","floor":2,"gold_loss":0},{"damage_healed":0,"gold_gain":0,"player_choice":"Got Potions","damage_taken":0,"max_hp_gain":0,"max_hp_loss":0,"event_name":"Lab","floor":11,"gold_loss":0},{"damage_healed":18,"gold_gain":0,"player_choice":"Healed","damage_taken":0,"max_hp_gain":0,"max_hp_loss":0,"event_name":"The Cleric","floor":14,"gold_loss":35},{"damage_healed":0,"gold_gain":0,"player_choice":"Fight","damage_taken":0,"max_hp_gain":0,"max_hp_loss":0,"event_name":"Colosseum","floor":27,"gold_loss":0},{"damage_healed":0,"gold_gain":0,"player_choice":"Fled From Nobs","damage_taken":0,"max_hp_gain":0,"max_hp_loss":0,"event_name":"Colosseum","floor":27,"gold_loss":0},{"damage_healed":0,"gold_gain":0,"player_choice":"Smashed Altar","damage_taken":0,"max_hp_gain":0,"max_hp_loss":0,"event_name":"Forgotten Altar","floor":28,"gold_loss":0,"cards_obtained":["Decay"]},{"damage_healed":73,"gold_gain":0,"player_choice":"Full Heal","damage_taken":0,"max_hp_gain":0,"max_hp_loss":0,"event_name":"Wheel of Change","floor":29,"gold_loss":0}],"is_beta":false,"boss_relics":[{"not_picked":["Velvet Choker","SacredBark"],"picked":"Inserter"}],"items_purged_floors":[20,22],"is_endless":false,"potions_floor_spawned":[1,4,7,8,24,25,27,31],"killed_by":"Collector","ascension_level":6}}