{"host":"y76clbnovzmw9ubx","time":1609603690,"event":{"mods":["AchievementEnabler","BaseMod","Minty Spire (QoL Compilation)","Permanent Neow","Relic Stats"],"gold_per_floor":[364,29,29,42,42,72,72,97,97,112,27,39,39,77,77,77,77],"floor_reached":16,"playtime":1141,"items_purged":[],"score":286,"play_id":"82e65f78-63ee-496a-90e1-68ab87558f86","local_time":"20210102110810","is_ascension_mode":true,"campfire_choices":[{"data":"Footwork","floor":7,"key":"SMITH"},{"data":"Terror","floor":13,"key":"SMITH"},{"data":"Dagger Spray","floor":15,"key":"SMITH"}],"circlet_count":0,"master_deck":["AscendersBane","Strike_G","Strike_G","Strike_G","Strike_G","Strike_G","Defend_G+1","Defend_G","Defend_G","Defend_G+1","Defend_G","Survivor","Neutralize","Dash","Footwork+1","Calculated Gamble","Dodge and Roll","Backflip","Dagger Spray+1","Terror+1","Leg Sweep"],"relics":["Ring of the Snake","PreservedInsect","Sling","Mummified Hand","Tingsha","Darkstone Periapt","CeramicFish"],"acts_visited":["Exordium"],"potions_floor_usage":[14,16,16],"damage_taken":[{"damage":2,"enemies":"2 Louse","floor":1,"turns":3},{"damage":0,"enemies":"Jaw Worm","floor":4,"turns":4},{"damage":10,"enemies":"3 Sentries","floor":6,"turns":11},{"damage":16,"enemies":"Gremlin Nob","floor":8,"turns":5},{"damage":0,"enemies":"Cultist","floor":10,"turns":5},{"damage":1,"enemies":"Blue Slaver","floor":12,"turns":5},{"damage":0,"enemies":"Lagavulin","floor":14,"turns":4},{"damage":29,"enemies":"Slime Boss","floor":16,"turns":8}],"seed_played":"-8057945300310805796","potions_obtained":[{"floor":1,"key":"CultistPotion"},{"floor":12,"key":"Block Potion"},{"floor":14,"key":"Dexterity Potion"}],"is_trial":false,"path_per_floor":["M","$","?","M","?","E","R","E","T","M","$","M","R","E","R","B"],"character_chosen":"THE_SILENT","items_purchased":["PreservedInsect","Sling","Backflip","Dagger Spray"],"campfire_rested":0,"item_purchase_floors":[2,2,11,11],"current_hp_per_floor":[42,42,22,22,44,34,34,18,18,18,18,17,17,17,17,0,0],"gold":77,"neow_bonus":"TWO_FIFTY_GOLD","is_daily":false,"chose_seed":false,"campfire_upgraded":3,"win_rate":0.0,"timestamp":1609603690,"path_taken":["M","$","?","M","?","E","R","E","T","M","?","?","R","E","R","BOSS"],"items_purchased_type":["Relic","Relic","Card","Card"],"build_version":"2020-12-22","purchased_purges":0,"victory":false,"max_hp_per_floor":[66,66,66,66,66,66,66,66,66,66,66,66,66,66,66,66,66],"relic_stats":{"Darkstone Periapt":0,"counters":[8,45],"Mummified Hand":[5],"CeramicFish":9,"Tingsha":[42],"PreservedInsect":93,"obtain_stats":[{"Darkstone Periapt":9,"Mummified Hand":6,"CeramicFish":14,"Tingsha":8,"PreservedInsect":2,"Sling":2,"Ring of the Snake":0},{"Darkstone Periapt":4,"Mummified Hand":3,"CeramicFish":7,"Tingsha":4,"PreservedInsect":1,"Sling":1,"Ring of the Snake":0},{"Darkstone Periapt":23,"Mummified Hand":18,"CeramicFish":37,"Tingsha":23,"PreservedInsect":3,"Sling":3,"Ring of the Snake":0}],"Ring of the Snake":[16]},"card_choices":[{"not_picked":["Finisher","Dagger Spray"],"picked":"Dash","floor":1},{"not_picked":["Choke","Acrobatics"],"picked":"Footwork","floor":4},{"not_picked":["Riddle With Holes","Outmaneuver","Blade Dance"],"picked":"SKIP","floor":6},{"not_picked":["Quick Slash","Choke"],"picked":"Calculated Gamble","floor":8},{"not_picked":["PiercingWail","Reflex"],"picked":"Dodge and Roll","floor":10},{"not_picked":["Crippling Poison","Quick Slash"],"picked":"Terror","floor":12},{"not_picked":["Crippling Poison","Outmaneuver"],"picked":"Leg Sweep","floor":14}],"player_experience":3032557,"relics_obtained":[{"floor":6,"key":"Mummified Hand"},{"floor":8,"key":"Tingsha"},{"floor":9,"key":"Darkstone Periapt"},{"floor":14,"key":"CeramicFish"}],"event_choices":[{"damage_healed":0,"gold_gain":0,"player_choice":"Entered Light","damage_taken":20,"max_hp_gain":0,"max_hp_loss":0,"event_name":"Shining Light","floor":3,"gold_loss":0,"cards_upgraded":["Defend_G","Defend_G"]},{"damage_healed":22,"gold_gain":0,"player_choice":"Banana","damage_taken":0,"max_hp_gain":0,"max_hp_loss":0,"event_name":"Big Fish","floor":5,"gold_loss":0}],"is_beta":false,"boss_relics":[],"items_purged_floors":[],"is_endless":false,"potions_floor_spawned":[1,12,14],"killed_by":"Slime Boss","ascension_level":20}}