{"host":"ft2xazkv7v30fddt","time":1609588028,"event":{"mods":["AchievementEnabler","Act Like it!","Aspiration","Astrologer","Bard","BaseMod","Better Altar","Better Match","Better Note","Better Sensory Stone","Better Skull","CapriCore","Chen","Colored Powertips","Downfall","Elementarium","Energized Spire","Gensokyo","GifTheSpireLib","Gremlin Mod","Hallownest","Hermit","Hubris","Infinite Spire","KinomotoSakuraMod(????)","Koishi","Marisa????????","Minty Spire (QoL Compilation)","Pale of the Ancients","Permanent Neow","Potionbrewer","Prisma Mod","Replay The Spire","StSLib","Stuff the Spire","The Blackbeard","The Bladedancer","The Construct","The Cursed","The Forsaken","The Gatherer","The Hayseed","The Immortal","The Runesmith","The Servant 0.9.4","The Showman","The Vixen","TheArtist","TheSwordswoman","Wandering Minibosses","thorton","vexMod"],"gold_per_floor":[115,129,139,59,59,59,59,2,74,74,90,90,102,102,102,173,173,190,190,190,190,32,32,57,57,57,57,57,88,88,88,88,88,88],"floor_reached":33,"playtime":1688,"items_purged":[],"score":531,"play_id":"ffc3afb0-f2b5-4f0d-9ecc-a71c7cf4e03f","local_time":"20210102194708","is_ascension_mode":true,"campfire_choices":[{"data":"Chen:Exploit","floor":6,"key":"SMITH"},{"data":"Chen:SurpriseAttack","floor":6,"key":"SMITH"},{"data":"Chen:GlitterPoke","floor":10,"key":"SMITH"},{"data":"Chen:PounceTurnTail","floor":10,"key":"SMITH"},{"data":"Chen:Spray","floor":12,"key":"SMITH"},{"data":"Chen:Sweep","floor":12,"key":"SMITH"},{"floor":15,"key":"REST"},{"data":"infinitespire:Collect","floor":23,"key":"SMITH"},{"data":"Chen:Shapeshift","floor":23,"key":"SMITH"},{"floor":25,"key":"REST"},{"data":"Secret Technique","floor":27,"key":"SMITH"},{"data":"Chen:Defend","floor":27,"key":"SMITH"},{"floor":32,"key":"REST"}],"circlet_count":0,"master_deck":["AscendersBane","Chen:Strike","Chen:Strike","Chen:Defend","Chen:Defend","Chen:Defend","Chen:Defend+1","Chen:PounceTurnTail+1","Chen:GlitterPoke+1","Chen:SurpriseAttack+1","Chen:Exploit+1","Chen:Sweep+1","Chen:Spray+1","Secret Technique+1","Chen:Shapeshift+1","Chen:Knockout+1","Chen:GuardCounter+1","Chen:DazzleFlash+1","infinitespire:Collect+1","Night Terror"],"relics":["Chen:Catnip","Replay:Arrowhead","Gensokyo:Justice","Chameleon Ring","StuffTheSpire:EmeraldSignet","Astrolabe","ReplayTheSpireMod:TigerMarble","infinitespire:Lucky Rock","Ancient Tea Set","hubris:MysteriousPyramids","Gensokyo:RedStar","theForsaken:Gavel"],"acts_visited":["Gensokyo:Gensokyo","Gensokyo:Gensokyoer"],"potions_floor_usage":[16],"damage_taken":[{"damage":5,"enemies":"Gensokyo:Python","floor":1,"turns":3},{"damage":0,"enemies":"Gensokyo:2_Kodama","floor":2,"turns":3},{"damage":0,"enemies":"Gensokyo:3_Fairies","floor":3,"turns":5},{"damage":20,"enemies":"Gensokyo:VengefulSpirit","floor":11,"turns":4},{"damage":3,"enemies":"Gensokyo:Python_and_Kodama","floor":13,"turns":2},{"damage":6,"enemies":"Gensokyo:Yukari","floor":16,"turns":6},{"damage":0,"enemies":"Gensokyo:2_Gloops","floor":18,"turns":2},{"damage":25,"enemies":"Gensokyo:Reisen","floor":24,"turns":6},{"damage":0,"enemies":"Gensokyo:Tenshi","floor":29,"turns":3},{"damage":35,"enemies":"Gensokyo:Eternal_Rivals","floor":33,"turns":6}],"seed_played":"1065604668191908617","potions_obtained":[{"floor":2,"key":"Strength Potion"},{"floor":11,"key":"PowerPotion"},{"floor":24,"key":"Elixir"}],"is_trial":false,"path_per_floor":["M","M","M","COS","?","R","T","$","T","R","M","R","M","?","R","B",null,"M","?","?","COS","$","R","E","R","T","R","?","E","?","?","R","B"],"character_chosen":"CHEN","items_purchased":["Chen:Sweep","ReplayTheSpireMod:TigerMarble"],"campfire_rested":3,"item_purchase_floors":[8,22],"current_hp_per_floor":[39,39,39,39,39,39,39,39,39,39,21,21,18,18,37,37,58,58,63,45,45,45,45,22,43,43,43,34,36,36,19,40,0,0],"gold":88,"neow_bonus":"ONE_RARE_RELIC","is_daily":false,"chose_seed":false,"campfire_upgraded":10,"win_rate":0.0,"timestamp":1609588028,"path_taken":["M","M","M","COS","?","R","?","$","T","R","?","R","M","?","R","BOSS","M","?","?","COS","?","R","E","R","T","R","?","E","?","?","R","BOSS"],"items_purchased_type":["Card","Relic"],"build_version":"2020-12-22","purchased_purges":0,"victory":false,"max_hp_per_floor":[65,65,65,65,65,65,65,65,65,65,65,65,65,65,65,65,65,65,70,70,70,70,70,70,70,70,70,70,70,70,70,70,35,35],"card_choices":[{"not_picked":["Chen:ResistTemptation","Chen:Mixup"],"picked":"Chen:SurpriseAttack","floor":1},{"not_picked":["Chen:ResistTemptation","Chen:Flit"],"picked":"Chen:Exploit","floor":2},{"not_picked":["Chen:Scratch","Chen:UnstableBoundary","Chen:ResistTemptation"],"picked":"SKIP","floor":3},{"not_picked":["Chen:Adaptability","Chen:Tear"],"picked":"Chen:Spray","floor":11},{"not_picked":["Chen:TauntHiss","Chen:Shot","Chen:Panic"],"picked":"SKIP","floor":13},{"not_picked":["ReplayTheSpireMod:Necrogeddon","expansioncontent:TimeRipple"],"picked":"Secret Technique","floor":14},{"not_picked":["Chen:PhoenixWings","Chen:PhoenixEgg"],"picked":"Chen:Shapeshift","floor":16},{"not_picked":["Chen:RecklessLeap","Chen:Knockout","Chen:TauntHiss+1"],"picked":"SKIP","floor":18},{"not_picked":["hubris:Fate","infinitespire:TheBestDefense"],"picked":"infinitespire:Collect","floor":20},{"not_picked":["Chen:RecklessLeap","Chen:Mixup","Chen:Instinct"],"picked":"SKIP","floor":24},{"not_picked":["Chen:Tear","Chen:TauntHiss","Chen:SelfControl"],"picked":"SKIP","floor":29}],"player_experience":1669394,"relics_obtained":[{"floor":7,"key":"Chameleon Ring"},{"floor":9,"key":"StuffTheSpire:EmeraldSignet"},{"floor":24,"key":"infinitespire:Lucky Rock"},{"floor":26,"key":"Ancient Tea Set"},{"floor":29,"key":"hubris:MysteriousPyramids"}],"event_choices":[{"damage_healed":0,"gold_gain":1,"player_choice":"1","damage_taken":0,"max_hp_gain":0,"max_hp_loss":0,"event_name":"betterStone:BetterStone","floor":14,"gold_loss":0},{"damage_healed":0,"gold_gain":0,"player_choice":"RE ","damage_taken":19,"relics_obtained":["theForsaken:Gavel"],"max_hp_gain":0,"max_hp_loss":0,"event_name":"betterSkull:BetterSkull","floor":31,"gold_loss":0,"cards_upgraded":[]}],"is_beta":false,"boss_relics":[{"not_picked":["Cursed Key","ReplayTheSpireMod:SealedPack"],"picked":"Astrolabe"}],"items_purged_floors":[],"is_endless":false,"potions_floor_spawned":[2,11,24],"killed_by":"Gensokyo:Eternal_Rivals","ascension_level":19}}