{"host":"0i8dz4ityulxi1rd","time":1609576582,"event":{"mods":["BaseMod","Colored Map","Colored Powertips","Custom Start","Highlight Path","Hubris","Infinite Spire","Keyboard Shortcuts","Minty Spire (QoL Compilation)","StSLib","SuperFastMode"],"gold_per_floor":[115,115,190,62,62,62,87,87,87,121,138,63,63,74,74,151,151,170,186,186,198,98,130,130,159,210,210,85,102,119,135,135,206,206,221,245,245,245,260,291,304,331,354,385,409,434,480,511,523,535,547,559,571,135,163,163],"floor_reached":57,"playtime":2756,"items_purged":["Strike_G","Sucker Punch","Expertise","Riddle With Holes","Flying Knee","Acrobatics"],"score":3525,"play_id":"f3e8fe7a-1cec-4f96-8a7d-9d32944dd4c7","local_time":"20210102173622","is_ascension_mode":true,"campfire_choices":[{"data":"Tactician","floor":6.0,"key":"SMITH"},{"data":"Calculated Gamble","floor":8.0,"key":"SMITH"},{"data":"infinitespire:Collect","floor":15.0,"key":"SMITH"},{"data":"Terror","floor":24,"key":"SMITH"},{"floor":32,"key":"RECALL"},{"data":"Concentrate","floor":49,"key":"SMITH"},{"data":"Reflex","floor":53,"key":"SMITH"}],"circlet_count":0,"master_deck":["AscendersBane","Survivor","Neutralize","Tactician+1","Calculated Gamble+1","infinitespire:Collect+1","Dagger Throw","Grand Finale","Concentrate+1","Terror+1","Leg Sweep","Escape Plan","PiercingWail","Acrobatics+1","Reflex+1","Backflip","After Image"],"relics":["Ring of the Snake","NeowsBlessing","hubris:Icosahedron","hubris:Metronome","Anchor","Pear","Empty Cage","Pandora\u0027s Box","Tiny Chest","Red Mask","Juzu Bracelet","PreservedInsect","Smiling Mask","MawBank","Incense Burner","hubris:CrystalStatue","infinitespire:PuzzleCube"],"acts_visited":["Exordium","TheCity","TheBeyond","TheEnding"],"potions_floor_usage":[56,56],"damage_taken":[{"damage":0.0,"enemies":"2 Louse","floor":1.0,"turns":1.0},{"damage":0.0,"enemies":"3 Sentries","floor":7.0,"turns":1.0},{"damage":0.0,"enemies":"Gremlin Nob","floor":10.0,"turns":1.0},{"damage":0.0,"enemies":"Jaw Worm","floor":11.0,"turns":3.0},{"damage":0.0,"enemies":"Small Slimes","floor":14.0,"turns":2.0},{"damage":12.0,"enemies":"The Guardian","floor":16.0,"turns":8.0},{"damage":0.0,"enemies":"Chosen","floor":18.0,"turns":3.0},{"damage":8.0,"enemies":"Shell Parasite","floor":19.0,"turns":3.0},{"damage":0,"enemies":"Snecko","floor":21,"turns":1},{"damage":0,"enemies":"Slavers","floor":23,"turns":1},{"damage":0,"enemies":"Masked Bandits","floor":25,"turns":2},{"damage":0,"enemies":"Centurion and Healer","floor":29,"turns":1},{"damage":0,"enemies":"3 Cultists","floor":30,"turns":1},{"damage":0,"enemies":"Sentry and Sphere","floor":31,"turns":1},{"damage":0,"enemies":"Champ","floor":33,"turns":1},{"damage":0,"enemies":"3 Shapes","floor":35,"turns":2},{"damage":0,"enemies":"3 Darklings","floor":39,"turns":1},{"damage":0,"enemies":"Nemesis","floor":40,"turns":1},{"damage":0,"enemies":"Maw","floor":41,"turns":1},{"damage":0,"enemies":"Giant Head","floor":42,"turns":1},{"damage":0,"enemies":"Nemesis","floor":44,"turns":1},{"damage":0,"enemies":"Writhing Mass","floor":45,"turns":1},{"damage":0,"enemies":"3 Darklings","floor":46,"turns":1},{"damage":0,"enemies":"Giant Head","floor":47,"turns":1},{"damage":0,"enemies":"Spire Growth","floor":48,"turns":1},{"damage":0,"enemies":"Awakened One","floor":50,"turns":2},{"damage":8,"enemies":"Time Eater","floor":51,"turns":8},{"damage":0,"enemies":"Shield and Spear","floor":55,"turns":1},{"damage":34,"enemies":"The Heart","floor":56,"turns":5}],"seed_played":"-8142111045816417439","potions_obtained":[{"floor":10.0,"key":"AttackPotion"},{"floor":11.0,"key":"PowerPotion"},{"floor":21,"key":"DistilledChaos"},{"floor":35,"key":"GamblersBrew"}],"is_trial":false,"path_per_floor":["M","?","?","$","?","R","E","R","T","E","M","$","?","M","R","B",null,"M","M","AVR","M","$","E","R","?","T","?","$","M","M","M","R","B",null,"M","T","AVR","?","M","E","M","E","T","E","M","M","E","M","R","B","B",null,"R","$","E","B",null],"character_chosen":"THE_SILENT","items_purchased":["Tactician","Calculated Gamble","hubris:CrystalStatue","LiquidBronze","Backflip"],"campfire_rested":0,"item_purchase_floors":[4,4,54,54,54],"current_hp_per_floor":[59,59,48,48,66,66,66,66,66,76,76,76,58,58,58,46,69,69,61,61,61,61,61,61,61,61,61,61,61,61,61,61,61,72,72,72,72,72,72,72,72,72,72,72,72,72,72,72,72,72,64,73,73,73,73,39],"gold":163,"neow_bonus":"THREE_ENEMY_KILL","is_daily":false,"chose_seed":false,"campfire_upgraded":6,"win_rate":0.0,"timestamp":1609576582,"path_taken":["M","?","?","$","?","R","E","R","T","E","M","$","?","M","R","BOSS","M","M","AVR","M","$","E","R","?","T","?","$","M","M","?","R","BOSS","M","?","AVR","?","M","E","M","E","T","E","M","M","E","M","R","BOSS","BOSS","R","$","E","BOSS"],"items_purchased_type":["Card","Card","Relic","Potion","Card"],"build_version":"2020-12-22","purchased_purges":6,"victory":true,"max_hp_per_floor":[66,66,66,66,66,66,66,66,66,76,76,76,76,76,76,76,76,76,76,76,76,76,76,76,76,76,76,76,76,76,76,76,76,76,76,76,76,76,76,76,76,76,76,76,76,76,76,76,76,76,76,76,76,76,76,76],"card_choices":[{"not_picked":["Flying Knee","Acrobatics"],"picked":"Riddle With Holes","floor":1.0},{"not_picked":["Deadly Poison","hubris:TrickCloak","Bullet Time"],"picked":"SKIP","floor":7.0},{"not_picked":["All Out Attack","Distraction"],"picked":"Expertise","floor":10.0},{"not_picked":["Bouncing Flask","Accuracy","Expertise"],"picked":"SKIP","floor":11.0},{"not_picked":["infinitespire:Fortify","hubris:Fate"],"picked":"infinitespire:Collect","floor":13.0},{"not_picked":["Slice","Bane"],"picked":"Dagger Throw","floor":14.0},{"not_picked":["Doppelganger","Wraith Form v2"],"picked":"Grand Finale","floor":16.0},{"not_picked":["Sucker Punch+1","Infinite Blades"],"picked":"Concentrate","floor":18.0},{"not_picked":["Backstab","Riddle With Holes","Crippling Poison"],"picked":"SKIP","floor":19.0},{"not_picked":["Endless Agony","Quick Slash"],"picked":"Acrobatics","floor":21},{"not_picked":["Quick Slash","Bane","Wraith Form v2"],"picked":"SKIP","floor":23},{"not_picked":["Blur","Deadly Poison"],"picked":"Reflex","floor":29},{"not_picked":["Deflect","Cloak And Dagger","Acrobatics"],"picked":"SKIP","floor":30},{"not_picked":["Dagger Throw","Poisoned Stab+1","Burst"],"picked":"SKIP","floor":31},{"not_picked":["Deflect","Caltrops","Dagger Spray"],"picked":"SKIP","floor":35},{"not_picked":["Quick Slash","Acrobatics","Deadly Poison"],"picked":"SKIP","floor":39},{"not_picked":["Deflect","Bane","Underhanded Strike+1"],"picked":"SKIP","floor":40},{"not_picked":["hubris:Sniper","Bane","Footwork"],"picked":"SKIP","floor":41},{"not_picked":["Quick Slash","Tactician+1","Crippling Poison"],"picked":"SKIP","floor":42},{"not_picked":["Skewer","Dagger Throw","Backflip"],"picked":"SKIP","floor":44},{"not_picked":["Prepared","Bane","Dagger Throw"],"picked":"SKIP","floor":45},{"not_picked":["Expertise","Infinite Blades","Dash+1"],"picked":"SKIP","floor":46},{"not_picked":["Flechettes+1","Reflex","Riddle With Holes"],"picked":"SKIP","floor":47},{"not_picked":["Endless Agony","Dodge and Roll+1","Masterful Stab"],"picked":"SKIP","floor":48},{"not_picked":["Prepared","Bane"],"picked":"After Image","floor":55}],"player_experience":1299689,"relics_obtained":[{"floor":7.0,"key":"hubris:Metronome"},{"floor":9.0,"key":"Anchor"},{"floor":10.0,"key":"Pear"},{"floor":23,"key":"Tiny Chest"},{"floor":25,"key":"Red Mask"},{"floor":40,"key":"Juzu Bracelet"},{"floor":42,"key":"PreservedInsect"},{"floor":43,"key":"Smiling Mask"},{"floor":44,"key":"MawBank"},{"floor":47,"key":"Incense Burner"},{"floor":55,"key":"infinitespire:PuzzleCube"}],"event_choices":[{"damage_healed":0.0,"max_hp_gain":0.0,"max_hp_loss":0.0,"gold_gain":75.0,"event_name":"World of Goop","player_choice":"Gather Gold","floor":3.0,"gold_loss":0.0,"damage_taken":11.0},{"damage_healed":22.0,"max_hp_gain":0.0,"max_hp_loss":0.0,"gold_gain":0.0,"event_name":"Big Fish","player_choice":"Banana","floor":5.0,"gold_loss":0.0,"damage_taken":0.0},{"damage_healed":0,"gold_gain":0,"player_choice":"Fought Bandits","damage_taken":0,"max_hp_gain":0,"max_hp_loss":0,"event_name":"Masked Bandits","floor":25,"gold_loss":0},{"damage_healed":0,"gold_gain":0,"player_choice":"Forge","damage_taken":0,"max_hp_gain":0,"max_hp_loss":0,"event_name":"Accursed Blacksmith","floor":27,"gold_loss":0,"cards_upgraded":["Acrobatics"]},{"damage_healed":0,"gold_gain":0,"player_choice":"Ignored","damage_taken":0,"max_hp_gain":0,"max_hp_loss":0,"event_name":"SecretPortal","floor":38,"gold_loss":0}],"is_beta":false,"boss_relics":[{"not_picked":["hubris:GrandSneckoEye","hubris:CrackedHourglass"],"picked":"Empty Cage"},{"not_picked":["hubris:HollowSoul","hubris:ScarierMask","Ring of the Serpent"]}],"items_purged_floors":[12,20,22,28,37,54],"is_endless":false,"potions_floor_spawned":[10,11,21,23,30,31,33,35,40,42,48],"ascension_level":20}}