{"host":"sum4dy402bbv9y4o","time":1609562805,"event":{"mods":["Aspiration","BaseMod","Conspire","Highlight Path","Minty Spire (QoL Compilation)","StSLib"],"gold_per_floor":[118,131,131,3,22,22,36,36,36,66,81,81,109,125,125,202,202,217,30,46,18,18,18,18],"floor_reached":23,"playtime":602,"items_purged":["Strike_B"],"score":402,"play_id":"eecbbdf9-51a5-4460-9235-59e4da8707a1","local_time":"20210102074645","is_ascension_mode":true,"campfire_choices":[{"data":"Loop","floor":6,"key":"SMITH"},{"floor":12,"key":"REST"},{"floor":15,"key":"REST"}],"circlet_count":0,"master_deck":["AscendersBane","Strike_B","Defend_B","Defend_B","Defend_B","Defend_B","Zap","Dualcast","Conserve Battery","Redo","Loop+1","Ball Lightning","Ball Lightning","Static Discharge","Conserve Battery","Melter","Ball Lightning","Electrodynamics","Cold Snap","Conserve Battery","Self Repair","Compile Driver","Cold Snap"],"relics":["Cracked Core","aspiration:Nostalgia","PureWater","Mummified Hand","Cables","conspire:Dentures","Nunchaku","Empty Cage"],"acts_visited":["Exordium","TheCity"],"potions_floor_usage":[11,13,16],"damage_taken":[{"damage":2,"enemies":"Cultist","floor":1,"turns":4},{"damage":0,"enemies":"Small Slimes","floor":2,"turns":3},{"damage":3,"enemies":"2 Louse","floor":5,"turns":2},{"damage":7,"enemies":"Red Slaver","floor":7,"turns":3},{"damage":23,"enemies":"Lagavulin","floor":10,"turns":5},{"damage":11,"enemies":"Large Slime","floor":11,"turns":3},{"damage":10,"enemies":"3 Sentries","floor":13,"turns":5},{"damage":1,"enemies":"Looter","floor":14,"turns":3},{"damage":6,"enemies":"Slime Boss","floor":16,"turns":6},{"damage":0,"enemies":"3 Byrds","floor":18,"turns":1},{"damage":21,"enemies":"Shell Parasite","floor":20,"turns":5},{"damage":52,"enemies":"Book of Stabbing","floor":23,"turns":4}],"seed_played":"-2510085891619602180","potions_obtained":[{"floor":5,"key":"FearPotion"},{"floor":7,"key":"AttackPotion"},{"floor":8,"key":"LiquidMemories"},{"floor":13,"key":"BlessingOfTheForge"}],"is_trial":false,"path_per_floor":["M","M","T","$","M","R","M","?","T","E","M","R","E","M","R","B",null,"M","$","M","$","$","E"],"character_chosen":"DEFECT","items_purchased":["Loop","Ball Lightning","Conserve Battery","Self Repair","Cold Snap"],"campfire_rested":2,"item_purchase_floors":[4,4,19,19,21],"current_hp_per_floor":[62,62,62,62,59,59,52,52,52,29,18,39,29,28,49,43,64,64,64,50,50,50,0,0],"gold":18,"neow_bonus":"NOSTALGIA","is_daily":false,"chose_seed":false,"campfire_upgraded":1,"win_rate":0.0,"timestamp":1609562805,"path_taken":["M","M","?","$","M","R","M","?","T","E","M","R","E","M","R","BOSS","M","$","M","?","$","E"],"items_purchased_type":["Card","Card","Card","Card","Card"],"build_version":"2020-12-22","purchased_purges":1,"victory":false,"max_hp_per_floor":[71,71,71,71,71,71,71,71,71,71,71,71,71,71,71,71,71,71,71,71,71,71,71,71],"card_choices":[{"not_picked":["Steam","Leap"],"picked":"Conserve Battery","floor":1},{"not_picked":["Leap","Barrage"],"picked":"Redo","floor":2},{"not_picked":["Undo","Coolheaded"],"picked":"Ball Lightning","floor":5},{"not_picked":["Rebound","Sweeping Beam"],"picked":"Static Discharge","floor":7},{"not_picked":["Stack","Hologram","Heatsinks"],"picked":"SKIP","floor":10},{"not_picked":["Compile Driver","Tempest"],"picked":"Conserve Battery","floor":11},{"not_picked":["Go for the Eyes","Turbo"],"picked":"Melter","floor":13},{"not_picked":["Conserve Battery","Steam"],"picked":"Ball Lightning","floor":14},{"not_picked":["Echo Form","Meteor Strike"],"picked":"Electrodynamics","floor":16},{"not_picked":["Coolheaded","BootSequence+1"],"picked":"Cold Snap","floor":18},{"not_picked":["Sweeping Beam","Hologram"],"picked":"Compile Driver","floor":20}],"player_experience":2879756,"relics_obtained":[{"floor":3,"key":"Mummified Hand"},{"floor":9,"key":"Cables"},{"floor":10,"key":"conspire:Dentures"},{"floor":13,"key":"Nunchaku"}],"event_choices":[{"damage_healed":0,"gold_gain":0,"player_choice":"Got Potions","damage_taken":0,"max_hp_gain":0,"max_hp_loss":0,"event_name":"Lab","floor":8,"gold_loss":0}],"is_beta":false,"boss_relics":[{"not_picked":["conspire:SlowCooker","Runic Pyramid"],"picked":"Empty Cage"}],"items_purged_floors":[19],"is_endless":false,"potions_floor_spawned":[5,7,13],"killed_by":"Book of Stabbing","ascension_level":20}}