{"host":"5fasz840ryq7obdf","time":1609601192,"event":{"mods":["AchievementEnabler","BaseMod","Bestiary","Better Altar","Better Skull","Better Third Choice","BetterRewards","Block Reminder","Colored Powertips","Curses Come First","Highlight Path","Minty Spire (QoL Compilation)","Quick Restart","Relic Sorter","Relic Stats","Replay The Spire","Shop Mod","Spicy Shops","StSLib","SuperFastMode","ojb\u0027s Better Paths Mod","ojb\u0027s Info Mod"],"gold_per_floor":[59,22,22,81,128,188,188,267,267,267,335,368,419,28,28,146,146,173,173,238,258,27,99,128,190,262,262,262,305,15,81,81,197,197,243,322,322,365,57,112,165,165,165,214,290,290,344,378,378,398,444,444,444,40,81,103],"floor_reached":57,"playtime":7022,"items_purged":["Strike_P","Pain"],"score":3911,"play_id":"8b7ecbe0-387a-4c9f-a13f-c6aa3a964823","local_time":"20210102152632","is_ascension_mode":true,"campfire_choices":[{"data":"Ragnarok","floor":10.0,"key":"SMITH"},{"data":"TalkToTheHand","floor":15.0,"key":"SMITH"},{"data":"Adaptation","floor":28.0,"key":"SMITH"},{"data":"Eruption","floor":42.0,"key":"SMITH"},{"floor":46.0,"key":"RECALL"},{"data":"Establishment","floor":49.0,"key":"SMITH"},{"data":"Nirvana","floor":53,"key":"SMITH"}],"circlet_count":0,"master_deck":["AscendersBane","Strike_P","Strike_P","Defend_P","Defend_P","Defend_P","Defend_P","Eruption+1","Vigilance","Replay:Cycle","CutThroughFate","HandOfGreed","Ragnarok+1","Adaptation+1","JustLucky","TalkToTheHand+1","CrushJoints","CutThroughFate","Tantrum","Replay:LoomingThreat","FlyingSleeves+1","FlurryOfBlows+1","EmptyBody","SashWhip+1","FlurryOfBlows+1","EmptyBody","Vault","FlurryOfBlows+1","J.A.X.","ThirdEye","Replay:DivineShield+1","Dramatic Entrance+1","JustLucky+1","Wallop+1","Omniscience","Nirvana","Nirvana+1","JustLucky+1","ThirdEye","ThirdEye","Vault","LikeWater+1","Replay:Battleflow","Wireheading","Protect+1","Replay:AllIn","Nirvana+1","Replay:DivineShield","InnerPeace","EmptyMind","Evaluate","WheelKick+1","Establishment+1","Wallop+1","MentalFortress"],"relics":["PureWater","Replay:Bandana","Nunchaku","Anchor","HandDrill","Meat on the Bone","ReplayTheSpireMod:CursedCoin","Molten Egg 2","Pet Ghost","Oddly Smooth Stone","StoneCalendar","Bag of Marbles","PreservedInsect","SlaversCollar","Red Mask","Replay:Mystery Machine","Bottled Tornado","Lantern","GoldenEye","Tiny Chest","ChewingGum","Thread and Needle","ClockworkSouvenir","Orrery","War Paint","Centennial Puzzle","Dead Branch","Membership Card","Pondfish Scales","Shuriken"],"acts_visited":["Exordium","TheCity","TheBeyond","TheEnding"],"potions_floor_usage":[56],"damage_taken":[{"damage":0.0,"enemies":"Small Slimes","floor":1.0,"turns":2.0},{"damage":0.0,"enemies":"Cultist","floor":4.0,"turns":3.0},{"damage":0.0,"enemies":"2 Louse","floor":5.0,"turns":3.0},{"damage":12.0,"enemies":"Gremlin Nob","floor":6.0,"turns":2.0},{"damage":20.0,"enemies":"3 Sentries","floor":8.0,"turns":3.0},{"damage":0.0,"enemies":"Lagavulin","floor":11.0,"turns":2.0},{"damage":0.0,"enemies":"Large Slime","floor":12.0,"turns":1.0},{"damage":7.0,"enemies":"2 Fungi Beasts","floor":13.0,"turns":4.0},{"damage":4.0,"enemies":"The Guardian","floor":16.0,"turns":5.0},{"damage":0.0,"enemies":"2 Thieves","floor":18.0,"turns":2.0},{"damage":3.0,"enemies":"Masked Bandits","floor":20.0,"turns":3.0},{"damage":0.0,"enemies":"Spheric Guardian","floor":21.0,"turns":2.0},{"damage":0.0,"enemies":"Gremlin Leader","floor":23.0,"turns":3.0},{"damage":0.0,"enemies":"Shelled Parasite and Fungi","floor":24.0,"turns":1.0},{"damage":3.0,"enemies":"Centurion and Healer","floor":25.0,"turns":4.0},{"damage":0.0,"enemies":"Slavers","floor":29.0,"turns":1.0},{"damage":3.0,"enemies":"Replay:Snechameleon","floor":31.0,"turns":2.0},{"damage":6.0,"enemies":"Collector","floor":33.0,"turns":8.0},{"damage":0.0,"enemies":"3 Darklings","floor":35.0,"turns":3.0},{"damage":0.0,"enemies":"2 Orb Walkers","floor":36.0,"turns":1.0},{"damage":3.0,"enemies":"3 Shapes","floor":38.0,"turns":2.0},{"damage":9.0,"enemies":"R_Hoarder","floor":40.0,"turns":7.0},{"damage":0.0,"enemies":"Transient","floor":41.0,"turns":6.0},{"damage":0.0,"enemies":"4 Shapes","floor":44.0,"turns":6.0},{"damage":0.0,"enemies":"Giant Head","floor":45.0,"turns":3.0},{"damage":4.0,"enemies":"Nemesis","floor":47.0,"turns":5.0},{"damage":1.0,"enemies":"Maw","floor":48.0,"turns":7.0},{"damage":15.0,"enemies":"Time Eater","floor":50.0,"turns":10.0},{"damage":14,"enemies":"Awakened One","floor":51,"turns":10},{"damage":6,"enemies":"Shield and Spear","floor":55,"turns":5},{"damage":19,"enemies":"The Heart","floor":56,"turns":9}],"seed_played":"-98337127848268450","potions_obtained":[{"floor":4.0,"key":"Death Potion"},{"floor":5.0,"key":"Ancient Potion"},{"floor":12.0,"key":"Strength Potion"},{"floor":13.0,"key":"PowerPotion"},{"floor":16.0,"key":"Regen Potion"},{"floor":21.0,"key":"LiquidMemories"},{"floor":31.0,"key":"BottledMiracle"},{"floor":36.0,"key":"Block Potion"},{"floor":41.0,"key":"Explosive Potion"},{"floor":45.0,"key":"Doom Potion"}],"is_trial":false,"path_per_floor":["M","$","?","M","M","E","?","E","T","R","E","M","M","$","R","B",null,"M","?","?","M","$","E","M","M","T","?","R","E","$","E","R","B",null,"M","?","?","M","$","E","M","R","T","M","E","R","E","M","R","B","B",null,"R","$","E","B",null],"character_chosen":"WATCHER","items_purchased":["Replay:Bandana","Nunchaku","Anchor","HandDrill","Replay:Cycle","CutThroughFate","HandOfGreed","Ragnarok","Adaptation","ReplayTheSpireMod:CursedCoin","TalkToTheHand","CrushJoints","Bag of Marbles","PreservedInsect","EmptyBody","Dramatic Entrance+1","GoldenEye","Nirvana","JustLucky+1","Wireheading","ClockworkSouvenir","Orrery","Membership Card","Pondfish Scales","Wallop+1"],"campfire_rested":0,"item_purchase_floors":[0,0,0,0,0,0,0,0,0,2,2,2,14,14,14,22,30,30,30,39,39,39,54,54,54],"current_hp_per_floor":[32,32,25,37,37,37,37,29,29,29,41,41,46,46,46,42,62,62,62,59,59,59,59,59,56,56,56,56,56,56,53,53,47,63,63,63,59,56,56,47,47,47,47,47,47,47,43,42,42,39,37,60,60,60,54,35],"gold":103,"neow_bonus":"","is_daily":false,"chose_seed":false,"campfire_upgraded":6,"win_rate":0.0,"timestamp":1609601192,"path_taken":["M","$","?","M","M","E","?","E","T","R","E","?","M","$","R","BOSS","M","?","?","M","$","E","M","M","T","?","R","E","$","E","R","BOSS","M","?","?","M","$","E","M","R","T","M","E","R","E","M","R","BOSS","BOSS","R","$","E","BOSS"],"items_purchased_type":["Relic","Relic","Relic","Relic","Card","Card","Card","Card","Card","Relic","Card","Card","Relic","Relic","Card","Card","Relic","Card","Card","Card","Relic","Relic","Relic","Relic","Card"],"build_version":"2020-12-22","purchased_purges":2,"victory":true,"max_hp_per_floor":[68,68,68,68,68,68,68,68,68,68,68,68,68,68,68,68,68,68,68,68,68,68,68,68,68,68,68,68,68,68,68,68,68,68,68,68,68,68,68,68,68,68,68,68,68,68,68,68,68,68,68,68,68,68,68,68],"relic_stats":{"counters":[58,243],"Dead Branch":[99],"StoneCalendar":[145],"PreservedInsect":469,"War Paint":["EmptyBody","Replay:Vibes","Replay:DivineShield","Protect"],"GoldenEye":[160],"Nunchaku":[37],"Centennial Puzzle":[17],"Shuriken":[8],"Tiny Chest":0,"HandDrill":[26],"obtain_stats":[{"Lantern":29,"Painkiller Herb":17,"StoneCalendar":11,"Replay:Mystery Machine":23,"Bottled Tornado":26,"Ancient Tea Set":24,"Pet Ghost":8,"Ring of Searing":44,"ClockworkSouvenir":39,"Sozu":34,"Replay:Bandana":0,"Nunchaku":0,"Centennial Puzzle":45,"Tiny Chest":31,"Red Mask":19,"Replay:Bottled Flurry":45,"HandDrill":0,"Replay:Wax Seal":20,"Ring of Panic":44,"ReplayTheSpireMod:Ninjato":6,"ReplayTheSpireMod:CursedCoin":2,"Counterbalance":48,"Dead Branch":47,"Oddly Smooth Stone":9,"Thread and Needle":36,"PreservedInsect":14,"War Paint":41,"GoldenEye":30,"White Beast Statue":11,"Mercury Hourglass":9,"Cauldron":20,"SlaversCollar":17,"CaptainsWheel":27,"Anchor":0,"Pondfish Scales":54,"Shuriken":55,"Orrery":37,"Pandora\u0027s Box":0,"Molten Egg 2":6,"ChewingGum":34,"Bag of Marbles":26,"Snack Pack":31,"Membership Card":54,"PureWater":0,"Meat on the Bone":0},{"Lantern":43,"Painkiller Herb":9,"StoneCalendar":33,"Replay:Mystery Machine":40,"Bottled Tornado":42,"Ancient Tea Set":14,"Pet Ghost":32,"Ring of Searing":23,"ClockworkSouvenir":48,"Sozu":17,"Replay:Bandana":27,"Nunchaku":27,"Centennial Puzzle":52,"Tiny Chest":44,"Red Mask":11,"Replay:Bottled Flurry":24,"HandDrill":27,"Replay:Wax Seal":11,"Ring of Panic":23,"ReplayTheSpireMod:Ninjato":4,"ReplayTheSpireMod:CursedCoin":28,"Counterbalance":25,"Dead Branch":53,"Oddly Smooth Stone":32,"Thread and Needle":47,"PreservedInsect":35,"War Paint":22,"GoldenEye":43,"White Beast Statue":5,"Mercury Hourglass":4,"Cauldron":11,"SlaversCollar":36,"CaptainsWheel":15,"Anchor":27,"Pondfish Scales":56,"Shuriken":57,"Orrery":19,"Pandora\u0027s Box":0,"Molten Egg 2":31,"ChewingGum":45,"Bag of Marbles":14,"Snack Pack":16,"Membership Card":56,"PureWater":0,"Meat on the Bone":27},{"Lantern":159,"Painkiller Herb":36,"StoneCalendar":133,"Replay:Mystery Machine":153,"Bottled Tornado":158,"Ancient Tea Set":55,"Pet Ghost":131,"Ring of Searing":97,"ClockworkSouvenir":175,"Sozu":69,"Replay:Bandana":118,"Nunchaku":118,"Centennial Puzzle":197,"Tiny Chest":161,"Red Mask":42,"Replay:Bottled Flurry":101,"HandDrill":118,"Replay:Wax Seal":42,"Ring of Panic":97,"ReplayTheSpireMod:Ninjato":16,"ReplayTheSpireMod:CursedCoin":120,"Counterbalance":103,"Dead Branch":202,"Oddly Smooth Stone":131,"Thread and Needle":173,"PreservedInsect":138,"War Paint":93,"GoldenEye":159,"White Beast Statue":21,"Mercury Hourglass":16,"Cauldron":42,"SlaversCollar":143,"CaptainsWheel":59,"Anchor":118,"Pondfish Scales":229,"Shuriken":234,"Orrery":76,"Pandora\u0027s Box":0,"Molten Egg 2":128,"ChewingGum":169,"Bag of Marbles":55,"Snack Pack":63,"Membership Card":229,"PureWater":0,"Meat on the Bone":118}],"Meat on the Bone":96},"card_choices":[{"not_picked":["Replay:DivineShield","LikeWater"],"picked":"JustLucky","floor":1.0},{"not_picked":["Replay:ManipulateFuture","PathToVictory"],"picked":"CutThroughFate","floor":4.0},{"not_picked":["Meditate","Pray"],"picked":"Tantrum","floor":5.0},{"not_picked":["Prostrate","FearNoEvil+1"],"picked":"Replay:LoomingThreat","floor":6.0},{"not_picked":["CrushJoints+1","PathToVictory"],"picked":"FlurryOfBlows+1","floor":8.0},{"not_picked":["BowlingBash+1","ForeignInfluence"],"picked":"EmptyBody","floor":11.0},{"not_picked":["Judgement","Replay:Vibes"],"picked":"SashWhip+1","floor":12.0},{"not_picked":["Protect","Nirvana"],"picked":"FlurryOfBlows+1","floor":13.0},{"not_picked":["Replay:AllIn","Alpha"],"picked":"Vault","floor":16.0},{"not_picked":["EmptyBody","Fasting2"],"picked":"FlurryOfBlows+1","floor":18.0},{"not_picked":["SashWhip+1","ClearTheMind"],"picked":"ThirdEye","floor":20.0},{"not_picked":["Halt","EmptyFist+1"],"picked":"Replay:DivineShield","floor":21.0},{"not_picked":["Fasting2","Replay:AtTheReady"],"picked":"JustLucky+1","floor":23.0},{"not_picked":["WindmillStrike+1","Tantrum+1","ClearTheMind"],"picked":"SKIP","floor":24.0},{"not_picked":["FlyingSleeves+1","CutThroughFate+1","FollowUp+1"],"picked":"SKIP","floor":25.0},{"not_picked":["Tantrum+1","Sanctity"],"picked":"Omniscience","floor":29.0},{"not_picked":["Indignation","EmptyFist+1"],"picked":"ThirdEye","floor":31.0},{"not_picked":["Replay:LoomingThreat","Establishment"],"picked":"Vault","floor":33.0},{"not_picked":["Indignation","PathToVictory"],"picked":"LikeWater+1","floor":35.0},{"not_picked":["Replay:ManipulateFuture","Sanctity"],"picked":"Replay:Battleflow","floor":36.0},{"not_picked":["FlyingSleeves+1","JustLucky+1","Replay:BluntJabs+1"],"picked":"SKIP","floor":38.0},{"not_picked":["Vengeance","BowlingBash+1"],"picked":"Protect","floor":39.0},{"not_picked":["Crescendo","Evaluate"],"picked":"Replay:AllIn","floor":39.0},{"not_picked":["JustLucky+1","BowlingBash+1"],"picked":"Nirvana+1","floor":39.0},{"not_picked":["Halt","Brilliance+1"],"picked":"Replay:DivineShield","floor":39.0},{"not_picked":["BowlingBash+1","Perseverance"],"picked":"InnerPeace","floor":39.0},{"not_picked":["Nirvana+1","ReachHeaven+1","Prostrate"],"picked":"SKIP","floor":40.0},{"not_picked":["Replay:AtTheReady","ReachHeaven+1"],"picked":"EmptyMind","floor":41.0},{"not_picked":["JustLucky+1","Replay:Battleflow","FlurryOfBlows+1"],"picked":"SKIP","floor":44.0},{"not_picked":["Nirvana+1","JustLucky+1"],"picked":"Evaluate","floor":45.0},{"not_picked":["Replay:ManipulateFuture","ForeignInfluence"],"picked":"WheelKick+1","floor":47.0},{"not_picked":["EmptyFist+1","Protect"],"picked":"Establishment","floor":48.0},{"not_picked":["Replay:DivineShield","Evaluate"],"picked":"MentalFortress","floor":55}],"player_experience":1366810,"relics_obtained":[{"floor":6.0,"key":"Molten Egg 2"},{"floor":8.0,"key":"Pet Ghost"},{"floor":9.0,"key":"Oddly Smooth Stone"},{"floor":11.0,"key":"StoneCalendar"},{"floor":20.0,"key":"Red Mask"},{"floor":23.0,"key":"Replay:Mystery Machine"},{"floor":26.0,"key":"Bottled Tornado"},{"floor":29.0,"key":"Lantern"},{"floor":31.0,"key":"Tiny Chest"},{"floor":36.0,"key":"Thread and Needle"},{"floor":40.0,"key":"War Paint"},{"floor":45.0,"key":"Centennial Puzzle"},{"floor":47.0,"key":"Dead Branch"},{"floor":55,"key":"Shuriken"}],"event_choices":[{"cards_removed":["Spreading Infection"],"damage_healed":0.0,"max_hp_gain":0.0,"max_hp_loss":0.0,"gold_gain":0.0,"event_name":"Golden Wing","player_choice":"Card Removal","floor":3.0,"gold_loss":0.0,"damage_taken":7.0},{"damage_healed":0.0,"max_hp_gain":0.0,"max_hp_loss":0.0,"gold_gain":0.0,"event_name":"Match and Keep!","player_choice":"1 cards matched","floor":7.0,"gold_loss":0.0,"damage_taken":0.0,"cards_obtained":["FlyingSleeves"]},{"damage_healed":0.0,"max_hp_gain":0.0,"max_hp_loss":0.0,"gold_gain":0.0,"event_name":"Drug Dealer","player_choice":"Obtain J.A.X.","floor":19.0,"gold_loss":0.0,"damage_taken":0.0,"cards_obtained":["J.A.X."]},{"damage_healed":0.0,"max_hp_gain":0.0,"max_hp_loss":0.0,"gold_gain":0.0,"event_name":"Masked Bandits","player_choice":"Fought Bandits","floor":20.0,"gold_loss":0.0,"damage_taken":0.0},{"damage_healed":0.0,"max_hp_gain":0.0,"max_hp_loss":0.0,"gold_gain":0.0,"event_name":"The Library","player_choice":"Read","floor":27.0,"gold_loss":0.0,"damage_taken":0.0,"cards_obtained":["Wallop"]},{"damage_healed":0.0,"max_hp_gain":0.0,"max_hp_loss":0.0,"gold_gain":0.0,"event_name":"Mysterious Sphere","player_choice":"Fight","floor":36.0,"gold_loss":0.0,"damage_taken":0.0},{"damage_healed":0.0,"max_hp_gain":0.0,"max_hp_loss":0.0,"gold_gain":0.0,"event_name":"The Woman in Blue","player_choice":"Bought 0 Potions","floor":37.0,"gold_loss":0.0,"damage_taken":0.0}],"is_beta":false,"boss_relics":[{"not_picked":["Empty Cage","Fusion Hammer"],"picked":"SlaversCollar"},{"not_picked":["Sozu","Calling Bell"],"picked":"ChewingGum"}],"items_purged_floors":[22,54],"is_endless":false,"potions_floor_spawned":[4,5,12,13,16,18,21,23,24,31,36,38,41,45,48],"ascension_level":20}}