{"host":"Kdaddybrian","time":1609615488,"event":{"mods":["AchievementEnabler","BaseMod","Bestiary","Colored Powertips","Minty Spire (QoL Compilation)","Potion Indicator Mod","Quick Restart","Rare Cards Sparkle","Relic Stats","StSLib","Uncapped"],"gold_per_floor":[118,130,148,3,16,43,43,70,96,96,112,0,50,61,61,136,136,124,138,36,49,49,49],"floor_reached":22,"playtime":1286,"items_purged":["Strike_G"],"score":347,"play_id":"442b72a4-a1c0-4995-b57f-1b459074e573","local_time":"20210102142448","is_ascension_mode":true,"campfire_choices":[{"data":"Envenom","floor":7.0,"key":"SMITH"},{"floor":10.0,"key":"REST"},{"floor":15.0,"key":"REST"}],"circlet_count":0,"master_deck":["AscendersBane","Strike_G","Defend_G","Defend_G","Defend_G","Defend_G","Defend_G","Survivor","Neutralize","Backstab","Leg Sweep","Flying Knee","Deadly Poison","Footwork","Dagger Spray","Envenom+1","Blur","Escape Plan","Backflip","Footwork","Leg Sweep","Dash","Bullet Time","A Thousand Cuts+1","Burst+1","Catalyst+1","Dodge and Roll","Cloak And Dagger+1","Dodge and Roll"],"relics":["Ring of the Snake","Question Card","PreservedInsect","Orichalcum","Astrolabe"],"acts_visited":["Exordium","TheCity"],"potions_floor_usage":[],"damage_taken":[{"damage":7.0,"enemies":"Small Slimes","floor":1.0,"turns":6.0},{"damage":2.0,"enemies":"Cultist","floor":2.0,"turns":4.0},{"damage":0.0,"enemies":"2 Louse","floor":3.0,"turns":2.0},{"damage":12.0,"enemies":"Large Slime","floor":5.0,"turns":8.0},{"damage":3.0,"enemies":"Lagavulin","floor":6.0,"turns":8.0},{"damage":26.0,"enemies":"Gremlin Nob","floor":8.0,"turns":6.0},{"damage":0.0,"enemies":"Exordium Thugs","floor":11.0,"turns":5.0},{"damage":6.0,"enemies":"2 Fungi Beasts","floor":14.0,"turns":3.0},{"damage":25.0,"enemies":"Slime Boss","floor":16.0,"turns":18.0},{"damage":8.0,"enemies":"2 Thieves","floor":18.0,"turns":4.0},{"damage":37.0,"enemies":"Spheric Guardian","floor":19.0,"turns":11.0},{"damage":2.0,"enemies":"Snake Plant","floor":21.0,"turns":7.0},{"damage":8,"enemies":"Snecko","floor":22,"turns":2}],"seed_played":"628490115950034697","potions_obtained":[{"floor":0.0,"key":"Strength Potion"},{"floor":0.0,"key":"DuplicationPotion"},{"floor":6.0,"key":"Ancient Potion"},{"floor":11.0,"key":"Strength Potion"},{"floor":19.0,"key":"Dexterity Potion"}],"is_trial":false,"path_per_floor":["M","M","M","$","M","E","R","E","T","R","M","$","?","M","R","B",null,"M","M","$","M","M"],"character_chosen":"THE_SILENT","items_purchased":["Deadly Poison","Footwork","Dagger Spray","Footwork","Leg Sweep","Dodge and Roll"],"campfire_rested":2,"item_purchase_floors":[4,4,4,12,12,20],"current_hp_per_floor":[52,50,50,50,38,35,35,9,9,28,28,28,22,16,35,10,52,44,7,7,5,0,0],"gold":49,"neow_bonus":"THREE_SMALL_POTIONS","is_daily":false,"chose_seed":false,"campfire_upgraded":1,"win_rate":0.0,"timestamp":1609615488,"path_taken":["M","M","M","$","M","E","R","E","T","R","M","$","?","?","R","BOSS","M","M","$","M","M"],"items_purchased_type":["Card","Card","Card","Card","Card","Card"],"build_version":"2020-12-18","purchased_purges":1,"victory":false,"max_hp_per_floor":[66,66,66,66,66,66,66,66,66,66,66,66,66,66,66,66,66,66,66,66,66,66,66],"relic_stats":{"counters":[13,84],"Astrolabe":["A Thousand Cuts","Burst","Catalyst"],"PreservedInsect":0,"Orichalcum":[48],"Question Card":7,"obtain_stats":[{"Astrolabe":17,"PreservedInsect":8,"Orichalcum":9,"Question Card":6,"Ring of the Snake":0},{"Astrolabe":9,"PreservedInsect":6,"Orichalcum":6,"Question Card":5,"Ring of the Snake":0},{"Astrolabe":60,"PreservedInsect":34,"Orichalcum":34,"Question Card":28,"Ring of the Snake":0}],"Ring of the Snake":[26]},"card_choices":[{"not_picked":["Underhanded Strike","Footwork"],"picked":"Backstab","floor":1.0},{"not_picked":["Caltrops","PiercingWail"],"picked":"Leg Sweep","floor":2.0},{"not_picked":["Cloak And Dagger","Setup"],"picked":"Flying Knee","floor":3.0},{"not_picked":["Accuracy","Sucker Punch"],"picked":"Envenom","floor":5.0},{"not_picked":["Deadly Poison","Poisoned Stab"],"picked":"Blur","floor":6.0},{"not_picked":["Dagger Throw","Deadly Poison","Dodge and Roll"],"picked":"Escape Plan","floor":8.0},{"not_picked":["Cloak And Dagger","Slice","Concentrate"],"picked":"Backflip","floor":11.0},{"not_picked":["Noxious Fumes","Night Terror","Caltrops"],"picked":"Dash","floor":14.0},{"not_picked":["Grand Finale","Glass Knife","Phantasmal Killer"],"picked":"Bullet Time","floor":16.0},{"not_picked":["Eviscerate","Sucker Punch","Underhanded Strike"],"picked":"Dodge and Roll","floor":18.0},{"not_picked":["Backflip","Bane+1","Dagger Spray"],"picked":"Cloak And Dagger+1","floor":19.0},{"not_picked":["Endless Agony","Dagger Spray","Bouncing Flask","Dagger Throw"],"picked":"SKIP","floor":21.0}],"player_experience":2917855,"relics_obtained":[{"floor":6.0,"key":"Question Card"},{"floor":8.0,"key":"PreservedInsect"},{"floor":9.0,"key":"Orichalcum"}],"event_choices":[{"damage_healed":0.0,"max_hp_gain":0.0,"max_hp_loss":0.0,"gold_gain":50.0,"event_name":"FaceTrader","player_choice":"Touch","floor":13.0,"gold_loss":0.0,"damage_taken":6.0}],"is_beta":true,"boss_relics":[{"not_picked":["Tiny House","Ring of the Serpent"],"picked":"Astrolabe"}],"items_purged_floors":[20],"is_endless":false,"potions_floor_spawned":[2,6,11,19],"killed_by":"Snecko","ascension_level":15}}