{"host":"ji1fk25fd1ga4ji1","time":1609605994,"event":{"mods":["2.2 Compatiblity","BaseMod","Colored Map","DeckTracker","Minty Spire (QoL Compilation)","Permanent Neow","Quick Restart","StSLib","SuperFastMode"],"gold_per_floor":[113,67,84,102,113,113,132,132,132,162,182,182,213,240,240,339,339,357,282,34,34,34,64,64,64,64,64,14,14,14,48,48,153,153,172,190,204,304,304,304],"floor_reached":39,"playtime":546,"items_purged":["Defend_R","Strike_R"],"score":446,"play_id":"cebb42a8-3259-44de-8b83-bb5ad573ffa5","local_time":"20210103014634","is_ascension_mode":true,"campfire_choices":[{"data":"Perfected Strike","floor":6.0,"key":"SMITH"},{"data":"Demon Form","floor":8.0,"key":"SMITH"},{"data":"Twin Strike","floor":12.0,"key":"SMITH"},{"data":"Wild Strike","floor":15.0,"key":"SMITH"},{"data":"Pommel Strike","floor":24.0,"key":"SMITH"},{"data":"Heavy Blade","floor":27,"key":"SMITH"},{"data":"Berserk","floor":30,"key":"SMITH"},{"data":"Bash","floor":32,"key":"SMITH"}],"circlet_count":0,"master_deck":["Strike_R","Strike_R","Defend_R","Defend_R","Bash+1","Perfected Strike+1","Wild Strike+1","Demon Form+1","Twin Strike+1","Berserk+1","Heavy Blade+1","Pommel Strike+1","Anger+1","Offering","Heavy Blade"],"relics":["Burning Blood","Kunai","Potion Belt","Bottled Flame","PreservedInsect","Cursed Key","Membership Card","Ornamental Fan","MealTicket","Champion Belt","Sozu"],"acts_visited":["Exordium","TheCity","TheBeyond"],"potions_floor_usage":[33,39],"damage_taken":[{"damage":9.0,"enemies":"Cultist","floor":1.0,"turns":4.0},{"damage":0.0,"enemies":"Small Slimes","floor":3.0,"turns":2.0},{"damage":11.0,"enemies":"Jaw Worm","floor":4.0,"turns":2.0},{"damage":11.0,"enemies":"Large Slime","floor":5.0,"turns":3.0},{"damage":5.0,"enemies":"Looter","floor":7.0,"turns":3.0},{"damage":15.0,"enemies":"3 Sentries","floor":10.0,"turns":7.0},{"damage":16.0,"enemies":"2 Fungi Beasts","floor":11.0,"turns":3.0},{"damage":6.0,"enemies":"Gremlin Nob","floor":13.0,"turns":4.0},{"damage":25.0,"enemies":"Slime Boss","floor":16.0,"turns":6.0},{"damage":20.0,"enemies":"Shell Parasite","floor":18.0,"turns":3.0},{"damage":6.0,"enemies":"Slavers","floor":23.0,"turns":3.0},{"damage":20,"enemies":"Book of Stabbing","floor":31,"turns":3},{"damage":28,"enemies":"Automaton","floor":33,"turns":6},{"damage":9,"enemies":"3 Shapes","floor":35,"turns":5},{"damage":16,"enemies":"Orb Walker","floor":36,"turns":2},{"damage":40,"enemies":"Jaw Worm Horde","floor":37,"turns":4},{"damage":38,"enemies":"Writhing Mass","floor":39,"turns":3}],"seed_played":"7505178532980256590","potions_obtained":[{"floor":3.0,"key":"SteroidPotion"},{"floor":5.0,"key":"Block Potion"},{"floor":11.0,"key":"Block Potion"},{"floor":13.0,"key":"EssenceOfSteel"},{"floor":23.0,"key":"PowerPotion"}],"is_trial":false,"path_per_floor":["M","$","M","M","M","R","M","R","T","E","M","R","E","T","R","B",null,"M","?","$","?","?","E","R","T","T","R","$","?","R","E","R","B",null,"M","M","M","?","M"],"character_chosen":"IRONCLAD","items_purchased":["Wild Strike","Membership Card","Pommel Strike","Explosive Potion","Explosive Potion"],"campfire_rested":0,"item_purchase_floors":[2,20,20,20,20],"current_hp_per_floor":[53,53,59,54,49,49,50,50,50,41,31,31,31,31,31,12,80,66,66,66,66,66,66,66,66,66,66,80,80,80,66,66,44,80,77,67,33,33,0,0],"gold":304,"neow_bonus":"REMOVE_TWO","is_daily":false,"chose_seed":false,"campfire_upgraded":8,"win_rate":0.0,"timestamp":1609605994,"path_taken":["M","$","M","M","M","R","M","R","T","E","M","R","E","?","R","BOSS","M","?","$","?","?","E","R","?","T","R","$","?","R","E","R","BOSS","M","M","M","?","?"],"items_purchased_type":["Card","Relic","Card","Potion","Potion"],"build_version":"2020-12-22","purchased_purges":2,"victory":false,"max_hp_per_floor":[80,80,80,80,80,80,80,80,80,80,80,80,80,80,80,80,80,80,80,80,80,80,80,80,80,80,80,80,80,80,80,80,80,80,80,80,80,80,80,80],"card_choices":[{"not_picked":["Shrug It Off","Headbutt"],"picked":"Perfected Strike","floor":1.0},{"not_picked":["Blood for Blood","Armaments","Flex"],"picked":"SKIP","floor":3.0},{"not_picked":["Dark Embrace","Dropkick","Body Slam"],"picked":"SKIP","floor":4.0},{"not_picked":["Flex","Heavy Blade"],"picked":"Demon Form","floor":5.0},{"not_picked":["Pommel Strike","Clothesline"],"picked":"Twin Strike","floor":7.0},{"not_picked":["Barricade","Perfected Strike","Searing Blow"],"picked":"SKIP","floor":10.0},{"not_picked":["Sever Soul","Twin Strike","Body Slam"],"picked":"SKIP","floor":11.0},{"not_picked":["Bloodletting","Immolate","Thunderclap"],"picked":"SKIP","floor":13.0},{"not_picked":["Demon Form","Double Tap"],"picked":"Berserk","floor":16.0},{"not_picked":["Clothesline+1","Bloodletting+1"],"picked":"Heavy Blade","floor":18.0},{"not_picked":["Battle Trance","Dual Wield+1"],"picked":"Anger+1","floor":23.0},{"not_picked":["Carnage","Searing Blow","Cleave"],"picked":"SKIP","floor":31},{"not_picked":["Impervious","Brutality"],"picked":"Offering","floor":33},{"not_picked":["Sentinel+1","Flex","Thunderclap"],"picked":"SKIP","floor":35},{"not_picked":["Bloodletting+1","Cleave"],"picked":"Heavy Blade","floor":36},{"not_picked":["Whirlwind","Reckless Charge","Sentinel+1"],"picked":"SKIP","floor":37}],"player_experience":1234517,"relics_obtained":[{"floor":9.0,"key":"Kunai"},{"floor":10.0,"key":"Potion Belt"},{"floor":13.0,"key":"Bottled Flame"},{"floor":14.0,"key":"PreservedInsect"},{"floor":23.0,"key":"MealTicket"},{"floor":31,"key":"Champion Belt"}],"event_choices":[{"cards_removed":["Strike_R"],"damage_healed":0.0,"max_hp_gain":0.0,"max_hp_loss":0.0,"gold_gain":0.0,"event_name":"Beggar","player_choice":"Gave Gold","floor":19.0,"gold_loss":75.0,"damage_taken":0.0},{"damage_healed":0.0,"max_hp_gain":0.0,"max_hp_loss":0.0,"gold_gain":0.0,"event_name":"The Mausoleum","player_choice":"Opened","floor":21.0,"gold_loss":0.0,"damage_taken":0.0,"relics_obtained":["Ornamental Fan"]},{"damage_healed":0.0,"max_hp_gain":0.0,"max_hp_loss":0.0,"gold_gain":0.0,"event_name":"Ghosts","player_choice":"Ignored","floor":22.0,"gold_loss":0.0,"damage_taken":0.0},{"damage_healed":0,"gold_gain":0,"player_choice":"Ignored","damage_taken":0,"max_hp_gain":0,"max_hp_loss":0,"event_name":"Vampires","floor":29,"gold_loss":0},{"damage_healed":0,"gold_gain":100,"player_choice":"Pray","damage_taken":0,"max_hp_gain":0,"max_hp_loss":0,"event_name":"Golden Shrine","floor":38,"gold_loss":0}],"is_beta":false,"boss_relics":[{"not_picked":["Coffee Dripper","Pandora\u0027s Box"],"picked":"Cursed Key"},{"not_picked":["Runic Cube","Snecko Eye"],"picked":"Sozu"}],"items_purged_floors":[20,28],"is_endless":false,"potions_floor_spawned":[3,5,11,13,23,36],"killed_by":"Writhing Mass","ascension_level":1}}