{"host":"yer03dsd277nstsn","time":1609570124,"event":{"mods":["BaseMod","Colored Powertips","Minty Spire (QoL Compilation)"],"gold_per_floor":[159,159,192,11,68,143,143,26,26,26,26,83,125,179,179,407,407,463,463,663,699,624,624,705,705,756,53,53,53],"floor_reached":28,"playtime":1671,"items_purged":["Defend_B","Defend_B"],"score":847,"play_id":"bb0d8c7d-e514-4cfb-8b88-e70d8f21fbc4","local_time":"20210102004844","daily_mods":["Vintage","ControlledChaos","Colorless Cards","Heirloom","Time Dilation","Flight","Cursed Run","Elite Swarm","Lethality","Midas","Terminal"],"is_ascension_mode":true,"campfire_choices":[{"floor":7,"key":"DIG"},{"floor":10,"key":"DIG"},{"floor":15,"key":"DIG"},{"floor":23,"key":"REST"},{"floor":25,"key":"DIG"}],"circlet_count":0,"master_deck":["AscendersBane","Strike_B","Strike_B","Strike_B","Defend_B","Zap","Dualcast","Ball Lightning","Master of Strategy","BootSequence","Parasite","Pain","Metamorphosis","Writhe","Electrodynamics+1","Pain","Heatsinks+1","Conserve Battery","Transmutation"],"relics":["Cursed Key","Darkstone Periapt","Du-Vu Doll","Frozen Eye","Shovel","Orichalcum","Oddly Smooth Stone","Runic Capacitor","Lantern","Regal Pillow","Ornamental Fan","StrikeDummy","Pen Nib","Matryoshka","Eternal Feather","DataDisk","Frozen Egg 2","Mercury Hourglass","Inserter","Mummified Hand","Smiling Mask","HornCleat","Emotion Chip","Bottled Lightning","Toy Ornithopter","Happy Flower","Centennial Puzzle","Lee\u0027s Waffle"],"acts_visited":["Exordium","TheCity"],"potions_floor_usage":[6,13,16,24],"damage_taken":[{"damage":0,"enemies":"2 Louse","floor":1,"turns":3},{"damage":0,"enemies":"Cultist","floor":3,"turns":2},{"damage":0,"enemies":"Jaw Worm","floor":5,"turns":2},{"damage":13,"enemies":"Lagavulin","floor":6,"turns":5},{"damage":0,"enemies":"3 Louse","floor":12,"turns":1},{"damage":0,"enemies":"Exordium Wildlife","floor":13,"turns":2},{"damage":0,"enemies":"Red Slaver","floor":14,"turns":1},{"damage":16,"enemies":"The Guardian","floor":16,"turns":5},{"damage":13,"enemies":"Shell Parasite","floor":18,"turns":3},{"damage":36,"enemies":"2 Thieves","floor":21,"turns":3},{"damage":35,"enemies":"Gremlin Leader","floor":24,"turns":4},{"damage":17,"enemies":"Colosseum Slavers","floor":28,"turns":2},{"damage":75,"enemies":"Colosseum Nobs","floor":28,"turns":3}],"seed_played":"-9006144221693676799","potions_obtained":[{"floor":3,"key":"FocusPotion"},{"floor":6,"key":"Fire Potion"},{"floor":13,"key":"Swift Potion"},{"floor":21,"key":"Regen Potion"}],"is_trial":true,"path_per_floor":["M","?","M","$","M","E","R","$","T","R","?","M","M","M","R","B",null,"M","?","?","M","?","R","E","R","T","$","?"],"character_chosen":"DEFECT","items_purchased":["Runic Capacitor","Ball Lightning","BootSequence","Heatsinks+1","Conserve Battery","Centennial Puzzle","Lee\u0027s Waffle","Transmutation"],"campfire_rested":1,"item_purchase_floors":[4,4,8,27,27,27,27,27],"current_hp_per_floor":[64,64,64,64,64,51,51,51,57,57,39,39,39,39,45,35,58,45,51,51,15,15,58,35,44,50,74,0,0],"gold":53,"neow_bonus":"","is_daily":false,"chose_seed":false,"campfire_upgraded":0,"win_rate":0.0,"timestamp":1609570124,"path_taken":["M","?","?","$","?","E","R","$","T","R","?","M","M","M","R","BOSS","M","?","?","?","?","R","E","R","T","$","?"],"items_purchased_type":["Relic","Card","Card","Card","Card","Relic","Relic","Card"],"build_version":"2020-12-22","purchased_purges":2,"victory":false,"max_hp_per_floor":[69,68,67,66,65,64,63,62,67,66,65,64,63,62,61,66,65,64,69,68,67,66,65,64,63,68,74,74,74],"card_choices":[{"not_picked":["Buffer","Amplify"],"picked":"Master of Strategy","floor":6},{"not_picked":["All For One","Meteor Strike"],"picked":"Metamorphosis","floor":16},{"not_picked":["Violence","Biased Cognition+1"],"picked":"Electrodynamics+1","floor":24}],"player_experience":434669,"relics_obtained":[{"floor":1,"key":"Orichalcum"},{"floor":3,"key":"Oddly Smooth Stone"},{"floor":5,"key":"Lantern"},{"floor":6,"key":"Regal Pillow"},{"floor":7,"key":"Ornamental Fan"},{"floor":9,"key":"StrikeDummy"},{"floor":10,"key":"Pen Nib"},{"floor":12,"key":"Eternal Feather"},{"floor":13,"key":"DataDisk"},{"floor":14,"key":"Frozen Egg 2"},{"floor":15,"key":"Mercury Hourglass"},{"floor":18,"key":"Mummified Hand"},{"floor":21,"key":"HornCleat"},{"floor":24,"key":"Emotion Chip"},{"floor":25,"key":"Bottled Lightning"},{"floor":26,"key":"Toy Ornithopter"},{"floor":26,"key":"Happy Flower"}],"event_choices":[{"cards_removed":["Strike_B"],"damage_healed":0,"gold_gain":0,"player_choice":"Card Removal","damage_taken":0,"max_hp_gain":0,"max_hp_loss":0,"event_name":"Wheel of Change","floor":2,"gold_loss":0},{"damage_healed":0,"gold_gain":0,"player_choice":"Success","damage_taken":18,"relics_obtained":["Matryoshka"],"max_hp_gain":0,"max_hp_loss":0,"event_name":"Scrap Ooze","floor":11,"gold_loss":0},{"damage_healed":0,"gold_gain":0,"player_choice":"Opened","damage_taken":0,"relics_obtained":["Smiling Mask"],"max_hp_gain":0,"max_hp_loss":0,"event_name":"The Mausoleum","floor":19,"gold_loss":0,"cards_obtained":["Writhe"]},{"damage_healed":0,"gold_gain":200,"player_choice":"Gold","damage_taken":0,"max_hp_gain":0,"max_hp_loss":0,"event_name":"Wheel of Change","floor":20,"gold_loss":0},{"cards_removed":["Defend_B"],"damage_healed":0,"gold_gain":0,"player_choice":"Gave Gold","damage_taken":0,"max_hp_gain":0,"max_hp_loss":0,"event_name":"Beggar","floor":22,"gold_loss":75},{"damage_healed":0,"gold_gain":0,"player_choice":"Fight","damage_taken":0,"max_hp_gain":0,"max_hp_loss":0,"event_name":"Colosseum","floor":28,"gold_loss":0},{"damage_healed":0,"gold_gain":0,"player_choice":"Fought Nobs","damage_taken":0,"max_hp_gain":0,"max_hp_loss":0,"event_name":"Colosseum","floor":28,"gold_loss":0}],"is_beta":false,"boss_relics":[{"not_picked":["Black Star","Busted Crown"],"picked":"Inserter"}],"items_purged_floors":[8,27],"is_endless":true,"potions_floor_spawned":[3,6,13,21],"killed_by":"Colosseum Nobs","ascension_level":20}}