{"host":"wzyx1a6f41w36f2j","time":1609605077,"event":{"mods":["BaseMod","Googly Eyes","Highlight Path","Minty Spire (QoL Compilation)","Quick Restart","StSLib","The IronCluck"],"gold_per_floor":[115,128,82,82,98,131,141,159,184,195,195,229,229,229,229,330,330,346,372,389,321,321,321,349,349,349,362,111,140,153,153,153,153,153],"floor_reached":33,"playtime":1384,"items_purged":[],"score":325,"play_id":"83d7ab19-f050-4cc3-b681-6936ea18a413","local_time":"20210102183117","is_ascension_mode":true,"campfire_choices":[{"floor":11.0,"key":"REST"},{"floor":13.0,"key":"REST"},{"data":"Armaments","floor":15.0,"key":"SMITH"},{"floor":23.0,"key":"REST"},{"floor":25.0,"key":"REST"},{"floor":32.0,"key":"REST"}],"circlet_count":0,"master_deck":["Strike_R","Strike_R","Strike_R","Strike_R","Strike_R","Defend_R","Defend_R+1","Defend_R+1","Bash","Warcry","Rampage","Thunderclap","Impervious","Flex","Hemokinesis","Armaments+1","Infernal Blade","Rampage","Infernal Blade","Reaper","Headbutt+1","Spot Weakness","Intimidate","Clash","Exhume"],"relics":["Burning Blood","War Paint","Pantograph","Dream Catcher","Nunchaku","NlothsMask","Philosopher\u0027s Stone","Potion Belt","Pear","Singing Bowl","HornCleat"],"acts_visited":["Exordium","TheCity"],"potions_floor_usage":[33,33],"damage_taken":[{"damage":10.0,"enemies":"Cultist","floor":1.0,"turns":4.0},{"damage":12.0,"enemies":"Small Slimes","floor":2.0,"turns":3.0},{"damage":7.0,"enemies":"Jaw Worm","floor":5.0,"turns":4.0},{"damage":18.0,"enemies":"Lagavulin","floor":6.0,"turns":6.0},{"damage":15.0,"enemies":"Blue Slaver","floor":7.0,"turns":3.0},{"damage":9.0,"enemies":"Looter","floor":8.0,"turns":3.0},{"damage":28.0,"enemies":"Large Slime","floor":10.0,"turns":6.0},{"damage":15.0,"enemies":"3 Sentries","floor":12.0,"turns":8.0},{"damage":14.0,"enemies":"Slime Boss","floor":16.0,"turns":9.0},{"damage":23.0,"enemies":"Spheric Guardian","floor":18.0,"turns":4.0},{"damage":27.0,"enemies":"2 Thieves","floor":20.0,"turns":5.0},{"damage":61.0,"enemies":"Book of Stabbing","floor":24.0,"turns":6.0},{"damage":44.0,"enemies":"Snake Plant","floor":27.0,"turns":3.0},{"damage":29.0,"enemies":"Slavers","floor":29.0,"turns":8.0},{"damage":2.0,"enemies":"Snecko","floor":30.0,"turns":3.0},{"damage":95,"enemies":"Collector","floor":33,"turns":8}],"seed_played":"-620532696041687318","potions_obtained":[{"floor":1.0,"key":"SpeedPotion"},{"floor":6.0,"key":"PowerPotion"},{"floor":8.0,"key":"Block Potion"},{"floor":12.0,"key":"DuplicationPotion"},{"floor":24.0,"key":"SpeedPotion"},{"floor":30.0,"key":"Strength Potion"}],"is_trial":false,"path_per_floor":["M","M","$","?","M","E","M","M","T","M","R","E","R","?","R","B",null,"M","T","M","$","?","R","E","R","T","M","$","E","M","?","R","B"],"character_chosen":"IRONCLAD","items_purchased":["Thunderclap","Spot Weakness","Singing Bowl"],"campfire_rested":5,"item_purchase_floors":[3,21,28],"current_hp_per_floor":[76,70,70,70,69,57,48,45,45,23,47,38,62,62,62,72,80,65,65,52,52,52,76,27,51,61,24,24,15,19,19,46,0,0],"gold":153,"neow_bonus":"RANDOM_COMMON_RELIC","is_daily":false,"chose_seed":false,"campfire_upgraded":1,"win_rate":0.0,"timestamp":1609605077,"path_taken":["M","M","?","?","M","E","M","M","T","M","R","E","R","?","R","BOSS","M","?","?","$","?","R","E","R","T","M","$","E","M","?","R","BOSS"],"items_purchased_type":["Card","Card","Relic"],"build_version":"2020-12-22","purchased_purges":0,"victory":false,"max_hp_per_floor":[80,80,80,80,80,80,80,80,80,80,80,80,80,80,80,80,80,80,80,80,80,80,80,80,80,90,90,90,92,92,92,92,92,92],"card_choices":[{"not_picked":["Disarm","Burning Pact"],"picked":"Warcry","floor":1.0},{"not_picked":["Carnage","Heavy Blade"],"picked":"Rampage","floor":2.0},{"not_picked":["Headbutt","Burning Pact"],"picked":"Flex","floor":5.0},{"not_picked":["Rampage","Uppercut"],"picked":"Hemokinesis","floor":6.0},{"not_picked":["Cleave","Clash"],"picked":"Armaments","floor":7.0},{"not_picked":["Clothesline","Havoc"],"picked":"Infernal Blade","floor":8.0},{"not_picked":["Combust","Warcry","Ghostly Armor"],"picked":"SKIP","floor":10.0},{"not_picked":["Cleave","Armaments"],"picked":"Rampage","floor":11.0},{"not_picked":["Ghostly Armor","Pummel"],"picked":"Infernal Blade","floor":12.0},{"not_picked":["Fiend Fire","Double Tap"],"picked":"Reaper","floor":16.0},{"not_picked":["Anger","Iron Wave","Warcry"],"picked":"SKIP","floor":18.0},{"not_picked":["Iron Wave+1","Searing Blow+1"],"picked":"Headbutt+1","floor":20.0},{"not_picked":["Headbutt","Shockwave+1","Sword Boomerang"],"picked":"SKIP","floor":24.0},{"not_picked":["Feel No Pain","Evolve"],"picked":"Intimidate","floor":27.0},{"not_picked":["Spot Weakness","Armaments","Havoc"],"picked":"Singing Bowl","floor":29.0},{"not_picked":["Shrug It Off","Burning Pact"],"picked":"Clash","floor":30.0},{"not_picked":["Havoc","Cleave"],"picked":"Exhume","floor":32.0}],"player_experience":54454,"relics_obtained":[{"floor":6.0,"key":"Pantograph"},{"floor":9.0,"key":"Dream Catcher"},{"floor":12.0,"key":"Nunchaku"},{"floor":24.0,"key":"Potion Belt"},{"floor":26.0,"key":"Pear"},{"floor":29.0,"key":"HornCleat"}],"event_choices":[{"damage_healed":0.0,"max_hp_gain":0.0,"max_hp_loss":0.0,"gold_gain":0.0,"cards_transformed":["Defend_R"],"event_name":"Living Wall","player_choice":"Change","floor":4.0,"gold_loss":0.0,"damage_taken":0.0,"cards_obtained":["Impervious"]},{"damage_healed":0.0,"max_hp_gain":0.0,"max_hp_loss":0.0,"gold_gain":0.0,"event_name":"FaceTrader","player_choice":"Trade","floor":14.0,"gold_loss":0.0,"damage_taken":0.0,"relics_obtained":["NlothsMask"]},{"damage_healed":0.0,"max_hp_gain":0.0,"max_hp_loss":0.0,"gold_gain":0.0,"event_name":"Beggar","player_choice":"Ignored","floor":22.0,"gold_loss":0.0,"damage_taken":0.0},{"damage_healed":0.0,"max_hp_gain":0.0,"max_hp_loss":0.0,"gold_gain":0.0,"event_name":"Ghosts","player_choice":"Ignored","floor":31.0,"gold_loss":0.0,"damage_taken":0.0}],"is_beta":false,"boss_relics":[{"not_picked":["SacredBark","Busted Crown"],"picked":"Philosopher\u0027s Stone"}],"items_purged_floors":[],"is_endless":false,"potions_floor_spawned":[1,6,8,12,20,24,30],"killed_by":"Collector","ascension_level":2}}