{"host":"bwf6jt0gyax88i3l","time":1609563399,"event":{"mods":["AchievementEnabler","BaseMod","Colored Map","Colored Powertips","Downfall","Duelist Mod","Hermit","Highlight Path","Infinite Spire","Marisa????????","Minty Spire (QoL Compilation)","Quick Restart","Remilia??????","Replay The Spire","Shop Mod","StSLib","The Animator","The Bug Knight","The Cursed","The Disciple","The Necromancer","The Servant 0.9.4"],"gold_per_floor":[114,124,45,10,20,48,64,64,64,64,64],"floor_reached":10,"playtime":1735,"items_purged":[],"score":68,"play_id":"7c02780b-4831-4f60-8b20-87e02cceecbd","local_time":"20210101205639","is_ascension_mode":false,"campfire_choices":[{"floor":8,"key":"REST"}],"circlet_count":0,"master_deck":["animator:Strike_Konosuba","animator:Defend_Konosuba","animator:Strike","animator:Strike","animator:Strike","animator:Defend","animator:Defend","animator:Defend","animator:Kazuma","animator:Aqua","animator:Shion","animator:GazelDwargon","animator:Souei","animator:DolaSchwi","animator:Millim"],"relics":["animator:LivingPicture","animator:TheMissingPiece","Champion Belt","infinitespire:PuzzleCube"],"acts_visited":["Exordium"],"potions_floor_usage":[10],"damage_taken":[{"damage":9,"enemies":"Jaw Worm","floor":1,"turns":6},{"damage":1,"enemies":"2 Louse","floor":2,"turns":4},{"damage":3,"enemies":"Cultist","floor":5,"turns":4},{"damage":43,"enemies":"Gremlin Nob","floor":6,"turns":5},{"damage":17,"enemies":"3 Louse","floor":7,"turns":3},{"damage":38,"enemies":"Lagavulin","floor":10,"turns":5}],"seed_played":"4352967057719157144","potions_obtained":[{"floor":7,"key":"Swift Potion"}],"is_trial":false,"path_per_floor":["M","M","$","?","M","E","M","R","T","E"],"character_chosen":"THE_ANIMATOR","items_purchased":["animator:Souei"],"campfire_rested":1,"item_purchase_floors":[3],"current_hp_per_floor":[65,66,66,72,69,26,11,32,32,0,0],"gold":64,"neow_bonus":"TEN_PERCENT_HP_BONUS","is_daily":false,"chose_seed":false,"campfire_upgraded":0,"win_rate":0.0,"timestamp":1609563399,"path_taken":["M","M","$","?","M","E","M","R","T","E"],"items_purchased_type":["Card"],"build_version":"2020-12-22","purchased_purges":0,"victory":false,"max_hp_per_floor":[72,72,72,72,72,72,72,72,72,72,72],"card_choices":[{"not_picked":["animator:OrikoMikuni","animator:Priestess"],"picked":"animator:Shion","floor":1},{"not_picked":["animator:Kazuma","animator:MetalKnight"],"picked":"animator:GazelDwargon","floor":2},{"not_picked":["animator:Wiz","animator:HighElfArcher","animator:Verdia"],"picked":"SKIP","floor":5},{"not_picked":["animator:Tet","animator:DolaRiku"],"picked":"animator:DolaSchwi","floor":6},{"not_picked":["animator:Shiro","animator:Benimaru"],"picked":"animator:Millim","floor":7}],"player_experience":32685,"relics_obtained":[{"floor":6,"key":"Champion Belt"},{"floor":9,"key":"infinitespire:PuzzleCube"}],"event_choices":[{"damage_healed":18,"gold_gain":0,"player_choice":"Healed","damage_taken":0,"max_hp_gain":0,"max_hp_loss":0,"event_name":"The Cleric","floor":4,"gold_loss":35}],"is_beta":false,"boss_relics":[],"items_purged_floors":[],"is_endless":false,"potions_floor_spawned":[7],"killed_by":"Lagavulin","ascension_level":0}}