{"host":"cr892wvdvh6p7gzy","time":1609547424,"event":{"mods":["A Magickal Journey","BaseMod","Dio Mod","GifTheSpireLib","Minty Spire (QoL Compilation)","READ ME - Guardian Mod","SOS???????","StSLib","The Bug Knight","The Necromancer","The Servant 0.9.4","???Mod??????Boss"],"gold_per_floor":[118,129,129,129,140,140,88,118,143,155,179,191,217,229,229],"floor_reached":14,"playtime":658,"items_purged":[],"score":92,"play_id":"6caa0a2c-e9ea-43f3-94cb-bc78eec73829","local_time":"20210102013024","is_ascension_mode":true,"campfire_choices":[{"data":"Accuracy","floor":6,"key":"SMITH"},{"floor":10,"key":"DIG"}],"circlet_count":0,"master_deck":["Strike_G","Strike_G","Strike_G","Strike_G","Strike_G","Defend_G","Defend_G","Defend_G","Defend_G","Defend_G","Survivor+1","Neutralize","Accuracy+1","PiercingWail","Leg Sweep"],"relics":["Ring of the Snake","Shovel","Sundial","MawBank","PreservedInsect"],"acts_visited":["Exordium"],"potions_floor_usage":[2,14],"damage_taken":[{"damage":1,"enemies":"2 Louse","floor":1,"turns":2},{"damage":0,"enemies":"Cultist","floor":2,"turns":5},{"damage":0,"enemies":"Jaw Worm","floor":5,"turns":4},{"damage":6,"enemies":"Exordium Wildlife","floor":11,"turns":5},{"damage":8,"enemies":"3 Louse","floor":13,"turns":4},{"damage":0,"enemies":"HollowMod:MossKnight","floor":14,"turns":5}],"seed_played":"-1020459926889349151","potions_obtained":[{"floor":1,"key":"Swift Potion"},{"floor":2,"key":"GhostInAJar"},{"floor":13,"key":"CunningPotion"}],"is_trial":false,"path_per_floor":["M","M","?","$","M","R","$","?","T","R","M","$","M","E"],"character_chosen":"THE_SILENT","items_purchased":["PiercingWail"],"campfire_rested":0,"item_purchase_floors":[7],"current_hp_per_floor":[69,69,69,69,69,69,69,69,69,69,63,63,55,55,55],"gold":229,"neow_bonus":"UPGRADE_CARD","is_daily":false,"chose_seed":false,"campfire_upgraded":1,"win_rate":0.0,"timestamp":1609547424,"path_taken":["M","M","?","?","M","R","$","?","T","R","M","$","M","E"],"items_purchased_type":["Card"],"build_version":"2020-12-22","purchased_purges":0,"victory":false,"max_hp_per_floor":[70,70,70,70,70,70,70,70,70,70,70,70,70,70,70],"card_choices":[{"not_picked":["Crippling Poison","Choke"],"picked":"Accuracy","floor":1},{"not_picked":["Slice","Flying Knee","Backstab"],"picked":"SKIP","floor":2},{"not_picked":["Underhanded Strike","Backstab","Expertise"],"picked":"SKIP","floor":5},{"not_picked":["Deflect","Distraction","Deadly Poison"],"picked":"SKIP","floor":11},{"not_picked":["Caltrops","Dagger Spray"],"picked":"Leg Sweep","floor":13}],"player_experience":431592,"relics_obtained":[{"floor":9,"key":"MawBank"},{"floor":10,"key":"PreservedInsect"}],"event_choices":[{"damage_healed":0,"gold_gain":0,"player_choice":"Gave Potion","damage_taken":0,"relics_obtained":["Shovel"],"max_hp_gain":0,"max_hp_loss":0,"event_name":"WeMeetAgain","floor":3,"gold_loss":0},{"damage_healed":0,"gold_gain":30,"player_choice":"Searched \u00272\u0027 times","damage_taken":0,"relics_obtained":["Sundial"],"max_hp_gain":0,"max_hp_loss":0,"event_name":"Dead Adventurer","floor":8,"gold_loss":0}],"is_beta":false,"boss_relics":[],"items_purged_floors":[],"is_endless":false,"potions_floor_spawned":[1,2,13],"killed_by":"HollowMod:MossKnight","ascension_level":3}}