{"host":"Jonboy","time":1609626255,"event":{"mods":["AchievementEnabler","BaseMod","Block Reminder","Colored Powertips","Minty Spire (QoL Compilation)","Relic Stats"],"gold_per_floor":[117,130,147,147,69,69,99,99,174,190,209,226,124,149,149,249,249,265,284,83,83,83,115,115,147,147,147,164,164,15,33,33,134,134,153,167,167,184,198,223,233,233,233,233,249,269,288,342,342,342],"floor_reached":51,"playtime":2506,"items_purged":["Strike_B","Strike_B"],"score":1109,"play_id":"fdd172fa-cd68-4b66-967e-c280cfaef0e4","local_time":"20210102222415","is_ascension_mode":true,"campfire_choices":[{"data":"Zap","floor":6.0,"key":"SMITH"},{"floor":8,"key":"REST"},{"data":"Streamline","floor":15,"key":"SMITH"},{"floor":24,"key":"REST"},{"data":"RitualDagger","floor":27,"key":"SMITH"},{"data":"Defragment","floor":32,"key":"SMITH"},{"floor":42,"key":"REST"},{"floor":49,"key":"REST"}],"circlet_count":0,"master_deck":["AscendersBane","Strike_B","Defend_B","Defend_B","Defend_B","Defend_B","Zap+1","Dualcast","FTL","FTL","Compile Driver","Reinforced Body+1","Leap+1","Streamline+1","Ball Lightning","Echo Form","Fission+1","Self Repair+1","Coolheaded+1","RitualDagger+1","Leap+1","Doom and Gloom+1","Consume+1","Glacier+1","Defragment+1","Electrodynamics","Force Field+1","Redo+1","Loop+1","Capacitor","Panacea+1","Coolheaded+1","Hologram+1","Coolheaded+1"],"relics":["SlaversCollar","Smiling Mask","Toxic Egg 2","Mercury Hourglass","Bag of Marbles","Cursed Key","Runic Capacitor","PreservedInsect","Potion Belt","Boot","Fusion Hammer","Omamori","TungstenRod"],"acts_visited":["Exordium","TheCity","TheBeyond"],"potions_floor_usage":[12,19,45,50,50],"damage_taken":[{"damage":14.0,"enemies":"Small Slimes","floor":1.0,"turns":5.0},{"damage":1.0,"enemies":"Cultist","floor":2.0,"turns":3.0},{"damage":6.0,"enemies":"2 Louse","floor":3.0,"turns":2.0},{"damage":20.0,"enemies":"Lagavulin","floor":7.0,"turns":6.0},{"damage":0,"enemies":"Blue Slaver","floor":10,"turns":4},{"damage":7,"enemies":"3 Louse","floor":11,"turns":3},{"damage":0,"enemies":"Lots of Slimes","floor":12,"turns":3},{"damage":1,"enemies":"3 Sentries","floor":14,"turns":5},{"damage":25,"enemies":"Hexaghost","floor":16,"turns":8},{"damage":0,"enemies":"3 Byrds","floor":18,"turns":4},{"damage":2,"enemies":"Chosen","floor":19,"turns":4},{"damage":37,"enemies":"Slavers","floor":23,"turns":5},{"damage":29,"enemies":"Gremlin Leader","floor":25,"turns":7},{"damage":21,"enemies":"Sentry and Sphere","floor":28,"turns":4},{"damage":0,"enemies":"Centurion and Healer","floor":31,"turns":6},{"damage":31,"enemies":"Champ","floor":33,"turns":13},{"damage":0,"enemies":"3 Darklings","floor":35,"turns":4},{"damage":1,"enemies":"Orb Walker","floor":36,"turns":3},{"damage":3,"enemies":"Maw","floor":38,"turns":8},{"damage":15,"enemies":"3 Darklings","floor":39,"turns":7},{"damage":22,"enemies":"Reptomancer","floor":40,"turns":6},{"damage":18,"enemies":"4 Shapes","floor":41,"turns":7},{"damage":6,"enemies":"Transient","floor":45,"turns":5},{"damage":12,"enemies":"Sphere and 2 Shapes","floor":46,"turns":6},{"damage":18,"enemies":"3 Darklings","floor":47,"turns":3},{"damage":23,"enemies":"2 Orb Walkers","floor":48,"turns":4},{"damage":10,"enemies":"Time Eater","floor":50,"turns":11}],"seed_played":"-7845499557810543981","potions_obtained":[{"floor":1.0,"key":"BlessingOfTheForge"},{"floor":7,"key":"Ancient Potion"},{"floor":10,"key":"Swift Potion"},{"floor":16,"key":"Swift Potion"},{"floor":23,"key":"Energy Potion"},{"floor":28,"key":"SteroidPotion"},{"floor":38,"key":"GamblersBrew"},{"floor":45,"key":"FocusPotion"}],"is_trial":false,"path_per_floor":["M","M","M","?","?","R","E","R","T","M","M","M","$","E","R","B",null,"M","M","$","?","?","E","R","E","T","R","M","?","$","M","R","B",null,"M","M","?","M","M","E","M","R","T","?","M","M","M","?","R","B",null],"character_chosen":"DEFECT","items_purchased":["Ball Lightning","Runic Capacitor","Glacier+1","Defragment"],"campfire_rested":4,"item_purchase_floors":[13,20,30,30],"current_hp_per_floor":[54,53,47,47,47,47,27,49,49,49,42,42,42,41,41,16,60,60,68,68,62,62,25,47,38,38,38,27,27,27,47,47,26,63,63,72,72,75,70,58,40,62,62,52,46,54,46,33,55,55],"gold":342,"neow_bonus":"BOSS_RELIC","is_daily":false,"chose_seed":false,"campfire_upgraded":4,"win_rate":0.0,"timestamp":1609626255,"path_taken":["M","M","M","?","?","R","E","R","T","M","?","?","$","E","R","BOSS","M","M","$","?","?","E","R","E","T","R","M","?","$","M","R","BOSS","M","M","?","M","?","E","?","R","T","?","M","M","M","?","R","BOSS"],"items_purchased_type":["Card","Relic","Card","Card"],"build_version":"2020-12-18","purchased_purges":2,"victory":true,"max_hp_per_floor":[75,75,75,75,75,75,75,75,75,75,75,75,75,75,75,75,75,75,75,75,75,75,75,75,75,75,75,75,75,75,75,75,75,75,75,75,75,75,75,75,75,75,75,75,75,75,75,75,75,75],"relic_stats":{"counters":[27,145],"PreservedInsect":113,"Smiling Mask":75,"Cursed Key":0,"Boot":[20],"obtain_stats":[{"Potion Belt":25,"PreservedInsect":23,"Runic Capacitor":20,"Omamori":40,"Smiling Mask":5,"Cursed Key":17,"Boot":29,"Mercury Hourglass":9,"SlaversCollar":0,"Fusion Hammer":34,"Bag of Marbles":14,"Toxic Egg 2":7,"Cracked Core":0,"TungstenRod":48},{"Potion Belt":13,"PreservedInsect":12,"Runic Capacitor":11,"Omamori":21,"Smiling Mask":3,"Cursed Key":9,"Boot":14,"Mercury Hourglass":4,"SlaversCollar":0,"Fusion Hammer":16,"Bag of Marbles":8,"Toxic Egg 2":4,"Cracked Core":0,"TungstenRod":26},{"Potion Belt":58,"PreservedInsect":51,"Runic Capacitor":46,"Omamori":109,"Smiling Mask":10,"Cursed Key":39,"Boot":62,"Mercury Hourglass":16,"SlaversCollar":0,"Fusion Hammer":81,"Bag of Marbles":31,"Toxic Egg 2":16,"Cracked Core":0,"TungstenRod":134}],"TungstenRod":2,"Mercury Hourglass":[567]},"card_choices":[{"not_picked":["Chaos","Turbo"],"picked":"FTL","floor":1.0},{"not_picked":["Fusion","Redo"],"picked":"FTL","floor":2.0},{"not_picked":["Gash","Stack"],"picked":"Compile Driver","floor":3.0},{"not_picked":["Tempest+1","Auto Shields+1"],"picked":"Reinforced Body+1","floor":7},{"not_picked":["Scrape","Auto Shields+1"],"picked":"Leap+1","floor":10},{"not_picked":["Stack+1","Reprogram+1","Turbo+1"],"picked":"SKIP","floor":11},{"not_picked":["Go for the Eyes","Steam+1"],"picked":"Streamline","floor":12},{"not_picked":["Hologram+1","Cold Snap"],"picked":"Echo Form","floor":14},{"not_picked":["Hyperbeam","Creative AI"],"picked":"Fission+1","floor":16},{"not_picked":["Cold Snap","Genetic Algorithm+1"],"picked":"Self Repair+1","floor":18},{"not_picked":["Storm","Streamline+1"],"picked":"Coolheaded+1","floor":19},{"not_picked":["Barrage","Compile Driver+1"],"picked":"Leap+1","floor":23},{"not_picked":["Stack+1","Rebound+1"],"picked":"Doom and Gloom+1","floor":25},{"not_picked":["Steam+1","Buffer"],"picked":"Consume+1","floor":28},{"not_picked":["Gash","Leap+1","Turbo+1"],"picked":"SKIP","floor":31},{"not_picked":["Rainbow+1","Creative AI"],"picked":"Electrodynamics","floor":33},{"not_picked":["Streamline+1","Heatsinks","Sweeping Beam+1"],"picked":"SKIP","floor":35},{"not_picked":["Redo+1","Self Repair+1"],"picked":"Force Field+1","floor":36},{"not_picked":["Storm+1","Stack+1"],"picked":"Redo+1","floor":38},{"not_picked":["Ball Lightning+1","Sweeping Beam","Streamline"],"picked":"SKIP","floor":39},{"not_picked":["Heatsinks+1","Sweeping Beam"],"picked":"Loop+1","floor":40},{"not_picked":["Leap+1","Scrape"],"picked":"Capacitor","floor":41},{"not_picked":["Sadistic Nature","Flash of Steel"],"picked":"Panacea+1","floor":44},{"not_picked":["Hello World","Gash+1","Streamline+1"],"picked":"SKIP","floor":45},{"not_picked":["Barrage","Sweeping Beam+1"],"picked":"Coolheaded+1","floor":46},{"not_picked":["Rebound+1","Lockon"],"picked":"Hologram+1","floor":47},{"not_picked":["Fusion+1","Ball Lightning+1"],"picked":"Coolheaded+1","floor":48}],"player_experience":423119,"relics_obtained":[{"floor":7,"key":"Toxic Egg 2"},{"floor":9,"key":"Mercury Hourglass"},{"floor":14,"key":"Bag of Marbles"},{"floor":23,"key":"PreservedInsect"},{"floor":25,"key":"Potion Belt"},{"floor":40,"key":"Omamori"},{"floor":48,"key":"TungstenRod"}],"event_choices":[{"cards_removed":["Strike_B"],"damage_healed":0.0,"max_hp_gain":0.0,"max_hp_loss":0.0,"gold_gain":0.0,"event_name":"Living Wall","player_choice":"Forget","floor":4.0,"gold_loss":0.0,"damage_taken":0.0},{"damage_healed":0.0,"max_hp_gain":0.0,"max_hp_loss":0.0,"gold_gain":0.0,"event_name":"WeMeetAgain","player_choice":"Paid Gold","floor":5.0,"gold_loss":78.0,"damage_taken":0.0,"relics_obtained":["Smiling Mask"]},{"damage_healed":0,"gold_gain":0,"player_choice":"Joined the Cult","damage_taken":6,"max_hp_gain":0,"max_hp_loss":0,"event_name":"Nest","floor":21,"gold_loss":0,"cards_obtained":["RitualDagger"]},{"damage_healed":0,"gold_gain":0,"player_choice":"Ignored","damage_taken":0,"max_hp_gain":0,"max_hp_loss":0,"event_name":"Ghosts","floor":22,"gold_loss":0},{"damage_healed":0,"gold_gain":0,"player_choice":"Opened","damage_taken":0,"relics_obtained":["Boot"],"max_hp_gain":0,"max_hp_loss":0,"event_name":"The Mausoleum","floor":29,"gold_loss":0},{"damage_healed":0,"gold_gain":0,"player_choice":"Ignored","damage_taken":0,"max_hp_gain":0,"max_hp_loss":0,"event_name":"SecretPortal","floor":37,"gold_loss":0},{"damage_healed":0,"gold_gain":0,"player_choice":"Memory 3","damage_taken":10,"max_hp_gain":0,"max_hp_loss":0,"event_name":"SensoryStone","floor":44,"gold_loss":0},{"damage_healed":0,"gold_gain":0,"player_choice":"Fight","damage_taken":0,"max_hp_gain":0,"max_hp_loss":0,"event_name":"Mysterious Sphere","floor":48,"gold_loss":0}],"is_beta":true,"boss_relics":[{"not_picked":["Nuclear Battery","Inserter"],"picked":"Cursed Key"},{"not_picked":["Busted Crown","Black Star"],"picked":"Fusion Hammer"}],"items_purged_floors":[13,20],"is_endless":false,"potions_floor_spawned":[1,7,10,16,23,28,38,39,45],"ascension_level":10}}