{"host":"kos1s9q8ffr8fqos","time":1609570617,"event":{"mods":["BaseMod","Bestiary","Better Altar","Better Match","Better Note","Better Sensory Stone","Better Skull","Better Third Choice","Better Vampires","Colored Map","Colored Powertips","Curses Come First","Downfall","Hermit","Infinite Spire","Minty Spire (QoL Compilation)","Quick Restart","Random Character Button","Relic Stats","Replay The Spire","StSLib","The Blue Laboratory","The Disciple"],"gold_per_floor":[114,114,126,149,149,149,174,174,174,38,86,117,27,43,43,43,43],"floor_reached":16,"playtime":638,"items_purged":["Voices"],"score":200,"play_id":"323b075e-5720-49e6-93e3-ccef6191436d","local_time":"20210102005657","is_ascension_mode":true,"campfire_choices":[{"data":"Wallop","floor":6,"key":"SMITH"},{"data":"Replay:LoomingThreat","floor":8,"key":"SMITH"},{"floor":15,"key":"REST"},{"data":"DeusExMachina","floor":15,"key":"SMITH"}],"circlet_count":0,"master_deck":["AscendersBane","Strike_P","Strike_P","Strike_P","Strike_P","Defend_P","Defend_P","Defend_P","Defend_P","Eruption","Vigilance+1","Replay:LoomingThreat+1","Wallop+1","Consecrate","FlyingSleeves","ReplayTheSpireMod:IOU","ReplayTheSpireMod:IOU","WindmillStrike","Protect","LikeWater","DeusExMachina+1","ThirdEye"],"relics":["PureWater","Ring of Hypnosis","Ring of Panic","Simple Rune","Replay:Wax Seal","Blue Candle","Whetstone","infinitespire:Magic Flask"],"acts_visited":["Exordium"],"potions_floor_usage":[14],"damage_taken":[{"damage":0,"enemies":"2 Louse","floor":1,"turns":2},{"damage":0,"enemies":"Cultist","floor":3,"turns":3},{"damage":20,"enemies":"3 Sentries","floor":7,"turns":7},{"damage":19,"enemies":"Lagavulin","floor":12,"turns":7},{"damage":10,"enemies":"Jaw Worm","floor":13,"turns":3},{"damage":0,"enemies":"Lots of Slimes","floor":14,"turns":3},{"damage":47,"enemies":"Slime Boss","floor":16,"turns":6}],"seed_played":"8048473194088148925","potions_obtained":[{"floor":7,"key":"SteroidPotion"},{"floor":13,"key":"SpeedPotion"},{"floor":14,"key":"Strength Potion"}],"is_trial":false,"path_per_floor":["M","?","M","T","?","R","E","R","T","$","$","E","M","M","R","B"],"character_chosen":"WATCHER","items_purchased":["WindmillStrike","Whetstone","Protect"],"campfire_rested":1,"item_purchase_floors":[10,10,11],"current_hp_per_floor":[61,61,61,61,61,61,41,41,41,41,41,22,12,12,32,0,0],"gold":43,"neow_bonus":"ONE_RANDOM_RARE_CARD","is_daily":false,"chose_seed":false,"campfire_upgraded":3,"win_rate":0.0,"timestamp":1609570617,"path_taken":["M","?","M","?","?","R","E","R","T","?","$","E","M","M","R","BOSS"],"items_purchased_type":["Card","Relic","Card"],"build_version":"2020-12-22","purchased_purges":1,"victory":false,"max_hp_per_floor":[68,68,68,68,68,68,68,68,68,68,68,68,68,68,68,68,68],"relic_stats":{"counters":[7,31],"Blue Candle":[1],"Whetstone":["Strike_P","Strike_P"],"obtain_stats":[{"Ring of Hypnosis":2,"Blue Candle":9,"Simple Rune":4,"Whetstone":10,"infinitespire:Magic Flask":12,"PureWater":0,"Ring of Panic":2,"Replay:Wax Seal":7},{"Ring of Hypnosis":1,"Blue Candle":3,"Simple Rune":2,"Whetstone":3,"infinitespire:Magic Flask":4,"PureWater":0,"Ring of Panic":1,"Replay:Wax Seal":3},{"Ring of Hypnosis":2,"Blue Candle":12,"Simple Rune":5,"Whetstone":12,"infinitespire:Magic Flask":19,"PureWater":0,"Ring of Panic":2,"Replay:Wax Seal":12}]},"card_choices":[{"not_picked":["FlyingSleeves","Evaluate"],"picked":"Wallop","floor":1},{"not_picked":["JustLucky","CutThroughFate"],"picked":"Consecrate","floor":3},{"not_picked":["WaveOfTheHand","Crescendo"],"picked":"FlyingSleeves","floor":7},{"not_picked":["Replay:Vibes","Weave"],"picked":"LikeWater","floor":12},{"not_picked":["FlyingSleeves","CrushJoints"],"picked":"DeusExMachina","floor":13},{"not_picked":["Indignation","CutThroughFate"],"picked":"ThirdEye","floor":14}],"player_experience":1281983,"relics_obtained":[{"floor":2,"key":"Ring of Hypnosis"},{"floor":2,"key":"Ring of Panic"},{"floor":4,"key":"Simple Rune"},{"floor":7,"key":"Replay:Wax Seal"},{"floor":9,"key":"Blue Candle"},{"floor":12,"key":"infinitespire:Magic Flask"}],"event_choices":[],"is_beta":false,"boss_relics":[],"items_purged_floors":[10],"is_endless":false,"potions_floor_spawned":[7,13,14],"killed_by":"Slime Boss","ascension_level":17}}