{"host":"9fh35csyvbzgxvf9","time":1609625184,"event":{"mods":["BaseMod","Block Reminder","Colored Map","DeckTracker","Minty Spire (QoL Compilation)"],"gold_per_floor":[17,28,40,50,60,86,86,4,28,48,61,79,79,92,92,197,197,211,223,235,120,133,162,162,188,188,188,204,229,229,78,78,183,183,201,213,46,59,59,86,109,121,133,145,189,216,228,254,266,278,290,302,0,35,35],"floor_reached":56,"playtime":5454,"items_purged":["Strike_G","Setup"],"score":1305,"play_id":"216315dd-788b-4490-858a-7c888ec71beb","local_time":"20210102170624","is_ascension_mode":false,"campfire_choices":[{"data":"Prepared","floor":7.0,"key":"SMITH"},{"data":"Phantasmal Killer","floor":15.0,"key":"SMITH"},{"floor":24.0,"key":"REST"},{"floor":30.0,"key":"REST"},{"floor":32.0,"key":"REST"},{"floor":42,"key":"RECALL"},{"floor":44,"key":"REST"},{"floor":49,"key":"REST"},{"data":"Tools of the Trade","floor":52,"key":"SMITH"}],"circlet_count":0,"master_deck":["Survivor+1","Neutralize","Reflex","Dagger Throw","Poisoned Stab","Prepared+1","Eviscerate","Blur","Footwork","Poisoned Stab","Phantasmal Killer+1","Poisoned Stab","Caltrops","Underhanded Strike","Reflex","Concentrate+1","Poisoned Stab","Footwork","Blur+1","Dodge and Roll","Burst","Poisoned Stab","Corpse Explosion","Leg Sweep","Blade Dance","Noxious Fumes","Eviscerate","A Thousand Cuts","Dash","Tactician+1","Leg Sweep","Blur","Dodge and Roll+1","Reflex+1","Terror+1","Tools of the Trade+1","Blur","Dodge and Roll"],"relics":["Ring of the Snake","CaptainsWheel","Happy Flower","Nunchaku","Runic Pyramid","War Paint","Sundial","Orichalcum","Enchiridion","Omamori","Snake Skull","Pandora\u0027s Box","MawBank","Juzu Bracelet","TungstenRod","Shuriken","Mercury Hourglass"],"acts_visited":["Exordium","TheCity","TheBeyond","TheEnding"],"potions_floor_usage":[45,45,50,50,54,54,55],"damage_taken":[{"damage":0.0,"enemies":"2 Louse","floor":1.0,"turns":4.0},{"damage":2.0,"enemies":"Cultist","floor":2.0,"turns":5.0},{"damage":1.0,"enemies":"Jaw Worm","floor":3.0,"turns":4.0},{"damage":2.0,"enemies":"2 Fungi Beasts","floor":4.0,"turns":4.0},{"damage":9.0,"enemies":"Exordium Thugs","floor":5.0,"turns":6.0},{"damage":5.0,"enemies":"Gremlin Nob","floor":6.0,"turns":3.0},{"damage":2.0,"enemies":"Looter","floor":10.0,"turns":3.0},{"damage":0.0,"enemies":"Gremlin Gang","floor":11.0,"turns":5.0},{"damage":0.0,"enemies":"Exordium Wildlife","floor":12.0,"turns":2.0},{"damage":0.0,"enemies":"Looter","floor":14.0,"turns":3.0},{"damage":16.0,"enemies":"Hexaghost","floor":16.0,"turns":8.0},{"damage":17.0,"enemies":"2 Thieves","floor":18.0,"turns":4.0},{"damage":3.0,"enemies":"Shell Parasite","floor":19.0,"turns":3.0},{"damage":3.0,"enemies":"Cultist and Chosen","floor":20.0,"turns":5.0},{"damage":0.0,"enemies":"Centurion and Healer","floor":22.0,"turns":6.0},{"damage":13.0,"enemies":"Gremlin Leader","floor":23.0,"turns":8.0},{"damage":3.0,"enemies":"Book of Stabbing","floor":25.0,"turns":6.0},{"damage":28.0,"enemies":"Snake Plant","floor":28.0,"turns":4.0},{"damage":12.0,"enemies":"Collector","floor":33.0,"turns":10.0},{"damage":13,"enemies":"3 Shapes","floor":35,"turns":3},{"damage":2,"enemies":"3 Darklings","floor":36,"turns":4},{"damage":6,"enemies":"Jaw Worm Horde","floor":38,"turns":2},{"damage":0,"enemies":"Nemesis","floor":40,"turns":7},{"damage":11,"enemies":"Sphere and 2 Shapes","floor":41,"turns":4},{"damage":15,"enemies":"Reptomancer","floor":45,"turns":8},{"damage":17,"enemies":"3 Darklings","floor":46,"turns":4},{"damage":8,"enemies":"4 Shapes","floor":48,"turns":4},{"damage":26,"enemies":"Donu and Deca","floor":50,"turns":8},{"damage":18,"enemies":"Shield and Spear","floor":54,"turns":6},{"damage":50,"enemies":"The Heart","floor":55,"turns":10}],"seed_played":"4343703775802775226","potions_obtained":[{"floor":2.0,"key":"FearPotion"},{"floor":3.0,"key":"FearPotion"},{"floor":11.0,"key":"SkillPotion"},{"floor":12.0,"key":"Swift Potion"},{"floor":18.0,"key":"Strength Potion"},{"floor":25.0,"key":"GhostInAJar"},{"floor":28.0,"key":"DistilledChaos"},{"floor":35,"key":"GamblersBrew"},{"floor":36,"key":"CunningPotion"},{"floor":38,"key":"LiquidMemories"},{"floor":45,"key":"DistilledChaos"},{"floor":46,"key":"Dexterity Potion"},{"floor":54,"key":"Weak Potion"}],"is_trial":false,"path_per_floor":["M","M","M","M","M","E","R","?","T","M","M","M","?","M","R","B",null,"M","M","M","$","M","E","R","E","T","?","M","T","R","$","R","B",null,"M","M","$","M","?","E","M","R","T","R","E","M","?","M","R","B",null,"R","$","E","B",null],"character_chosen":"THE_SILENT","items_purchased":["Concentrate","Snake Skull","Blur","Shuriken","GamblersBrew"],"campfire_rested":5,"item_purchase_floors":[21,31,37,53,53],"current_hp_per_floor":[70,68,67,65,56,51,51,51,51,49,49,49,54,54,54,38,75,58,55,52,52,52,39,61,58,58,42,14,14,36,36,58,46,75,62,60,60,54,54,54,43,43,43,65,50,33,33,25,47,21,75,75,75,57,7],"gold":35,"neow_bonus":"ONE_RARE_RELIC","is_daily":false,"chose_seed":false,"campfire_upgraded":3,"win_rate":0.0,"timestamp":1609625184,"path_taken":["M","M","M","M","M","E","R","?","T","M","M","?","?","M","R","BOSS","M","M","M","$","M","E","R","E","T","?","M","?","R","$","R","BOSS","M","M","$","M","?","E","M","R","T","R","E","M","?","M","R","BOSS","R","$","E","BOSS"],"items_purchased_type":["Card","Relic","Card","Relic","Potion"],"build_version":"2020-12-22","purchased_purges":2,"victory":true,"max_hp_per_floor":[70,70,70,70,70,70,70,70,70,70,70,70,75,75,75,75,75,75,75,75,75,75,75,75,75,75,75,75,75,75,75,75,75,75,75,75,75,75,75,75,75,75,75,75,75,75,75,75,75,75,75,75,75,75,75],"card_choices":[{"not_picked":["Quick Slash","Prepared"],"picked":"Reflex","floor":1.0},{"not_picked":["Sucker Punch","Escape Plan"],"picked":"Dagger Throw","floor":2.0},{"not_picked":["Blade Dance","Masterful Stab"],"picked":"Poisoned Stab","floor":3.0},{"not_picked":["Reflex","Masterful Stab"],"picked":"Prepared","floor":4.0},{"not_picked":["Cloak And Dagger","Dash"],"picked":"Eviscerate","floor":5.0},{"not_picked":["Blade Dance","Finisher"],"picked":"Blur","floor":6.0},{"not_picked":["Setup","Flying Knee"],"picked":"Footwork","floor":10.0},{"not_picked":["Crippling Poison","Leg Sweep"],"picked":"Poisoned Stab","floor":11.0},{"not_picked":["Noxious Fumes","Quick Slash"],"picked":"Phantasmal Killer","floor":12.0},{"not_picked":["Bane","Dagger Spray"],"picked":"Poisoned Stab","floor":14.0},{"not_picked":["Skewer","Blade Dance+1"],"picked":"Caltrops","floor":18.0},{"not_picked":["Slice","Deadly Poison"],"picked":"Underhanded Strike","floor":19.0},{"not_picked":["Cloak And Dagger","Dodge and Roll"],"picked":"Reflex","floor":20.0},{"not_picked":["Dash+1","Caltrops"],"picked":"Poisoned Stab","floor":22.0},{"not_picked":["Deflect","Calculated Gamble"],"picked":"Footwork","floor":23.0},{"not_picked":["Quick Slash","Heel Hook"],"picked":"Blur+1","floor":25.0},{"not_picked":["Cloak And Dagger","Leg Sweep"],"picked":"Dodge and Roll","floor":28.0},{"not_picked":["Unload","Die Die Die"],"picked":"Burst","floor":33.0},{"not_picked":["Eviscerate+1","Deadly Poison+1"],"picked":"Tactician+1","floor":35},{"not_picked":["Caltrops+1","Slice+1"],"picked":"Leg Sweep","floor":36},{"not_picked":["Sucker Punch","Finisher+1"],"picked":"Dodge and Roll+1","floor":38},{"not_picked":["Flechettes+1","Noxious Fumes+1"],"picked":"Reflex+1","floor":40},{"not_picked":["Cloak And Dagger+1","Accuracy+1"],"picked":"Terror+1","floor":41},{"not_picked":["Dagger Throw","Expertise+1","Quick Slash+1"],"picked":"SKIP","floor":45},{"not_picked":["Prepared","Cloak And Dagger"],"picked":"Tools of the Trade","floor":46},{"not_picked":["Bane","Underhanded Strike"],"picked":"Blur","floor":48},{"not_picked":["PiercingWail+1","Setup"],"picked":"Dodge and Roll","floor":54}],"player_experience":277007,"relics_obtained":[{"floor":6.0,"key":"Happy Flower"},{"floor":23.0,"key":"War Paint"},{"floor":25.0,"key":"Sundial"},{"floor":26.0,"key":"Orichalcum"},{"floor":27.0,"key":"Enchiridion"},{"floor":29.0,"key":"Omamori"},{"floor":40,"key":"MawBank"},{"floor":43,"key":"Juzu Bracelet"},{"floor":45,"key":"TungstenRod"},{"floor":54,"key":"Mercury Hourglass"}],"event_choices":[{"damage_healed":0.0,"max_hp_gain":0.0,"max_hp_loss":0.0,"gold_gain":0.0,"event_name":"WeMeetAgain","player_choice":"Paid Gold","floor":8.0,"gold_loss":82.0,"damage_taken":0.0,"relics_obtained":["Nunchaku"]},{"damage_healed":0.0,"max_hp_gain":5.0,"max_hp_loss":0.0,"gold_gain":0.0,"event_name":"Big Fish","player_choice":"Donut","floor":13.0,"gold_loss":0.0,"damage_taken":0.0},{"damage_healed":0.0,"max_hp_gain":0.0,"max_hp_loss":0.0,"gold_gain":0.0,"event_name":"Cursed Tome","player_choice":"Obtained Book","floor":27.0,"gold_loss":0.0,"damage_taken":16.0},{"damage_healed":0,"gold_gain":0,"player_choice":"Ignored","damage_taken":0,"max_hp_gain":0,"max_hp_loss":0,"event_name":"Mysterious Sphere","floor":39,"gold_loss":0},{"damage_healed":0,"gold_gain":0,"player_choice":"Got Potions","damage_taken":0,"max_hp_gain":0,"max_hp_loss":0,"event_name":"Lab","floor":47,"gold_loss":0}],"is_beta":false,"boss_relics":[{"not_picked":["SacredBark","Cursed Key"],"picked":"Runic Pyramid"},{"not_picked":["Busted Crown","Ring of the Serpent"],"picked":"Pandora\u0027s Box"}],"items_purged_floors":[21,37],"is_endless":false,"potions_floor_spawned":[2,3,11,12,18,25,28,35,36,38,45,46,48,54],"ascension_level":0}}