{"host":"dgf4n6lo35jtjz0c","time":1609630324,"event":{"mods":["AchievementEnabler","BaseMod","Bestiary","Colored Powertips","Minty Spire (QoL Compilation)"],"gold_per_floor":[115,125,143,318,318,318,378,378,403,6,23,23,57,86,86,187,187,198,208,224,235,235,235],"floor_reached":22,"playtime":847,"items_purged":[],"score":211,"play_id":"ae1e5bae-0df7-4aab-817b-6265f4f9791f","local_time":"20210103103204","is_ascension_mode":false,"campfire_choices":[{"data":"Body Slam","floor":6.0,"key":"SMITH"},{"floor":8.0,"key":"REST"},{"data":"Juggernaut","floor":15,"key":"SMITH"}],"circlet_count":0,"master_deck":["Strike_R","Strike_R","Strike_R","Strike_R","Strike_R","Defend_R","Defend_R","Defend_R","Defend_R","Bash","Pommel Strike","Body Slam+1","Doubt","Juggernaut+1","Shrug It Off","Armaments","Iron Wave","Juggernaut","Iron Wave+1","Metallicize+1","Sentinel"],"relics":["Velvet Choker","White Beast Statue","Mummified Hand","Vajra","Brimstone","Blood Vial","Regal Pillow","Odd Mushroom","Mark of Pain"],"acts_visited":["Exordium","TheCity"],"potions_floor_usage":[18,21],"damage_taken":[{"damage":0.0,"enemies":"Jaw Worm","floor":1.0,"turns":3.0},{"damage":0.0,"enemies":"2 Louse","floor":2.0,"turns":2.0},{"damage":0.0,"enemies":"Small Slimes","floor":3.0,"turns":2.0},{"damage":27.0,"enemies":"Gremlin Nob","floor":7.0,"turns":5.0},{"damage":6,"enemies":"Looter","floor":11,"turns":3},{"damage":0,"enemies":"Lagavulin","floor":13,"turns":3},{"damage":4,"enemies":"The Mushroom Lair","floor":14,"turns":4},{"damage":24,"enemies":"The Guardian","floor":16,"turns":6},{"damage":14,"enemies":"3 Byrds","floor":18,"turns":3},{"damage":12,"enemies":"2 Thieves","floor":19,"turns":2},{"damage":14,"enemies":"Centurion and Healer","floor":20,"turns":5},{"damage":11,"enemies":"Shelled Parasite and Fungi","floor":21,"turns":3},{"damage":44,"enemies":"Snake Plant","floor":22,"turns":3}],"seed_played":"-3574189305444213065","potions_obtained":[{"floor":2.0,"key":"ElixirPotion"},{"floor":3.0,"key":"AttackPotion"},{"floor":7.0,"key":"BlessingOfTheForge"},{"floor":11,"key":"Weak Potion"},{"floor":13,"key":"Dexterity Potion"},{"floor":16,"key":"FearPotion"},{"floor":18,"key":"Explosive Potion"},{"floor":19,"key":"LiquidMemories"},{"floor":21,"key":"AttackPotion"}],"is_trial":false,"path_per_floor":["M","M","M","?","?","R","?","R","T","$","M","$","E","?","R","B",null,"M","M","M","M","M"],"character_chosen":"IRONCLAD","items_purchased":["Brimstone","Blood Vial","Shrug It Off","Armaments"],"campfire_rested":1,"item_purchase_floors":[10,10,10,10],"current_hp_per_floor":[80,80,80,80,68,68,41,65,65,65,61,61,63,61,61,39,80,66,56,44,35,0,0],"gold":235,"neow_bonus":"BOSS_RELIC","is_daily":false,"chose_seed":false,"campfire_upgraded":2,"win_rate":0.0,"timestamp":1609630324,"path_taken":["M","M","M","?","?","R","?","R","T","$","M","$","E","?","R","BOSS","M","M","M","M","M"],"items_purchased_type":["Relic","Relic","Card","Card"],"build_version":"2020-12-22","purchased_purges":0,"victory":false,"max_hp_per_floor":[80,80,80,80,80,80,80,80,80,80,80,80,80,80,80,80,80,80,80,80,80,80,80],"card_choices":[{"not_picked":["Clothesline","Dark Embrace"],"picked":"Pommel Strike","floor":1.0},{"not_picked":["Hemokinesis","Dark Embrace","Heavy Blade"],"picked":"SKIP","floor":2.0},{"not_picked":["Entrench","Flex"],"picked":"Body Slam","floor":3.0},{"not_picked":["Cleave","Second Wind"],"picked":"Juggernaut","floor":7.0},{"not_picked":["Bloodletting","Clash","Flex"],"picked":"SKIP","floor":11},{"not_picked":["Havoc","Clash"],"picked":"Iron Wave","floor":13},{"not_picked":["Berserk","Fiend Fire"],"picked":"Juggernaut","floor":16},{"not_picked":["Anger","Second Wind","Flex"],"picked":"SKIP","floor":18},{"not_picked":["Evolve","Thunderclap"],"picked":"Iron Wave+1","floor":19},{"not_picked":["Disarm","Battle Trance"],"picked":"Metallicize+1","floor":20},{"not_picked":["Intimidate+1","Clash+1"],"picked":"Sentinel","floor":21}],"player_experience":32521,"relics_obtained":[{"floor":7.0,"key":"Mummified Hand"},{"floor":9.0,"key":"Vajra"},{"floor":13,"key":"Regal Pillow"},{"floor":14,"key":"Odd Mushroom"}],"event_choices":[{"damage_healed":0.0,"max_hp_gain":0.0,"max_hp_loss":0.0,"gold_gain":175.0,"event_name":"Liars Game","player_choice":"AGREE","floor":4.0,"gold_loss":0.0,"damage_taken":0.0,"cards_obtained":["Doubt"]},{"damage_healed":0.0,"max_hp_gain":0.0,"max_hp_loss":0.0,"gold_gain":0.0,"event_name":"Scrap Ooze","player_choice":"Success","floor":5.0,"gold_loss":0.0,"damage_taken":12.0,"relics_obtained":["White Beast Statue"]},{"damage_healed":0.0,"max_hp_gain":0.0,"max_hp_loss":0.0,"gold_gain":0.0,"event_name":"Dead Adventurer","player_choice":"Searched \u00271\u0027 times","floor":7.0,"gold_loss":0.0,"damage_taken":0.0},{"damage_healed":0,"gold_gain":0,"player_choice":"Fought Mushrooms","damage_taken":0,"max_hp_gain":0,"max_hp_loss":0,"event_name":"Mushrooms","floor":14,"gold_loss":0}],"is_beta":false,"boss_relics":[{"not_picked":["Snecko Eye","Fusion Hammer"],"picked":"Mark of Pain"}],"items_purged_floors":[],"is_endless":false,"potions_floor_spawned":[2,3,7,11,13,14,16,18,19,20,21],"killed_by":"Snake Plant","ascension_level":0}}