{"host":"nia1zwr35jsu5y7h","time":1609567865,"event":{"mods":["2.2 Compatiblity","Abigail Mod","Bard","BaseMod","Colored Map","Conspire","Downfall","Friendly Minions","Hermit","Highlight Path","Hubris","Infinite Spire","Kiyohime????","Koishi","Marisa????????","Minty Spire (QoL Compilation)","Quick Restart","Replay The Spire","Shade Mod","Shop Mod","StSLib","The Administrix","The Animator","The Construct","The Cursed","The Disciple","The Mystic","The Necromancer","The Servant 0.9.4"],"gold_per_floor":[113,113,132,132,145,174,174,207,207,207,207],"floor_reached":10,"playtime":440,"items_purged":[],"score":80,"play_id":"974a5e85-03e3-4877-ad61-8a7ccf5c4236","local_time":"20210101221105","is_ascension_mode":true,"campfire_choices":[{"data":"expansioncontent:Chronoboost","floor":7,"key":"SMITH"}],"circlet_count":0,"master_deck":["Shade:Strike_Shade","Shade:Strike_Shade","Shade:Strike_Shade","Shade:Strike_Shade","Shade:Defend_Shade","Shade:Defend_Shade","Shade:Defend_Shade","Shade:AnimateDead","Shade:CarefulCut","expansioncontent:Chronoboost+1","Shade:FleshToFlesh","Shade:GraveStillness","Shade:Patience","Shade:Doomsay","Shade:DarkOfNight","Shade:OminousRitual"],"relics":["Shade:YorickSkull","Boot","Blue Doll","InkBottle"],"acts_visited":["Exordium"],"potions_floor_usage":[10,10],"damage_taken":[{"damage":0,"enemies":"Jaw Worm","floor":1,"turns":4},{"damage":0,"enemies":"2 Louse","floor":3,"turns":2},{"damage":0,"enemies":"Cultist","floor":5,"turns":4},{"damage":5,"enemies":"Lagavulin","floor":6,"turns":8},{"damage":24,"enemies":"3 Sentries","floor":8,"turns":10},{"damage":15,"enemies":"Gremlin Nob","floor":10,"turns":4}],"seed_played":"915473703173059009","potions_obtained":[{"floor":3,"key":"Dexterity Potion"},{"floor":6,"key":"Languid Potion"},{"floor":8,"key":"ColorlessPotion"}],"is_trial":false,"path_per_floor":["M","?","M","?","M","E","R","E","T","E"],"character_chosen":"SHADE","items_purchased":[],"campfire_rested":0,"item_purchase_floors":[],"current_hp_per_floor":[65,58,58,58,58,53,53,29,29,14,14],"gold":207,"neow_bonus":"RANDOM_COLORLESS","is_daily":false,"chose_seed":false,"campfire_upgraded":1,"win_rate":0.0,"timestamp":1609567865,"path_taken":["M","?","M","?","?","E","R","E","T","E"],"items_purchased_type":[],"build_version":"2020-12-22","purchased_purges":0,"victory":false,"max_hp_per_floor":[65,65,65,65,65,65,65,65,65,65,65],"card_choices":[{"not_picked":["Madness","Forethought"],"picked":"expansioncontent:Chronoboost","floor":0},{"not_picked":["Shade:ClawBack","Shade:FingerOfDeath"],"picked":"Shade:FleshToFlesh","floor":1},{"not_picked":["Shade:Brains","Shade:RavenousHorde"],"picked":"Shade:GraveStillness","floor":3},{"not_picked":["Shade:RitualOffering","Shade:GreyBargain"],"picked":"Shade:Doomsay","floor":5},{"not_picked":["Shade:Premonition","Shade:PotionOfRestlessness"],"picked":"Shade:DarkOfNight","floor":6},{"not_picked":["Shade:AblativeArmor","Shade:Bite_Shade"],"picked":"Shade:OminousRitual","floor":8}],"player_experience":2241950,"relics_obtained":[{"floor":6,"key":"Boot"},{"floor":8,"key":"Blue Doll"},{"floor":9,"key":"InkBottle"}],"event_choices":[{"cards_removed":["Shade:Defend_Shade"],"damage_healed":0,"gold_gain":0,"player_choice":"Card Removal","damage_taken":7,"max_hp_gain":0,"max_hp_loss":0,"event_name":"Golden Wing","floor":2,"gold_loss":0}],"is_beta":false,"boss_relics":[],"items_purged_floors":[],"is_endless":false,"potions_floor_spawned":[3,6,8],"killed_by":"Gremlin Nob","ascension_level":1}}