{"host":"a99cgagtsic7fuyb","time":1609603261,"event":{"mods":["BaseMod","Downfall","Hermit","Lobotomy","Minty Spire (QoL Compilation)","Replay The Spire","StSLib","The Cursed"],"gold_per_floor":[99,114,114,114,129,144,159,27,27,27,27,27],"floor_reached":11,"playtime":687,"items_purged":["Parasite"],"score":88,"play_id":"9313add9-8f10-4139-b0a2-62768fb7f204","local_time":"20210103000101","daily_mods":["Specialized","ControlledChaos","downfall:WorldOfGoo"],"is_ascension_mode":false,"campfire_choices":[{"floor":1,"key":"DIG"}],"circlet_count":0,"master_deck":["Strike_R","Strike_R+1","Strike_R","Strike_R","Strike_R","Defend_R","Defend_R","Defend_R","Defend_R+1","Bash","Burning Pact","Burning Pact","Burning Pact","Burning Pact","Burning Pact","ReplayReversal","ReplayTheSpireMod:Muscle Training","Feed","Warcry","Sever Soul","Chrysalis"],"relics":["Burning Blood","Frozen Eye","Oddly Smooth Stone","ReplayTheSpireMod:CursedCoin","Letter Opener"],"acts_visited":["Exordium"],"potions_floor_usage":[11],"damage_taken":[{"damage":5,"enemies":"Cultist","floor":2,"turns":5},{"damage":15,"enemies":"Jaw Worm","floor":5,"turns":5},{"damage":7,"enemies":"2 Louse","floor":6,"turns":3},{"damage":13,"enemies":"Blue Slaver","floor":7,"turns":4},{"damage":11,"enemies":"downfall:FleeingMerchant","floor":8,"turns":4},{"damage":50,"enemies":"Gremlin Nob","floor":11,"turns":4}],"seed_played":"-4486375853315586652","potions_obtained":[{"floor":2,"key":"SneckoOil"},{"floor":7,"key":"Strength Potion"}],"is_trial":false,"path_per_floor":["R","M","PTL","PTL","M","M","M","$","T","?","E"],"character_chosen":"IRONCLAD","items_purchased":["ReplayTheSpireMod:CursedCoin","Chrysalis"],"campfire_rested":0,"item_purchase_floors":[8,8],"current_hp_per_floor":[80,80,80,80,71,70,63,58,58,43,0,0],"gold":27,"neow_bonus":"","is_daily":true,"chose_seed":false,"campfire_upgraded":0,"win_rate":0.0,"timestamp":1609603261,"path_taken":["R","M","PTL","PTL","M","M","?","$","T","?","E"],"items_purchased_type":["Relic","Card"],"build_version":"2020-12-22","purchased_purges":1,"victory":false,"max_hp_per_floor":[80,80,80,80,80,80,80,77,77,77,77,77],"card_choices":[{"not_picked":["Shrug It Off","Thunderclap"],"picked":"ReplayReversal","floor":2},{"not_picked":["Wild Strike","Thunderclap"],"picked":"ReplayTheSpireMod:Muscle Training","floor":5},{"not_picked":["Armaments","Combust"],"picked":"Feed","floor":6},{"not_picked":["Body Slam","Thunderclap"],"picked":"Warcry","floor":7},{"not_picked":["Warcry","Shrug It Off"],"picked":"Sever Soul","floor":8}],"player_experience":119991,"relics_obtained":[{"floor":1,"key":"Oddly Smooth Stone"},{"floor":9,"key":"Letter Opener"}],"event_choices":[{"damage_healed":0,"gold_gain":0,"player_choice":"Entered Light","damage_taken":15,"max_hp_gain":0,"max_hp_loss":0,"event_name":"Shining Light","floor":10,"gold_loss":0,"cards_upgraded":["Defend_R","Strike_R"]}],"is_beta":false,"boss_relics":[],"items_purged_floors":[8],"is_endless":false,"potions_floor_spawned":[2,7],"killed_by":"Gremlin Nob","ascension_level":0}}