{"host":"vumwfieg2b2mnrfl","time":1609547685,"event":{"mods":["AchievementEnabler","BaseMod","Minty Spire (QoL Compilation)","Rare Cards Sparkle","Relic Stats"],"gold_per_floor":[364,126,140,154,172,172,201,216,216,216,216],"floor_reached":10,"playtime":324,"items_purged":[],"score":102,"play_id":"6a095c69-f7d3-4e45-b36f-d3fb91714c6c","local_time":"20210101183445","is_ascension_mode":true,"campfire_choices":[{"data":"Glacier","floor":6,"key":"SMITH"}],"circlet_count":0,"master_deck":["Strike_B","Strike_B","Strike_B","Strike_B","Defend_B","Defend_B","Defend_B","Defend_B","Zap","Dualcast","Doubt","Streamline","Static Discharge","Seek","Rebound","Hologram","Glacier+1","Loop","Self Repair"],"relics":["Cracked Core","Letter Opener","Tiny Chest"],"acts_visited":["Exordium"],"potions_floor_usage":[10,10],"damage_taken":[{"damage":0,"enemies":"Cultist","floor":1,"turns":4},{"damage":0,"enemies":"2 Louse","floor":3,"turns":1},{"damage":7,"enemies":"Small Slimes","floor":4,"turns":3},{"damage":14,"enemies":"Looter","floor":5,"turns":3},{"damage":20,"enemies":"3 Sentries","floor":7,"turns":8},{"damage":12,"enemies":"2 Fungi Beasts","floor":8,"turns":4},{"damage":38,"enemies":"Gremlin Nob","floor":10,"turns":4}],"seed_played":"9208873265251418443","potions_obtained":[{"floor":4,"key":"FearPotion"},{"floor":5,"key":"Energy Potion"},{"floor":8,"key":"SkillPotion"}],"is_trial":false,"path_per_floor":["M","$","M","M","M","R","E","M","T","E"],"character_chosen":"DEFECT","items_purchased":["Static Discharge","Seek"],"campfire_rested":0,"item_purchase_floors":[2,2],"current_hp_per_floor":[68,68,68,61,47,47,27,15,15,0,0],"gold":216,"neow_bonus":"TWO_FIFTY_GOLD","is_daily":false,"chose_seed":false,"campfire_upgraded":1,"win_rate":0.0,"timestamp":1609547685,"path_taken":["M","$","?","?","M","R","E","M","T","E"],"items_purchased_type":["Card","Card"],"build_version":"2020-12-22","purchased_purges":0,"victory":false,"max_hp_per_floor":[75,75,75,75,75,75,75,75,75,75,75],"relic_stats":{"counters":[7,27],"Tiny Chest":0,"Letter Opener":[6],"obtain_stats":[{"Tiny Chest":9,"Letter Opener":7,"Cracked Core":0},{"Tiny Chest":6,"Letter Opener":5,"Cracked Core":0},{"Tiny Chest":23,"Letter Opener":19,"Cracked Core":0}]},"card_choices":[{"not_picked":["Storm","Barrage"],"picked":"Streamline","floor":1},{"not_picked":["Beam Cell","Loop"],"picked":"Rebound","floor":3},{"not_picked":["Turbo","Rebound","Hologram"],"picked":"SKIP","floor":4},{"not_picked":["Turbo","Rebound"],"picked":"Hologram","floor":4},{"not_picked":["Biased Cognition","BootSequence"],"picked":"Glacier","floor":5},{"not_picked":["Stack","FTL"],"picked":"Loop","floor":7},{"not_picked":["Sweeping Beam","Redo"],"picked":"Self Repair","floor":8}],"player_experience":344097,"relics_obtained":[{"floor":7,"key":"Letter Opener"},{"floor":9,"key":"Tiny Chest"}],"event_choices":[],"is_beta":false,"boss_relics":[],"items_purged_floors":[],"is_endless":false,"potions_floor_spawned":[4,5,8],"killed_by":"Gremlin Nob","ascension_level":9}}