{"host":"2se5dq1do2gp0x9k","time":1609566595,"event":{"mods":["AchievementEnabler","BaseMod","Block Reminder","Colored Map","Colored Powertips","Minty Spire (QoL Compilation)","Relic Stats","StSLib","SuperFastMode"],"gold_per_floor":[114,127,52,72,72,99,99,99,99,99,174,185,110,143,143,238,288,288,288],"floor_reached":18,"playtime":632,"items_purged":["Defend_P"],"score":222,"play_id":"9d991e99-f232-4074-b32e-ccbcad6d9984","local_time":"20210101214955","is_ascension_mode":true,"campfire_choices":[{"data":"WindmillStrike","floor":7,"key":"SMITH"},{"data":"SashWhip","floor":10,"key":"SMITH"},{"data":"Blasphemy","floor":15,"key":"SMITH"}],"circlet_count":0,"master_deck":["Strike_P","Strike_P","Strike_P","Defend_P","Defend_P","Defend_P+1","Eruption","Vigilance","TalkToTheHand","BowlingBash","SashWhip+1","WindmillStrike+1","Blasphemy+1","CrushJoints","Halt"],"relics":["Snecko Eye","Pantograph","Oddly Smooth Stone","InkBottle","Tiny House"],"acts_visited":["Exordium","TheCity"],"potions_floor_usage":[14,14,16],"damage_taken":[{"damage":0,"enemies":"Jaw Worm","floor":1,"turns":3},{"damage":0,"enemies":"Small Slimes","floor":2,"turns":2},{"damage":0,"enemies":"Cultist","floor":4,"turns":3},{"damage":28,"enemies":"Lagavulin","floor":6,"turns":10},{"damage":0,"enemies":"Large Slime","floor":12,"turns":5},{"damage":20,"enemies":"3 Sentries","floor":14,"turns":7},{"damage":22,"enemies":"Hexaghost","floor":16,"turns":7},{"damage":100009,"enemies":"Shell Parasite","floor":18,"turns":3}],"seed_played":"-5760636539405005860","potions_obtained":[{"floor":1,"key":"SkillPotion"},{"floor":12,"key":"GamblersBrew"},{"floor":14,"key":"Explosive Potion"},{"floor":17,"key":"Swift Potion"}],"is_trial":false,"path_per_floor":["M","M","$","M","?","E","R","$","T","R","?","M","$","E","R","B",null,"M"],"character_chosen":"WATCHER","items_purchased":["Blasphemy"],"campfire_rested":0,"item_purchase_floors":[13],"current_hp_per_floor":[72,72,72,72,65,37,37,37,37,37,26,26,26,6,6,9,77,0,0],"gold":288,"neow_bonus":"BOSS_RELIC","is_daily":false,"chose_seed":false,"campfire_upgraded":3,"win_rate":0.0,"timestamp":1609566595,"path_taken":["M","M","$","M","?","E","R","$","T","R","?","?","?","E","R","BOSS","M"],"items_purchased_type":["Card"],"build_version":"2020-12-22","purchased_purges":1,"victory":false,"max_hp_per_floor":[72,72,72,72,72,72,72,72,72,72,72,72,72,72,72,72,77,77,77],"relic_stats":{"counters":[8,39],"Pantograph":25,"Snecko Eye":[59,67,69,70],"obtain_stats":[{"Tiny House":17,"Pantograph":6,"Snecko Eye":0,"Oddly Smooth Stone":9,"PureWater":0,"InkBottle":14},{"Tiny House":7,"Pantograph":4,"Snecko Eye":0,"Oddly Smooth Stone":4,"PureWater":0,"InkBottle":6},{"Tiny House":37,"Pantograph":18,"Snecko Eye":0,"Oddly Smooth Stone":18,"PureWater":0,"InkBottle":30}],"InkBottle":[2]},"card_choices":[{"not_picked":["Weave","FollowUp"],"picked":"TalkToTheHand","floor":1},{"not_picked":["MentalFortress","Weave"],"picked":"BowlingBash","floor":2},{"not_picked":["Halt","WreathOfFlame"],"picked":"SashWhip","floor":4},{"not_picked":["Nirvana","FollowUp"],"picked":"WindmillStrike","floor":6},{"not_picked":["BowlingBash","Halt","FlyingSleeves"],"picked":"SKIP","floor":12},{"not_picked":["ThirdEye","ClearTheMind"],"picked":"CrushJoints","floor":14},{"not_picked":["FlyingSleeves","EmptyFist"],"picked":"Halt","floor":17}],"player_experience":3706035,"relics_obtained":[{"floor":6,"key":"Pantograph"},{"floor":9,"key":"Oddly Smooth Stone"},{"floor":14,"key":"InkBottle"}],"event_choices":[{"cards_removed":["Strike_P"],"damage_healed":0,"gold_gain":0,"player_choice":"Card Removal","damage_taken":7,"max_hp_gain":0,"max_hp_loss":0,"event_name":"Golden Wing","floor":5,"gold_loss":0},{"damage_healed":0,"gold_gain":75,"player_choice":"Gather Gold","damage_taken":11,"max_hp_gain":0,"max_hp_loss":0,"event_name":"World of Goop","floor":11,"gold_loss":0}],"is_beta":false,"boss_relics":[{"not_picked":["Ectoplasm","SacredBark"],"picked":"Tiny House"}],"items_purged_floors":[3],"is_endless":false,"potions_floor_spawned":[1,12,14],"killed_by":"Shell Parasite","ascension_level":3}}