{"host":"sum4dy402bbv9y4o","time":1609558376,"event":{"mods":["Aspiration","BaseMod","Conspire","Highlight Path","Minty Spire (QoL Compilation)","StSLib"],"gold_per_floor":[119,137,137,48,48,48,24,24,24,24,38,38,54,54,54,130,130,144,159,37,37,57,76,76,76,76],"floor_reached":25,"playtime":813,"items_purged":[],"score":382,"play_id":"b9fffe9f-45ef-498e-bd8e-1e00f5f79784","local_time":"20210102063256","is_ascension_mode":true,"campfire_choices":[{"data":"Fission","floor":6,"key":"SMITH"},{"data":"Dualcast","floor":8,"key":"SMITH"},{"data":"Doom and Gloom","floor":10,"key":"SMITH"},{"data":"White Noise","floor":12,"key":"SMITH"},{"data":"Go for the Eyes","floor":15,"key":"SMITH"},{"floor":24,"key":"REST"}],"circlet_count":0,"master_deck":["AscendersBane","Strike_B","Strike_B","Strike_B","Strike_B","Defend_B","Defend_B","Defend_B","Defend_B","Zap+1","Dualcast+1","Fission+1","Rebound","Barrage","Doom and Gloom+1","Steam","White Noise+1","Go for the Eyes+1","Buffer+1","Cold Snap","Coolheaded","Melter","BootSequence","Conserve Battery","conspire:SharedLibrary"],"relics":["Cracked Core","Pear","conspire:SpecialSausage"],"acts_visited":["Exordium","TheCity"],"potions_floor_usage":[16,18,25,25],"damage_taken":[{"damage":6,"enemies":"Cultist","floor":1,"turns":3},{"damage":7,"enemies":"Small Slimes","floor":2,"turns":3},{"damage":0,"enemies":"2 Louse","floor":11,"turns":2},{"damage":6,"enemies":"2 Fungi Beasts","floor":13,"turns":2},{"damage":19,"enemies":"The Guardian","floor":16,"turns":10},{"damage":24,"enemies":"Shell Parasite","floor":18,"turns":6},{"damage":5,"enemies":"3 Byrds","floor":19,"turns":4},{"damage":10,"enemies":"Sentry and Sphere","floor":22,"turns":3},{"damage":0,"enemies":"Centurion and Healer","floor":23,"turns":8},{"damage":54,"enemies":"Gremlin Leader","floor":25,"turns":9}],"seed_played":"8600895314155855930","potions_obtained":[{"floor":1,"key":"Weak Potion"},{"floor":11,"key":"Explosive Potion"},{"floor":19,"key":"FocusPotion"},{"floor":22,"key":"AttackPotion"}],"is_trial":false,"path_per_floor":["M","M","?","$","?","R","$","R","T","R","M","R","M","?","R","B",null,"M","M","$","?","M","M","R","E"],"character_chosen":"DEFECT","items_purchased":["Doom and Gloom","Steam","Melter","BootSequence"],"campfire_rested":1,"item_purchase_floors":[4,7,20,20],"current_hp_per_floor":[58,51,51,51,47,47,47,47,57,57,57,57,51,51,51,32,69,45,40,40,40,30,30,54,0,0],"gold":76,"neow_bonus":"ONE_RANDOM_RARE_CARD","is_daily":false,"chose_seed":false,"campfire_upgraded":5,"win_rate":0.0,"timestamp":1609558376,"path_taken":["M","?","?","$","?","R","$","R","T","R","M","R","M","?","R","BOSS","M","M","$","?","?","M","R","E"],"items_purchased_type":["Card","Card","Card","Card"],"build_version":"2020-12-22","purchased_purges":0,"victory":false,"max_hp_per_floor":[71,71,71,71,71,71,71,71,81,81,81,81,81,81,81,81,81,81,81,81,81,81,81,81,81,81],"card_choices":[{"not_picked":["Reprogram","Go for the Eyes"],"picked":"Rebound","floor":1},{"not_picked":["Coolheaded","Recycle"],"picked":"Barrage","floor":2},{"not_picked":["Storm","Hologram"],"picked":"White Noise","floor":11},{"not_picked":["Sweeping Beam","Turbo"],"picked":"Go for the Eyes","floor":13},{"not_picked":["Core Surge","Reboot"],"picked":"Buffer","floor":16},{"not_picked":["Leap","Redo"],"picked":"Cold Snap","floor":18},{"not_picked":["FTL+1","Barrage"],"picked":"Coolheaded","floor":19},{"not_picked":["Recycle","Go for the Eyes"],"picked":"Conserve Battery","floor":22},{"not_picked":["Tempest","Sweeping Beam+1"],"picked":"conspire:SharedLibrary","floor":23}],"player_experience":2875173,"relics_obtained":[{"floor":9,"key":"Pear"}],"event_choices":[{"damage_healed":0,"gold_gain":0,"player_choice":"Grow","damage_taken":0,"max_hp_gain":0,"max_hp_loss":0,"event_name":"Living Wall","floor":3,"gold_loss":0,"cards_upgraded":["Zap"]},{"damage_healed":0,"gold_gain":0,"player_choice":"Leave","damage_taken":0,"max_hp_gain":0,"max_hp_loss":0,"event_name":"conspire:Investor","floor":5,"gold_loss":0},{"damage_healed":0,"gold_gain":0,"player_choice":"Ignored","damage_taken":0,"max_hp_gain":0,"max_hp_loss":0,"event_name":"Golden Idol","floor":14,"gold_loss":0},{"damage_healed":0,"gold_gain":0,"player_choice":"Forge","damage_taken":0,"max_hp_gain":0,"max_hp_loss":0,"event_name":"Accursed Blacksmith","floor":21,"gold_loss":0,"cards_upgraded":["Buffer"]}],"is_beta":false,"boss_relics":[{"not_picked":["Snecko Eye","Black Star"],"picked":"conspire:SpecialSausage"}],"items_purged_floors":[],"is_endless":false,"potions_floor_spawned":[1,11,13,19,22],"killed_by":"Gremlin Leader","ascension_level":20}}