{"host":"3gv1b2hw5x5xcn1p","time":1609558287,"event":{"mods":["Act Like it!","Arknights The Spire","Ascension Reborn","BaseMod","Better-Laid Plans","Colored Powertips","Downfall","Friendly Minions","Gensokyo","GifTheSpireLib","Hermit","Kiyohime£¨Çå¼§£©","Minty Spire (QoL Compilation)","MostiFishMod","Pale of the Ancients","Quick Restart","READ ME - Guardian Mod","Reimu£¨²©ÀöÁéÃÎ£©","Relic Stats","Replay The Spire","RumiaBox-Â¶Ã×æ«µÄÉñÃØºÐ×Ó","Shop Mod","Spicy Shops","StSLib","The Alterego","The Construct","The Servant 0.9.4","UnlockEverythingMod","Waifu the Spire","WarShipGirlsR/Õ½½¢ÉÙÅ®R mod","Yakumo Yukari mod","Youmu£¨»êÆÇÑýÃÎ£©","Yuri Mod","[JumpMod]Îè¶¯¼âËþ","noobMod","¡¾ÒÅÎï¿¨ÅÆ¡¿REMEMod","óô»ðÖ¸ÄÏ"],"gold_per_floor":[99,99,99,25,25,57,57,91,101,101,136,154,189,207,225,321,321,45,58,58,35,35,68,91,105,121,149,103,183,183,183,199,199,199],"floor_reached":33,"playtime":6182,"items_purged":[],"score":361,"play_id":"a2498f8a-624b-455c-9c5b-c78e67d42705","local_time":"20210102113127","is_ascension_mode":true,"campfire_choices":[{"floor":1,"key":"RECALL"},{"data":"ats:Emotion Absorption","floor":30,"key":"SMITH"}],"circlet_count":0,"master_deck":["ats:Strike C","ats:Strike G","ats:Strike S","ats:Strike V","ats:Armor Crushing Shot","ats:Defend","ats:Defend","ats:Defend","ats:Defend","ats:Emotion Absorption+1","D_absorption_purple","ats:Cat Scratch+1","ats:Disruption Kick","ats:Very Hot Blade","ats:Very Hot Blade","ats:Consecutive Shot Auto","ats:Mental Burst","ats:Sword Rain","ats:Apocalypse","ats:Shadow Assault","ats:Revitalization","ats:Hammer On","ats:Apocalypse","ats:Volcano","ats:Dogmatic Field","ats:Powerful Strike+1","ats:Poison Spread","ats:Healing Strengthening+1","Specialist","ats:Rapid Magazine","ats:Thermite Blade","ats:Counter Healing Mode","ats:Healing Drone","ats:Defend Order","ats:Apocalypse"],"relics":["ats:Sanity","ice","HowToJump","DaveBox","REME_ComplimentaryCards","downfall:HeartsMalice","ats:Originium","Orichalcum","ReplayTheSpireMod:Lightbulb","FossilizedHelix","CrazyTorch:ReiMu","REME_DuelDisc","downfall:HeartBlessingRed","downfall:HeartBlessingBlue","downfall:HeartBlessingGreen","PlanX","Bag of Marbles","Replay:Baseball","Happy Flower","Quantum Egg","Enchiridion"],"acts_visited":["Exordium","TheCity"],"potions_floor_usage":[],"damage_taken":[{"damage":0,"enemies":"2 Louse","floor":2,"turns":1},{"damage":0,"enemies":"downfall:FleeingMerchant","floor":4,"turns":1},{"damage":0,"enemies":"Cultist","floor":5,"turns":1},{"damage":14,"enemies":"Lagavulin","floor":6,"turns":10},{"damage":26,"enemies":"3 Sentries","floor":8,"turns":7},{"damage":6,"enemies":"Jaw Worm","floor":9,"turns":4},{"damage":7,"enemies":"Lagavulin","floor":11,"turns":7},{"damage":8,"enemies":"Large Slime","floor":12,"turns":6},{"damage":12,"enemies":"3 Sentries","floor":13,"turns":6},{"damage":2,"enemies":"Exordium Thugs","floor":14,"turns":3},{"damage":0,"enemies":"3 Louse","floor":15,"turns":2},{"damage":41,"enemies":"downfall:Ironclad","floor":16,"turns":11},{"damage":1,"enemies":"Chosen","floor":19,"turns":4},{"damage":0,"enemies":"downfall:FleeingMerchant","floor":21,"turns":4},{"damage":45,"enemies":"Gremlin Leader","floor":23,"turns":6},{"damage":14,"enemies":"Shell Parasite","floor":25,"turns":6},{"damage":0,"enemies":"Chosen and Byrds","floor":26,"turns":4},{"damage":40,"enemies":"Book of Stabbing","floor":27,"turns":5},{"damage":0,"enemies":"Snecko","floor":32,"turns":3},{"damage":33,"enemies":"downfall:Silent","floor":33,"turns":5}],"seed_played":"2783066199291894201","potions_obtained":[{"floor":6,"key":"Adrenaline Potion"},{"floor":8,"key":"ats:Emergency Sanity Potion"}],"is_trial":false,"path_per_floor":["R","M","?","$","M","E","T","E","M","?","E","M","E","M","M","B",null,"R","M","?","$","T","E","T","M","M","E","R","T","R","?","M","B"],"character_chosen":"DOCTOR_CLASS","items_purchased":["ats:Very Hot Blade","ats:Powerful Strike+1","Specialist","ats:Defend Order"],"campfire_rested":0,"item_purchase_floors":[4,18,21,28],"current_hp_per_floor":[72,72,72,72,72,58,58,32,26,31,32,28,23,25,29,11,77,87,86,86,87,87,42,42,51,55,19,19,19,19,3,12,0,0],"gold":199,"neow_bonus":"THREE_ENEMY_KILL","is_daily":false,"chose_seed":false,"campfire_upgraded":1,"win_rate":0.0,"timestamp":1609558287,"path_taken":["R","M","?","$","M","E","T","E","?","?","E","M","E","M","M","BOSS","R","M","?","$","?","E","T","?","M","E","R","?","R","?","M","BOSS"],"items_purchased_type":["Card","Card","Card","Card"],"build_version":"2020-12-22","purchased_purges":0,"victory":false,"max_hp_per_floor":[72,72,72,72,72,72,72,72,72,77,77,77,77,77,77,77,77,87,87,87,87,87,87,87,87,87,87,87,87,87,87,87,87,87],"relic_stats":{"Happy Flower":[2],"counters":[20,92],"Orichalcum":[360],"obtain_stats":[{"HowToJump":0,"DaveBox":0,"downfall:HeartBlessingRed":18,"Happy Flower":27,"Quantum Egg":29,"Enchiridion":31,"downfall:HeartsMalice":0,"downfall:HeartBlessingGreen":18,"REME_DuelDisc":17,"ice":0,"Orichalcum":6,"Replay:Baseball":24,"ats:Originium":6,"downfall:HeartBlessingBlue":18,"PlanX":22,"CrazyTorch:ReiMu":13,"Bag of Marbles":23,"ats:Sanity":0,"ReplayTheSpireMod:Lightbulb":8,"FossilizedHelix":11,"REME_ComplimentaryCards":0},{"HowToJump":0,"DaveBox":0,"downfall:HeartBlessingRed":12,"Happy Flower":18,"Quantum Egg":18,"Enchiridion":18,"downfall:HeartsMalice":0,"downfall:HeartBlessingGreen":12,"REME_DuelDisc":12,"ice":0,"Orichalcum":4,"Replay:Baseball":15,"ats:Originium":4,"downfall:HeartBlessingBlue":12,"PlanX":14,"CrazyTorch:ReiMu":9,"Bag of Marbles":15,"ats:Sanity":0,"ReplayTheSpireMod:Lightbulb":5,"FossilizedHelix":7,"REME_ComplimentaryCards":0},{"HowToJump":0,"DaveBox":0,"downfall:HeartBlessingRed":56,"Happy Flower":84,"Quantum Egg":84,"Enchiridion":84,"downfall:HeartsMalice":0,"downfall:HeartBlessingGreen":56,"REME_DuelDisc":56,"ice":0,"Orichalcum":10,"Replay:Baseball":69,"ats:Originium":10,"downfall:HeartBlessingBlue":56,"PlanX":63,"CrazyTorch:ReiMu":40,"Bag of Marbles":69,"ats:Sanity":0,"ReplayTheSpireMod:Lightbulb":17,"FossilizedHelix":28,"REME_ComplimentaryCards":0}]},"card_choices":[{"not_picked":["ats:Revitalization","ats:Flexible Camouflage"],"picked":"ats:Cat Scratch","floor":2},{"not_picked":["ats:Revitalization","ats:Assault Order"],"picked":"ats:Disruption Kick","floor":4},{"not_picked":["ats:Counter Healing Mode","ats:Composite Medical Shells"],"picked":"ats:Consecutive Shot Auto","floor":5},{"not_picked":["ats:Explosion Area Strengthen","ats:Poison Spread"],"picked":"ats:Mental Burst","floor":6},{"not_picked":["ats:Collapsing Strike","ats:Soul Rend"],"picked":"ats:Sword Rain","floor":8},{"not_picked":["ats:Poison Spread","ats:Shell Defense"],"picked":"ats:Apocalypse","floor":9},{"not_picked":["ats:Hammer On","ats:Shell Defense"],"picked":"ats:Shadow Assault","floor":11},{"not_picked":["ats:Assault Order","ats:Childhood Dance"],"picked":"ats:Revitalization","floor":12},{"not_picked":["ats:Poison Spread","ats:Consecutive Shot Auto"],"picked":"ats:Hammer On","floor":13},{"not_picked":["ats:Curse Doll","ats:Cat Scratch"],"picked":"ats:Apocalypse","floor":14},{"not_picked":["ats:Poison Spread","ats:Powerful Strike"],"picked":"ats:Volcano","floor":15},{"not_picked":["ats:Durian","ats:Shadow Assault"],"picked":"ats:Dogmatic Field","floor":16},{"not_picked":["ats:Childhood Dance","ats:Flexible Camouflage"],"picked":"ats:Poison Spread","floor":19},{"not_picked":["ats:Defend Order","ats:Poison Spread"],"picked":"ats:Healing Strengthening+1","floor":21},{"not_picked":["ats:Composite Medical Shells","ats:Poison Spread"],"picked":"ats:Rapid Magazine","floor":23},{"not_picked":["ats:Steam Pump+1","ats:Leaping Hammer+1"],"picked":"ats:Thermite Blade","floor":25},{"not_picked":["ats:Apocalypse+1","ats:Mental Burst+1"],"picked":"ats:Counter Healing Mode","floor":26},{"not_picked":["ats:Counter Healing Mode+1","ats:Cat Scratch"],"picked":"ats:Healing Drone","floor":27},{"not_picked":["ats:Cat Scratch","ats:Shadow Assault"],"picked":"ats:Apocalypse","floor":32}],"player_experience":230809,"relics_obtained":[{"floor":6,"key":"ats:Originium"},{"floor":6,"key":"Orichalcum"},{"floor":8,"key":"ats:Originium"},{"floor":8,"key":"ReplayTheSpireMod:Lightbulb"},{"floor":11,"key":"ats:Originium"},{"floor":11,"key":"FossilizedHelix"},{"floor":13,"key":"CrazyTorch:ReiMu"},{"floor":22,"key":"PlanX"},{"floor":23,"key":"Bag of Marbles"},{"floor":24,"key":"Replay:Baseball"},{"floor":27,"key":"Happy Flower"},{"floor":29,"key":"Quantum Egg"},{"floor":31,"key":"Enchiridion"}],"event_choices":[{"damage_healed":0,"gold_gain":0,"player_choice":"Upgraded","damage_taken":0,"max_hp_gain":0,"max_hp_loss":0,"event_name":"Upgrade Shrine","floor":3,"gold_loss":0,"cards_upgraded":["ats:Cat Scratch"]},{"damage_healed":0,"gold_gain":0,"player_choice":"Donut","damage_taken":0,"max_hp_gain":5,"max_hp_loss":0,"event_name":"Big Fish","floor":10,"gold_loss":0}],"is_beta":false,"boss_relics":[{"not_picked":["Tiny House","REME_ChargedStone"],"picked":"REME_DuelDisc"}],"items_purged_floors":[],"is_endless":false,"potions_floor_spawned":[6,8,12,14,16,26,32],"killed_by":"downfall:Silent","ascension_level":0}}