{"host":"2xariuzyq9toul80","time":1609592684,"event":{"mods":["AchievementEnabler","BaseMod","Hermit","Highlight Path","Hubris","Infinite Spire","Lobotomy","LobotomyExtend","Minty Spire (QoL Compilation)","Quick Restart","Replay The Spire","StSLib","The Cursed","The Hierophant","vexMod"],"gold_per_floor":[109,109,121,121,131,131,131],"floor_reached":6,"playtime":498,"items_purged":[],"score":36,"play_id":"8cb140a2-37fc-419f-b4cd-5079c88952f5","local_time":"20210102220444","is_ascension_mode":false,"campfire_choices":[],"circlet_count":0,"master_deck":["Strike_R","Strike_R","Strike_R","Strike_R","Strike_R","Defend_R","Defend_R","Defend_R","Defend_R","Bash","ShyLook","hubris:ReadiedAction","Decay","ReplayTheSpireMod:Stacked"],"relics":["Burning Blood","CogitoBucket","LetterFromLob","Ring of Panic","Ring of Peace"],"acts_visited":["Exordium"],"potions_floor_usage":[],"damage_taken":[{"damage":0,"enemies":"Small Slimes","floor":1,"turns":3},{"damage":0,"enemies":"2 Louse","floor":3,"turns":4},{"damage":2,"enemies":"Cultist","floor":5,"turns":5},{"damage":0,"enemies":"Lagavulin","floor":6,"turns":2}],"seed_played":"751192755338031084","potions_obtained":[{"floor":1,"key":"Fire Potion"},{"floor":5,"key":"Adrenaline Potion"}],"is_trial":false,"path_per_floor":["M","?","M","?","M","E"],"character_chosen":"IRONCLAD","items_purchased":[],"campfire_rested":0,"item_purchase_floors":[],"current_hp_per_floor":[80,80,80,80,80,80,80],"gold":131,"neow_bonus":"","is_daily":false,"chose_seed":false,"campfire_upgraded":0,"win_rate":0.0,"timestamp":1609592684,"path_taken":["M","?","M","?","M","E"],"items_purchased_type":[],"build_version":"2020-12-22","purchased_purges":0,"victory":false,"max_hp_per_floor":[80,80,80,80,80,80,80],"card_choices":[{"not_picked":["WallGazer","QueenOfHatred"],"picked":"ShyLook","floor":1},{"not_picked":["Intimidate","Body Slam","Anger"],"picked":"SKIP","floor":1},{"not_picked":["Entrench","Headbutt"],"picked":"hubris:ReadiedAction","floor":3},{"not_picked":["True Grit","Fiend Fire"],"picked":"ReplayTheSpireMod:Stacked","floor":5}],"player_experience":369890,"relics_obtained":[{"floor":1,"key":"LetterFromLob"},{"floor":2,"key":"Ring of Panic"},{"floor":2,"key":"Ring of Peace"}],"event_choices":[{"damage_healed":0,"gold_gain":0,"player_choice":"Cursed","damage_taken":0,"max_hp_gain":0,"max_hp_loss":0,"event_name":"Wheel of Change","floor":4,"gold_loss":0,"cards_obtained":["Decay"]}],"is_beta":false,"boss_relics":[],"items_purged_floors":[],"is_endless":false,"potions_floor_spawned":[1,5],"killed_by":"Lagavulin","ascension_level":0}}