{"host":"xcuflocadasoaqda","time":1609609397,"event":{"mods":["BaseMod","Bestiary","Filter the Spire","Minty Spire (QoL Compilation)","Relic Stats"],"gold_per_floor":[118,135,49,67,82,82,109,109,109,142,217,217,217,237,237,309,309,328,339,355,355,355],"floor_reached":21,"playtime":932,"items_purged":[],"score":532,"play_id":"a25c0dd1-199c-4453-a6c5-aea8048fb555","local_time":"20210102114317","is_ascension_mode":true,"campfire_choices":[{"data":"Glass Knife","floor":6.0,"key":"SMITH"},{"data":"Doppelganger","floor":8.0,"key":"SMITH"},{"data":"Terror","floor":13.0,"key":"SMITH"},{"data":"Prepared","floor":15.0,"key":"SMITH"}],"circlet_count":0,"master_deck":["AscendersBane","Survivor","Neutralize","Leg Sweep","Phantasmal Killer","Doppelganger+1","Glass Knife+1","Underhanded Strike","Concentrate","Die Die Die","Well Laid Plans","Grand Finale","Terror+1","Escape Plan","Backflip","Tactician","Caltrops","Prepared+1","Grand Finale"],"relics":["Pandora\u0027s Box","Nunchaku","Pen Nib","Singing Bowl","Black Star"],"acts_visited":["Exordium","TheCity"],"potions_floor_usage":[21],"damage_taken":[{"damage":0.0,"enemies":"Cultist","floor":1.0,"turns":3.0},{"damage":0.0,"enemies":"2 Louse","floor":2.0,"turns":1.0},{"damage":0.0,"enemies":"Small Slimes","floor":4.0,"turns":2.0},{"damage":3.0,"enemies":"Looter","floor":5.0,"turns":3.0},{"damage":8.0,"enemies":"Gremlin Nob","floor":7.0,"turns":3.0},{"damage":15.0,"enemies":"3 Sentries","floor":10.0,"turns":3.0},{"damage":6.0,"enemies":"2 Fungi Beasts","floor":14.0,"turns":3.0},{"damage":0.0,"enemies":"The Guardian","floor":16.0,"turns":4.0},{"damage":3.0,"enemies":"Spheric Guardian","floor":18.0,"turns":4.0},{"damage":24.0,"enemies":"2 Thieves","floor":19.0,"turns":4.0},{"damage":23.0,"enemies":"Snake Plant","floor":20.0,"turns":4.0},{"damage":19,"enemies":"Masked Bandits","floor":21,"turns":3}],"seed_played":"-2969064074469231448","potions_obtained":[{"floor":4.0,"key":"Strength Potion"},{"floor":5.0,"key":"EssenceOfSteel"},{"floor":10.0,"key":"AttackPotion"},{"floor":19.0,"key":"SpeedPotion"}],"is_trial":false,"path_per_floor":["M","M","$","M","M","R","E","R","T","E","?","?","R","M","R","B",null,"M","M","M","?"],"character_chosen":"THE_SILENT","items_purchased":["Escape Plan"],"campfire_rested":0,"item_purchase_floors":[3],"current_hp_per_floor":[59,59,59,59,56,56,48,48,48,35,24,24,24,18,18,18,56,55,33,12,0,0],"gold":355,"neow_bonus":"BOSS_RELIC","is_daily":false,"chose_seed":false,"campfire_upgraded":4,"win_rate":0.0,"timestamp":1609609397,"path_taken":["M","?","$","M","M","R","E","R","T","E","?","?","R","M","R","BOSS","M","M","?","?"],"items_purchased_type":["Card"],"build_version":"2020-12-22","purchased_purges":0,"victory":false,"max_hp_per_floor":[66,66,66,66,66,66,66,66,66,68,68,68,68,68,68,68,68,70,72,74,74,74],"relic_stats":{"Nunchaku":[2],"Singing Bowl":8,"counters":[12,37],"Pandora\u0027s Box":["Leg Sweep","Accuracy","Phantasmal Killer","Doppelganger","Glass Knife","Underhanded Strike","Concentrate","Die Die Die","Well Laid Plans","Grand Finale"],"Pen Nib":[2],"Black Star":0,"obtain_stats":[{"Nunchaku":7,"Singing Bowl":10,"Pandora\u0027s Box":0,"Pen Nib":9,"Black Star":17,"Ring of the Snake":0},{"Nunchaku":5,"Singing Bowl":6,"Pandora\u0027s Box":0,"Pen Nib":5,"Black Star":8,"Ring of the Snake":0},{"Nunchaku":12,"Singing Bowl":15,"Pandora\u0027s Box":0,"Pen Nib":12,"Black Star":22,"Ring of the Snake":0}]},"card_choices":[{"not_picked":["Deadly Poison","Distraction"],"picked":"Terror","floor":1.0},{"not_picked":["Poisoned Stab","PiercingWail","Bouncing Flask"],"picked":"SKIP","floor":2.0},{"not_picked":["Deflect","Bane"],"picked":"Backflip","floor":4.0},{"not_picked":["Dodge and Roll","Concentrate"],"picked":"Tactician","floor":5.0},{"not_picked":["Masterful Stab","Tactician","Sucker Punch"],"picked":"SKIP","floor":7.0},{"not_picked":["Night Terror","Finisher","Leg Sweep"],"picked":"Singing Bowl","floor":10.0},{"not_picked":["Caltrops","Backstab"],"picked":"Prepared","floor":14.0},{"not_picked":["Bullet Time","A Thousand Cuts"],"picked":"Grand Finale","floor":16.0},{"not_picked":["All Out Attack","Expertise","Dagger Spray"],"picked":"Singing Bowl","floor":18.0},{"not_picked":["Eviscerate","Well Laid Plans","Heel Hook"],"picked":"Singing Bowl","floor":19.0},{"not_picked":["Poisoned Stab","Underhanded Strike","Bane"],"picked":"Singing Bowl","floor":20.0}],"player_experience":1860092,"relics_obtained":[{"floor":7.0,"key":"Nunchaku"},{"floor":9.0,"key":"Pen Nib"},{"floor":10.0,"key":"Singing Bowl"}],"event_choices":[{"damage_healed":0.0,"max_hp_gain":0.0,"max_hp_loss":0.0,"gold_gain":75.0,"event_name":"World of Goop","player_choice":"Gather Gold","floor":11.0,"gold_loss":0.0,"damage_taken":11.0},{"damage_healed":0.0,"max_hp_gain":0.0,"max_hp_loss":0.0,"gold_gain":0.0,"cards_transformed":["Accuracy"],"event_name":"Transmorgrifier","player_choice":"Transformed","floor":12.0,"gold_loss":0.0,"damage_taken":0.0,"cards_obtained":["Caltrops"]},{"damage_healed":0,"gold_gain":0,"player_choice":"Fought Bandits","damage_taken":0,"max_hp_gain":0,"max_hp_loss":0,"event_name":"Masked Bandits","floor":21,"gold_loss":0}],"is_beta":false,"boss_relics":[{"not_picked":["Tiny House","Ectoplasm"],"picked":"Black Star"}],"items_purged_floors":[],"is_endless":false,"potions_floor_spawned":[4,5,10,19],"killed_by":"Masked Bandits","ascension_level":20}}