{"host":"6pgtslebjnyv5xmi","time":1609597626,"event":{"mods":["AchievementEnabler","BaseMod","Colored Map","Minty Spire (QoL Compilation)","Rare Cards Sparkle","StSLib","SuperFastMode","Td1madao Mod","everything is the same but u backflip on backflip"],"gold_per_floor":[211,211,211,222,222,222,234,254,281,281,99,119,294,369,369,469,469,480,480,480,480,498,510,510,510],"floor_reached":24,"playtime":869,"items_purged":[],"score":209,"play_id":"77f609a0-b4f9-494e-a13f-8074e6bd3277","local_time":"20210102232706","is_ascension_mode":false,"campfire_choices":[{"data":"Dualcast","floor":6,"key":"SMITH"},{"data":"Apotheosis","floor":15,"key":"SMITH"}],"circlet_count":0,"master_deck":["Strike_B","Strike_B","Defend_B","Defend_B","Defend_B","Zap","Dualcast+1","Consume","BootSequence","Melter","Blizzard","Apotheosis+1","Genetic Algorithm","Doubt","Buffer","Ghostly","Ghostly","Ghostly","Ghostly","Ghostly","Blizzard","Self Repair"],"relics":["Cracked Core","Odd Mushroom","Toy Ornithopter","SacredBark","Regal Pillow"],"acts_visited":["Exordium","TheCity"],"potions_floor_usage":[16,16,16,22],"damage_taken":[{"damage":5,"enemies":"Small Slimes","floor":1,"turns":3},{"damage":1,"enemies":"Jaw Worm","floor":4,"turns":3},{"damage":8,"enemies":"2 Louse","floor":7,"turns":3},{"damage":10,"enemies":"The Mushroom Lair","floor":8,"turns":5},{"damage":0,"enemies":"Exordium Wildlife","floor":12,"turns":3},{"damage":35,"enemies":"Slime Boss","floor":16,"turns":7},{"damage":22,"enemies":"Shell Parasite","floor":18,"turns":7},{"damage":0,"enemies":"3 Byrds","floor":22,"turns":3},{"damage":36,"enemies":"3 Cultists","floor":23,"turns":9},{"damage":10,"enemies":"Sentry and Sphere","floor":24,"turns":2}],"seed_played":"5682595668861904686","potions_obtained":[{"floor":1,"key":"SteroidPotion"},{"floor":7,"key":"DistilledChaos"},{"floor":8,"key":"Regen Potion"},{"floor":18,"key":"Explosive Potion"}],"is_trial":false,"path_per_floor":["M","$","?","M","$","R","M","?","T","?","$","M","?","?","R","B",null,"M","?","?","?","M","M","M"],"character_chosen":"DEFECT","items_purchased":["Apotheosis"],"campfire_rested":0,"item_purchase_floors":[11],"current_hp_per_floor":[70,70,63,62,62,62,54,44,44,44,44,44,44,33,33,28,75,53,37,37,37,37,1,0,0],"gold":510,"neow_bonus":"HUNDRED_GOLD","is_daily":false,"chose_seed":false,"campfire_upgraded":2,"win_rate":0.0,"timestamp":1609597626,"path_taken":["M","$","?","M","$","R","M","?","T","?","?","?","?","?","R","BOSS","M","?","?","?","M","?","M"],"items_purchased_type":["Card"],"build_version":"2020-12-22","purchased_purges":0,"victory":false,"max_hp_per_floor":[75,75,75,75,75,75,75,75,75,75,75,75,75,75,75,75,75,75,37,37,37,37,37,37,37],"card_choices":[{"not_picked":["Rebound","Sunder"],"picked":"Consume","floor":1},{"not_picked":["Cold Snap","Barrage"],"picked":"BootSequence","floor":4},{"not_picked":["Barrage","Chaos","Stack"],"picked":"SKIP","floor":7},{"not_picked":["Gash","Sweeping Beam"],"picked":"Melter","floor":8},{"not_picked":["Static Discharge","Rebound"],"picked":"Genetic Algorithm","floor":12},{"not_picked":["Creative AI","Electrodynamics"],"picked":"Buffer","floor":16},{"not_picked":["Go for the Eyes","Sweeping Beam+1","Stack"],"picked":"SKIP","floor":18},{"not_picked":["Compile Driver","Coolheaded"],"picked":"Blizzard","floor":22},{"not_picked":["Stack","Coolheaded"],"picked":"Self Repair","floor":23}],"player_experience":641499,"relics_obtained":[{"floor":8,"key":"Odd Mushroom"},{"floor":9,"key":"Toy Ornithopter"}],"event_choices":[{"cards_removed":["Strike_B"],"damage_healed":0,"gold_gain":0,"player_choice":"Card Removal","damage_taken":7,"max_hp_gain":0,"max_hp_loss":0,"event_name":"Golden Wing","floor":3,"gold_loss":0},{"damage_healed":0,"gold_gain":0,"player_choice":"Fought Mushrooms","damage_taken":0,"max_hp_gain":0,"max_hp_loss":0,"event_name":"Mushrooms","floor":8,"gold_loss":0},{"damage_healed":0,"gold_gain":0,"cards_transformed":["Strike_B"],"player_choice":"Change","damage_taken":0,"max_hp_gain":0,"max_hp_loss":0,"event_name":"Living Wall","floor":10,"gold_loss":0,"cards_obtained":["Blizzard"]},{"damage_healed":0,"gold_gain":175,"player_choice":"AGREE","damage_taken":0,"max_hp_gain":0,"max_hp_loss":0,"event_name":"Liars Game","floor":13,"gold_loss":0,"cards_obtained":["Doubt"]},{"damage_healed":0,"gold_gain":75,"player_choice":"Gather Gold","damage_taken":11,"max_hp_gain":0,"max_hp_loss":0,"event_name":"World of Goop","floor":14,"gold_loss":0},{"damage_healed":0,"gold_gain":0,"player_choice":"Became a Ghost","damage_taken":0,"max_hp_gain":0,"max_hp_loss":38,"event_name":"Ghosts","floor":19,"gold_loss":0,"cards_obtained":["Ghostly","Ghostly","Ghostly","Ghostly","Ghostly"]},{"damage_healed":0,"gold_gain":0,"player_choice":"Opened","damage_taken":0,"relics_obtained":["Regal Pillow"],"max_hp_gain":0,"max_hp_loss":0,"event_name":"The Mausoleum","floor":20,"gold_loss":0},{"cards_removed":["Defend_B"],"damage_healed":0,"gold_gain":0,"player_choice":"Offered Basic","damage_taken":0,"max_hp_gain":0,"max_hp_loss":0,"event_name":"Bonfire Elementals","floor":21,"gold_loss":0}],"is_beta":false,"boss_relics":[{"not_picked":["Philosopher\u0027s Stone","Cursed Key"],"picked":"SacredBark"}],"items_purged_floors":[],"is_endless":false,"potions_floor_spawned":[1,7,8,18],"killed_by":"Sentry and Sphere","ascension_level":0}}