{"host":"9pqy5lt7vda52ebm","time":1609561136,"event":{"mods":["BaseMod","Evolution","Minty Spire (QoL Compilation)","Optimize The Spire","Quick Restart","StSLib","The Marked"],"gold_per_floor":[109,284,303,316,95,128,128,157,157,157,77,110,110,130,130,253,253,178,178],"floor_reached":18,"playtime":1559,"items_purged":["theMarked:Strike","theMarked:Strike"],"score":331,"play_id":"5f319672-ba8b-44d0-88c8-5c84c0757223","local_time":"20210101231856","is_ascension_mode":true,"campfire_choices":[{"data":"theMarked:Polarize","floor":7,"key":"SMITH"},{"floor":10,"key":"REST"},{"data":"theMarked:ElementalBlade","floor":15,"key":"SMITH"}],"circlet_count":0,"master_deck":["theMarked:SoldierOfQuellstein+1","theMarked:SwordAndMagic","Doubt","theMarked:RogueSparks","theMarked:SummonStrength","theMarked:Defy","theMarked:Convert","theMarked:Polarize+1","theMarked:WardOff","theMarked:Overthink","theMarked:ChannelForce","theMarked:Convert","theMarked:Improvise","theMarked:ElementalBlade+1","theMarked:Parry","theMarked:Snap","theMarked:Overthink","theMarked:LightningStrikesTwice","theMarked:TakeOffHeels","theMarked:Seal","theMarked:DeterminationOfTheMarked"],"relics":["theMarked:ArtifactOfAir","EVO:Axolotl","Orrery","The Courier","Regal Pillow","Gremlin Horn","Golden Idol","Pandora\u0027s Box"],"acts_visited":["Exordium","TheCity"],"potions_floor_usage":[12,12],"damage_taken":[{"damage":3,"enemies":"Small Slimes","floor":1,"turns":4},{"damage":2,"enemies":"Jaw Worm","floor":3,"turns":2},{"damage":2,"enemies":"2 Louse","floor":4,"turns":3},{"damage":17,"enemies":"Lagavulin","floor":6,"turns":6},{"damage":28,"enemies":"Gremlin Nob","floor":8,"turns":4},{"damage":16,"enemies":"3 Sentries","floor":12,"turns":6},{"damage":5,"enemies":"Lots of Slimes","floor":14,"turns":2},{"damage":0,"enemies":"Slime Boss","floor":16,"turns":6},{"damage":58,"enemies":"2 Thieves","floor":18,"turns":3}],"seed_played":"-7346268840850342497","potions_obtained":[{"floor":1,"key":"Energy Potion"},{"floor":4,"key":"Regen Potion"},{"floor":8,"key":"SkillPotion"},{"floor":14,"key":"PowerPotion"},{"floor":16,"key":"Dexterity Potion"}],"is_trial":false,"path_per_floor":["M","?","M","M","$","E","R","E","T","R","$","E","?","M","R","B",null,"M"],"character_chosen":"THE_DEFAULT","items_purchased":["Orrery"],"campfire_rested":1,"item_purchase_floors":[5],"current_hp_per_floor":[60,60,58,56,56,39,39,11,11,47,47,45,28,23,23,23,58,0,0],"gold":178,"neow_bonus":"UPGRADE_CARD","is_daily":false,"chose_seed":false,"campfire_upgraded":2,"win_rate":0.0,"timestamp":1609561136,"path_taken":["M","?","M","M","$","E","R","E","T","R","$","E","?","M","R","BOSS","M"],"items_purchased_type":["Relic"],"build_version":"2020-12-22","purchased_purges":2,"victory":false,"max_hp_per_floor":[70,70,70,70,70,70,70,70,70,70,70,70,70,70,70,70,70,70,70],"card_choices":[{"not_picked":["theMarked:ElementalBlade","theMarked:Aftermath"],"picked":"theMarked:SwordAndMagic","floor":1},{"not_picked":["theMarked:BanishingStrike","theMarked:ParalyzingBlade"],"picked":"theMarked:RogueSparks","floor":3},{"not_picked":["theMarked:RepellingDischarge","theMarked:Aftermath"],"picked":"theMarked:SummonStrength","floor":4},{"not_picked":["theMarked:Standoff","theMarked:Panic"],"picked":"theMarked:Defy","floor":5},{"not_picked":["theMarked:Parry","theMarked:ElementalBlade"],"picked":"theMarked:Convert","floor":5},{"not_picked":["theMarked:HeightenedSenses","theMarked:SwordAndMagic"],"picked":"theMarked:Polarize","floor":5},{"not_picked":["theMarked:Frustration","theMarked:ElectricStrings"],"picked":"theMarked:WardOff","floor":5},{"not_picked":["theMarked:Frustration","theMarked:RepellingDischarge"],"picked":"theMarked:Overthink","floor":5},{"not_picked":["theMarked:HeightenedSenses","theMarked:Improvise"],"picked":"theMarked:ChannelForce","floor":6},{"not_picked":["theMarked:WastefulDefense","theMarked:Aftermath"],"picked":"theMarked:Convert","floor":8},{"not_picked":["theMarked:PowerFlow","theMarked:UnarmedFury"],"picked":"theMarked:Improvise","floor":12},{"not_picked":["theMarked:ContemptForTheProud","theMarked:Static"],"picked":"theMarked:ElementalBlade","floor":14}],"player_experience":415619,"relics_obtained":[{"floor":6,"key":"The Courier"},{"floor":8,"key":"Regal Pillow"},{"floor":12,"key":"Gremlin Horn"}],"event_choices":[{"damage_healed":0,"gold_gain":175,"player_choice":"AGREE","damage_taken":0,"max_hp_gain":0,"max_hp_loss":0,"event_name":"Liars Game","floor":2,"gold_loss":0,"cards_obtained":["Doubt"]},{"damage_healed":0,"gold_gain":0,"player_choice":"Take Damage","damage_taken":17,"relics_obtained":["Golden Idol"],"max_hp_gain":0,"max_hp_loss":0,"event_name":"Golden Idol","floor":13,"gold_loss":0}],"is_beta":false,"boss_relics":[{"not_picked":["Cursed Key","Calling Bell"],"picked":"Pandora\u0027s Box"}],"items_purged_floors":[5,11],"is_endless":false,"potions_floor_spawned":[1,4,8,14,16],"killed_by":"2 Thieves","ascension_level":9}}