{"host":"fmwbmnqnrup981we","time":1609587324,"event":{"mods":["AchievementEnabler","Act Like it!","BaseMod","Better Match","Better Note","Better Skull","Better Synergies","Better Third Choice","Better Vampires","Block Reminder","Curses Come First","Downfall","Duelist Mod","Elementarium","GungeonMod","HexUI Lib","HornydragonMod","Marked Mod","Minty Spire (QoL Compilation)","Pikachu Mod","Quick Restart","Relic Stats","SIMod","StSLib","The Bug Knight","The Death Knight","The Forsaken","The Marked","The Necromancer","The Runesmith","The Servant 0.9.4","The Wild Card","TheHero","TheVacant","TheVelvet","Transform Curses","Waifu the Spire","Yuri Mod","everything is the same but u backflip on backflip"],"gold_per_floor":[213,288,238,249,263,293,304,132,157,157,157,189,206,258,258,359,359,377,395,395,395,422,422,455,469,519,419,419,419,419,419,419,419,419],"floor_reached":33,"playtime":864,"items_purged":["Strike_R","Strike_R"],"score":285,"play_id":"b3054e7a-f755-4805-954f-feb642c4df1a","local_time":"20210102113524","is_ascension_mode":true,"campfire_choices":[{"floor":11,"key":"REST"},{"floor":15,"key":"RECALL"},{"data":"Slimebound:CheckThePlaybook","floor":23,"key":"SMITH"},{"floor":32,"key":"REST"}],"circlet_count":0,"master_deck":["Defend_R","Defend_R","Defend_R","Defend_R","Bash","Pommel Strike","Clash+1","Pommel Strike","Anger","Disarm","Anger","Thunderclap","Rage","Juggernaut","Thunderclap","Metallicize","Slimebound:CheckThePlaybook+1","Infernal Blade","Clash","Bite","Bite"],"relics":["Burning Blood","MoneyPower","Omamori","DeathKnight:PutricidesVial","Calling Bell","Juzu Bracelet","Sundial","CaptainsWheel","DemoMod:MemoryAlloy","Tiny Chest","Pantograph","Bag of Marbles","MarkOfWind","Frozen Egg 2"],"acts_visited":["Exordium","TheCity"],"potions_floor_usage":[16,16,24,25,33],"damage_taken":[{"damage":1,"enemies":"2 Louse","floor":1,"turns":2},{"damage":6,"enemies":"Cultist","floor":4,"turns":3},{"damage":6,"enemies":"Jaw Worm","floor":5,"turns":3},{"damage":33,"enemies":"HollowMod:MossKnight","floor":6,"turns":10},{"damage":8,"enemies":"Red Slaver","floor":7,"turns":2},{"damage":14,"enemies":"Gremlin Nob","floor":12,"turns":3},{"damage":7,"enemies":"Looter","floor":13,"turns":3},{"damage":9,"enemies":"The Guardian","floor":16,"turns":5},{"damage":5,"enemies":"Spheric Guardian","floor":18,"turns":4},{"damage":0,"enemies":"3 Byrds","floor":19,"turns":5},{"damage":31,"enemies":"Slavers","floor":24,"turns":4},{"damage":6,"enemies":"Snake Plant","floor":25,"turns":2},{"damage":119,"enemies":"Collector","floor":33,"turns":9}],"seed_played":"-1331924144893159026","potions_obtained":[{"floor":5,"key":"BlessingOfTheForge"},{"floor":7,"key":"SpeedPotion"},{"floor":12,"key":"AttackPotion"},{"floor":16,"key":"SteroidPotion"},{"floor":18,"key":"Block Potion"}],"is_trial":false,"path_per_floor":["M","?","?","M","M","E","M","$","T","?","R","E","M","T","R","B",null,"M","M","?","?","T","R","E","M","T","$","?","?","?","T","R","B"],"character_chosen":"IRONCLAD","items_purchased":["Fire Breathing","Anger"],"campfire_rested":2,"item_purchase_floors":[8,8],"current_hp_per_floor":[80,69,69,69,69,42,40,40,40,40,64,56,55,55,55,52,80,80,80,80,52,52,52,27,27,27,27,27,27,27,27,48,0,0],"gold":419,"neow_bonus":"HUNDRED_GOLD","is_daily":false,"chose_seed":false,"campfire_upgraded":1,"win_rate":0.0,"timestamp":1609587324,"path_taken":["M","?","?","M","M","E","M","$","T","?","R","E","?","?","R","BOSS","M","M","?","?","?","R","E","M","T","$","?","?","?","?","R","BOSS"],"items_purchased_type":["Card","Card"],"build_version":"2020-12-22","purchased_purges":2,"victory":false,"max_hp_per_floor":[80,80,80,80,80,80,80,80,80,80,80,80,80,80,80,80,80,80,80,80,80,80,80,80,80,80,80,70,70,70,70,70,70,70],"relic_stats":{"counters":[13,55],"Sundial":[2],"Pantograph":22,"Tiny Chest":1,"Juzu Bracelet":1,"obtain_stats":[{"DemoMod:MemoryAlloy":20,"DemoMod:GlassGuonStoneRelic":4,"MoneyPower":6,"Omamori":12,"Juzu Bracelet":17,"Frozen Egg 2":31,"Burning Blood":0,"Calling Bell":17,"CaptainsWheel":17,"Sundial":17,"Pantograph":24,"DeathKnight:PutricidesVial":14,"MarkOfWind":30,"Tiny Chest":22,"Bag of Marbles":26},{"DemoMod:MemoryAlloy":10,"DemoMod:GlassGuonStoneRelic":2,"MoneyPower":4,"Omamori":6,"Juzu Bracelet":8,"Frozen Egg 2":12,"Burning Blood":0,"Calling Bell":8,"CaptainsWheel":8,"Sundial":8,"Pantograph":11,"DeathKnight:PutricidesVial":7,"MarkOfWind":12,"Tiny Chest":10,"Bag of Marbles":12},{"DemoMod:MemoryAlloy":40,"DemoMod:GlassGuonStoneRelic":5,"MoneyPower":18,"Omamori":23,"Juzu Bracelet":31,"Frozen Egg 2":46,"Burning Blood":0,"Calling Bell":31,"CaptainsWheel":31,"Sundial":31,"Pantograph":44,"DeathKnight:PutricidesVial":26,"MarkOfWind":46,"Tiny Chest":40,"Bag of Marbles":46}],"Burning Blood":60},"card_choices":[{"not_picked":["Sentinel","Cleave"],"picked":"Pommel Strike","floor":1},{"not_picked":["Combust","Iron Wave"],"picked":"Clash","floor":4},{"not_picked":["Headbutt","Searing Blow"],"picked":"Pommel Strike","floor":5},{"not_picked":["Immolate","DemoMod:WhiteBlade"],"picked":"Anger","floor":6},{"not_picked":["Searing Blow","Flame Barrier"],"picked":"Disarm","floor":7},{"not_picked":["Headbutt","Shrug It Off"],"picked":"Thunderclap","floor":12},{"not_picked":["Searing Blow","Headbutt"],"picked":"Rage","floor":13},{"not_picked":["Double Tap","Feed"],"picked":"Juggernaut","floor":16},{"not_picked":["True Grit","Perfected Strike"],"picked":"Thunderclap","floor":18},{"not_picked":["Wild Strike","Searing Blow"],"picked":"Metallicize","floor":19},{"not_picked":["Twin Strike+1","Shrug It Off"],"picked":"Infernal Blade","floor":24},{"not_picked":["Cleave","Anger"],"picked":"Clash","floor":25}],"player_experience":423841,"relics_obtained":[{"floor":6,"key":"MoneyPower"},{"floor":12,"key":"Omamori"},{"floor":14,"key":"DeathKnight:PutricidesVial"},{"floor":17,"key":"Juzu Bracelet"},{"floor":17,"key":"Sundial"},{"floor":17,"key":"CaptainsWheel"},{"floor":22,"key":"Tiny Chest"},{"floor":24,"key":"Pantograph"},{"floor":26,"key":"Bag of Marbles"},{"floor":31,"key":"Frozen Egg 2"}],"event_choices":[{"damage_healed":0,"gold_gain":75,"player_choice":"Gold","damage_taken":11,"max_hp_gain":0,"max_hp_loss":0,"event_name":"betterThird:BetterGoop","floor":2,"gold_loss":0},{"cards_removed":["Strike_R"],"damage_healed":0,"gold_gain":0,"player_choice":"Card Removal","damage_taken":0,"max_hp_gain":0,"max_hp_loss":0,"event_name":"The Cleric","floor":3,"gold_loss":50},{"damage_healed":0,"gold_gain":0,"player_choice":"Upgraded","damage_taken":0,"max_hp_gain":0,"max_hp_loss":0,"event_name":"Upgrade Shrine","floor":10,"gold_loss":0,"cards_upgraded":["Clash"]},{"damage_healed":0,"gold_gain":0,"player_choice":"Opened","damage_taken":0,"relics_obtained":["DemoMod:MemoryAlloy"],"max_hp_gain":0,"max_hp_loss":0,"event_name":"The Mausoleum","floor":20,"gold_loss":0},{"damage_healed":0,"gold_gain":0,"player_choice":"Became a vampire","damage_taken":0,"max_hp_gain":0,"max_hp_loss":10,"event_name":"Vampires","floor":28,"gold_loss":0,"cards_obtained":["Bite","Bite"]},{"cards_removed":["Fire Breathing"],"damage_healed":0,"gold_gain":0,"player_choice":"Elegance","damage_taken":0,"max_hp_gain":0,"max_hp_loss":0,"event_name":"betterThird:BetterWriting","floor":29,"gold_loss":0}],"is_beta":false,"boss_relics":[{"not_picked":["Snecko Eye","Cursed Key"],"picked":"Calling Bell"}],"items_purged_floors":[8,27],"is_endless":false,"potions_floor_spawned":[5,7,12,16,18],"killed_by":"Collector","ascension_level":1}}