{"host":"mn331isw8qbjh6ks","time":1609569548,"event":{"mods":["BaseMod","BetterRewards","Minty Spire (QoL Compilation)"],"gold_per_floor":[119,119,119,119,43,75,87,99,123,143,143,170,170,182,182,284,284,295,295,295],"floor_reached":19,"playtime":2232,"items_purged":[],"score":227,"play_id":"9b589e49-29cb-455b-945d-36d401c007e7","local_time":"20210101223908","is_ascension_mode":false,"campfire_choices":[{"data":"Wallop","floor":11,"key":"SMITH"},{"floor":13,"key":"REST"},{"data":"Eruption","floor":15,"key":"SMITH"}],"circlet_count":0,"master_deck":["Strike_P","Strike_P","Strike_P","Strike_P","Defend_P","Defend_P+1","Defend_P+1","Defend_P","Eruption+1","Vigilance","Perseverance+1","Wallop+1","SandsOfTime","EmptyMind","Sanctity","FollowUp","PathToVictory","Brilliance","Wallop","Establishment+1","PathToVictory"],"relics":["PureWater","Chemical X","Matryoshka","War Paint","Oddly Smooth Stone","Boot","Frozen Egg 2","Black Star"],"acts_visited":["Exordium","TheCity"],"potions_floor_usage":[6,12,18],"damage_taken":[{"damage":1,"enemies":"2 Louse","floor":1,"turns":4},{"damage":13,"enemies":"3 Sentries","floor":6,"turns":7},{"damage":2,"enemies":"Jaw Worm","floor":7,"turns":4},{"damage":0,"enemies":"Small Slimes","floor":8,"turns":3},{"damage":0,"enemies":"Blue Slaver","floor":10,"turns":3},{"damage":21,"enemies":"Gremlin Nob","floor":12,"turns":4},{"damage":0,"enemies":"3 Louse","floor":14,"turns":4},{"damage":0,"enemies":"Slime Boss","floor":16,"turns":6},{"damage":44,"enemies":"3 Byrds","floor":18,"turns":7},{"damage":1,"enemies":"Spheric Guardian","floor":19,"turns":3}],"seed_played":"8285011961233413063","potions_obtained":[{"floor":1,"key":"Explosive Potion"},{"floor":8,"key":"AttackPotion"},{"floor":12,"key":"DuplicationPotion"},{"floor":14,"key":"Strength Potion"},{"floor":16,"key":"SkillPotion"}],"is_trial":false,"path_per_floor":["M","?","?","?","$","E","M","M","T","M","R","E","R","M","R","B",null,"M","M"],"character_chosen":"WATCHER","items_purchased":["Chemical X","Matryoshka","Perseverance","SandsOfTime"],"campfire_rested":1,"item_purchase_floors":[0,0,0,5],"current_hp_per_floor":[71,71,71,76,76,63,61,61,61,61,61,40,63,63,63,63,77,33,32,32],"gold":295,"neow_bonus":"","is_daily":false,"chose_seed":false,"campfire_upgraded":2,"win_rate":0.0,"timestamp":1609569548,"path_taken":["M","?","?","?","?","E","M","M","T","M","R","E","R","M","R","BOSS","M","M"],"items_purchased_type":["Relic","Relic","Card","Card"],"build_version":"2020-12-22","purchased_purges":0,"victory":false,"max_hp_per_floor":[72,72,72,77,77,77,77,77,77,77,77,77,77,77,77,77,77,77,77,77],"card_choices":[{"not_picked":["ClearTheMind","FlyingSleeves"],"picked":"Wallop","floor":1},{"not_picked":["FollowUp","SashWhip"],"picked":"EmptyMind","floor":6},{"not_picked":["Consecrate","FlyingSleeves"],"picked":"Sanctity","floor":7},{"not_picked":["DeceiveReality","SashWhip"],"picked":"FollowUp","floor":8},{"not_picked":["FlurryOfBlows","SashWhip"],"picked":"PathToVictory","floor":10},{"not_picked":["SignatureMove","FlurryOfBlows"],"picked":"Brilliance","floor":12},{"not_picked":["FollowUp","Halt"],"picked":"Wallop","floor":14},{"not_picked":["DeusExMachina","MasterReality+1"],"picked":"Establishment+1","floor":16},{"not_picked":["Wallop","EmptyBody"],"picked":"PathToVictory","floor":18}],"player_experience":97987,"relics_obtained":[{"floor":6,"key":"War Paint"},{"floor":9,"key":"Oddly Smooth Stone"},{"floor":9,"key":"Boot"},{"floor":12,"key":"Frozen Egg 2"}],"event_choices":[{"damage_healed":0,"gold_gain":0,"player_choice":"Grow","damage_taken":0,"max_hp_gain":0,"max_hp_loss":0,"event_name":"Living Wall","floor":2,"gold_loss":0,"cards_upgraded":["Perseverance"]},{"damage_healed":0,"gold_gain":0,"player_choice":"Leave","damage_taken":0,"max_hp_gain":0,"max_hp_loss":0,"event_name":"The Cleric","floor":3,"gold_loss":0},{"damage_healed":0,"gold_gain":0,"player_choice":"Donut","damage_taken":0,"max_hp_gain":5,"max_hp_loss":0,"event_name":"Big Fish","floor":4,"gold_loss":0}],"is_beta":false,"boss_relics":[{"not_picked":["SlaversCollar","Ectoplasm"],"picked":"Black Star"}],"items_purged_floors":[],"is_endless":false,"potions_floor_spawned":[1,8,12,14,16],"killed_by":"Spheric Guardian","ascension_level":0}}