{"host":"lkyw40t68mxhwfjf","time":1609591017,"event":{"mods":["2.2 Compatiblity","Act Like it!","Arknights The Spire","BaseMod","Better Note","Hallownest","HololiveMod","Hubris","Koishi","Lobotomy","Marisa¡]Ãú«B¡@Å]²z¨F¡^","Minty Spire (QoL Compilation)","Prisma Mod","Reimu¡]³Õ???¡^","Remilia¡]Á¢¦Ì²ú?¡^","Replay The Spire","RumiaBox-ÅS¦Ì?ªº¯«¯µ²°¤l","StSLib","The Animator","The Servant 0.9.4","WarShipGirlsR/??¤Ö¤kR mod","Youmu¡]»î¾z§¯?¡^","Yuyuko"],"gold_per_floor":[110,123,123,141,152,152,177,193,219,235,235,73,73,73],"floor_reached":13,"playtime":507,"items_purged":[],"score":87,"play_id":"1279ec75-d726-44f9-b610-decd815a30af","local_time":"20210102203657","is_ascension_mode":false,"campfire_choices":[{"data":"ats:Emotion Absorption","floor":6,"key":"SMITH"}],"circlet_count":0,"master_deck":["ats:Strike C","ats:Strike G","ats:Strike S","ats:Strike V","ats:Armor Crushing Shot","ats:Defend+1","ats:Defend","ats:Defend","ats:Defend","ats:Emotion Absorption+1","ats:Closed Bolt Burst Fire","ats:Ambush","ats:Consecutive Shot Auto","Pain","ats:Chain Hook","ats:Powerful Strike","ats:Explosion Area Strengthen","ats:Collapsing Strike","ats:Thorns","ats:Shell Defense","ats:Burning Ground","ats:Healing Strengthening","ats:Curse Doll","ats:Rat Pack","ats:Composite Medical Shells"],"relics":["ats:Sanity","AddBug","SecretRecord","Baka","SecretRecord","SecretRecord"],"acts_visited":["Exordium"],"potions_floor_usage":[13,13],"damage_taken":[{"damage":5,"enemies":"Small Slimes","floor":1,"turns":5},{"damage":0,"enemies":"Cultist","floor":2,"turns":3},{"damage":7,"enemies":"2 Louse","floor":4,"turns":3},{"damage":2,"enemies":"Exordium Thugs","floor":5,"turns":4},{"damage":21,"enemies":"3 Sentries","floor":7,"turns":8},{"damage":25,"enemies":"Large Slime","floor":8,"turns":5},{"damage":12,"enemies":"2 Fungi Beasts","floor":10,"turns":5},{"damage":18,"enemies":"Gremlin Nob","floor":13,"turns":2}],"seed_played":"4644585707016558260","potions_obtained":[{"floor":4,"key":"ats:Top Emergency Sanity Potion"},{"floor":7,"key":"BlessingOfTheForge"},{"floor":10,"key":"ats:Top Emergency Sanity Potion"}],"is_trial":false,"path_per_floor":["M","M","?","M","M","R","E","M","T","M","?","$","E"],"character_chosen":"DOCTOR_CLASS","items_purchased":["ats:Rat Pack"],"campfire_rested":0,"item_purchase_floors":[12],"current_hp_per_floor":[67,67,67,60,58,58,37,12,12,11,11,11,0,0],"gold":73,"neow_bonus":"RANDOM_EVENT","is_daily":false,"chose_seed":false,"campfire_upgraded":1,"win_rate":0.0,"timestamp":1609591017,"path_taken":["M","M","?","M","?","R","E","M","T","M","?","?","E"],"items_purchased_type":["Card"],"build_version":"2020-12-22","purchased_purges":0,"victory":false,"max_hp_per_floor":[72,72,72,72,72,72,72,72,72,72,72,72,72,72],"card_choices":[{"not_picked":["ats:Ignite","ats:Song Of Battle","ats:Closed Bolt Burst Fire"],"picked":"SKIP","floor":1},{"not_picked":["ats:Ignite","ats:Song Of Battle"],"picked":"ats:Closed Bolt Burst Fire","floor":1},{"not_picked":["ats:Ignite","ats:Hammer On"],"picked":"ats:Consecutive Shot Auto","floor":2},{"not_picked":["ats:Curse Doll","ats:Fractured Body"],"picked":"ats:Powerful Strike","floor":4},{"not_picked":["ats:Assault Order","ats:LN2 Cannon"],"picked":"ats:Collapsing Strike","floor":5},{"not_picked":["ats:Assault Order","ats:Mental Burst"],"picked":"ats:Shell Defense","floor":7},{"not_picked":["ats:Charging Defense","ats:Leaping Hammer"],"picked":"ats:Healing Strengthening","floor":8},{"not_picked":["ats:Spore Proliferation","ats:Burning Ground","ats:Powerful Strike"],"picked":"SKIP","floor":10}],"player_experience":409753,"relics_obtained":[{"floor":1,"key":"AddBug"},{"floor":1,"key":"Baka"},{"floor":5,"key":"SecretRecord"},{"floor":7,"key":"ats:Originium"},{"floor":7,"key":"HornCleat"},{"floor":8,"key":"SecretRecord"},{"floor":9,"key":"Regal Pillow"}],"event_choices":[{"damage_healed":0,"gold_gain":0,"player_choice":"Rummage","damage_taken":0,"relics_obtained":["WarpedTongs"],"max_hp_gain":0,"max_hp_loss":0,"event_name":"Accursed Blacksmith","floor":3,"gold_loss":0,"cards_obtained":["Pain"]},{"damage_healed":0,"gold_gain":0,"player_choice":"Trade","damage_taken":0,"relics_obtained":["GremlinMask"],"max_hp_gain":0,"max_hp_loss":0,"event_name":"FaceTrader","floor":11,"gold_loss":0}],"is_beta":false,"boss_relics":[],"items_purged_floors":[],"is_endless":false,"potions_floor_spawned":[4,7,10],"killed_by":"Gremlin Nob","ascension_level":0}}