{"host":"kq2g769nefmuyn7c","time":1609598391,"event":{"mods":["ATMod(°¢èªMod)","Act Like it!","BaseMod","Gensokyo","Minty Spire (QoL Compilation)","Remilia£¨ÀÙÃ×ÀòÑÇ£©","Replay The Spire","StSLib","The Marked"],"gold_per_floor":[111,111,126,138,150,165,165,7,78,98,130,51,81,98,98,200,200,220,220,232,249,263,288,268,268,268,268,26,59,59,93,93,193,193,211,222,222,241,253,279,290,290,315,340,354,354,372,501,501,701,701,701,26,256,356],"floor_reached":56,"playtime":3108,"items_purged":[],"score":1388,"play_id":"af4ad7c6-2bc4-44bd-912b-85e799609a1d","local_time":"20210102223951","is_ascension_mode":true,"campfire_choices":[{"data":"RedMoon","floor":7,"key":"SMITH"},{"data":"ScarletSymphony","floor":15,"key":"SMITH"},{"data":"QueenOfMidnight","floor":25,"key":"SMITH"},{"data":"BloodyHallows","floor":27,"key":"SMITH"},{"data":"ScarletDream","floor":30,"key":"SMITH"},{"data":"NightLord","floor":32,"key":"SMITH"},{"data":"ReplayTheSpireMod:Necrogeddon","floor":46,"key":"SMITH"},{"floor":49,"key":"RECALL"},{"data":"FitfulNightmare","floor":52,"key":"SMITH"}],"circlet_count":0,"master_deck":["Strike_RM","Strike_RM","Strike_RM","Defend_RM","Defend_RM","Defend_RM","Defend_RM","RedMoon+1","ScarletShoot","AT_ChampionKick+1","ScarletGensokyo","EndlessAdversity","ScarletNetherworld","NightLord+1","BloodyHallows+1","ScarletDream+1","DevilSight","HunterOfTheNight","ScarletCoffin","ScarletSymphony+1","QueenOfMidnight+1","GlobalNightmare","UnderTheZenith","BloodRain","FitfulNightmare+1","ScarletDevilSign","BloodyTrap+1","AfternoonTea","UnderTheZenith+1","BloodHunter+1","ChainGang","BatForm","UltimateOffering","GlobalNightmare+1","VampireKiss+1","EternalNight+1","HellCatastrophe","VampireSweep","BlasphemousPunishment+1","ScarletGensokyo+1","ReplayTheSpireMod:Necrogeddon+1","Panache","BadLadyScramble+1","ScarletCoffin","AT_PowerWithin","LeisurelyOfLord+1"],"relics":["ScarletHat","AT_ATBox","Replay:Rubber Ducky","CultistMask","AT_ForceNature","Prayer Wheel","Anchor","ChewingGum","Simple Rune","AT_ChloranthyRing","Lizard Tail","AntiCross","Chameleon Ring","APieceOfRedMist","AT_Kusabimaru","AT_TheCollector","AT_SpeedBoots","Calipers","Blood Vial","Lee\u0027s Waffle","Onion Ring"],"acts_visited":["Exordium","TheCity","TheBeyond","TheEnding"],"potions_floor_usage":[13,55,55],"damage_taken":[{"damage":0,"enemies":"2 Louse","floor":1,"turns":3},{"damage":8,"enemies":"Cultist","floor":3,"turns":5},{"damage":0,"enemies":"Small Slimes","floor":4,"turns":4},{"damage":0,"enemies":"Red Slaver","floor":5,"turns":6},{"damage":3,"enemies":"Gremlin Gang","floor":6,"turns":3},{"damage":12,"enemies":"Looter","floor":10,"turns":4},{"damage":1,"enemies":"3 Sentries","floor":11,"turns":2},{"damage":21,"enemies":"Gremlin Nob","floor":13,"turns":4},{"damage":6,"enemies":"Exordium Thugs","floor":14,"turns":6},{"damage":22,"enemies":"Slime Boss","floor":16,"turns":10},{"damage":9,"enemies":"Chosen","floor":18,"turns":5},{"damage":14,"enemies":"2 Thieves","floor":20,"turns":4},{"damage":12,"enemies":"Sentry and Sphere","floor":21,"turns":5},{"damage":3,"enemies":"Snake Plant","floor":22,"turns":4},{"damage":18,"enemies":"Replay:Snechameleon","floor":23,"turns":7},{"damage":10,"enemies":"Snecko","floor":29,"turns":3},{"damage":11,"enemies":"Gremlin Leader","floor":31,"turns":3},{"damage":39,"enemies":"Champ","floor":33,"turns":6},{"damage":0,"enemies":"3 Shapes","floor":35,"turns":1},{"damage":4,"enemies":"Orb Walker","floor":36,"turns":2},{"damage":18,"enemies":"Jaw Worm Horde","floor":38,"turns":1},{"damage":0,"enemies":"3 Darklings","floor":39,"turns":2},{"damage":10,"enemies":"R_Hoarder","floor":40,"turns":4},{"damage":5,"enemies":"Spire Growth","floor":41,"turns":3},{"damage":22,"enemies":"Giant Head","floor":44,"turns":4},{"damage":5,"enemies":"Writhing Mass","floor":45,"turns":3},{"damage":39,"enemies":"Transient","floor":47,"turns":4},{"damage":21,"enemies":"Reptomancer","floor":48,"turns":2},{"damage":24,"enemies":"Replay:Hell Engine","floor":50,"turns":3},{"damage":28,"enemies":"Shield and Spear","floor":54,"turns":3},{"damage":100,"enemies":"The Heart","floor":55,"turns":4}],"seed_played":"5144233273699596404","potions_obtained":[{"floor":3,"key":"Energy Potion"},{"floor":6,"key":"Energy Potion"},{"floor":18,"key":"Strength Potion"},{"floor":21,"key":"GamblersBrew"},{"floor":24,"key":"EssenceOfSteel"},{"floor":29,"key":"ColorlessPotion"}],"is_trial":false,"path_per_floor":["M","?","M","M","M","M","R","$","T","M","E","$","E","M","R","B",null,"M","?","M","M","M","E","?","R","T","R","$","M","R","E","R","B",null,"M","M","?","M","M","E","M","?","T","E","M","R","M","E","R","B",null,"R","$","E","B",null],"character_chosen":"REMILIA","items_purchased":["BloodyHallows","HunterOfTheNight","AntiCross","AT_PowerWithin","Calipers","Blood Vial","Lee\u0027s Waffle"],"campfire_rested":0,"item_purchase_floors":[8,12,28,53,53,53,53],"current_hp_per_floor":[68,68,60,62,64,63,63,63,63,55,54,54,36,32,32,15,60,61,61,62,69,69,72,72,72,72,72,72,75,75,74,74,56,70,70,74,74,74,75,75,75,70,70,75,75,75,75,75,75,75,75,75,82,79,24],"gold":356,"neow_bonus":"RANDOM_COMMON_RELIC","is_daily":false,"chose_seed":false,"campfire_upgraded":8,"win_rate":0.0,"timestamp":1609598391,"path_taken":["M","?","M","M","M","M","R","?","T","?","E","$","E","M","R","BOSS","M","?","?","?","M","E","?","R","T","R","?","?","R","E","R","BOSS","M","M","?","M","M","E","M","?","T","E","M","R","?","E","R","BOSS","R","$","E","BOSS"],"items_purchased_type":["Card","Card","Relic","Card","Relic","Relic","Relic"],"build_version":"2020-12-22","purchased_purges":0,"victory":true,"max_hp_per_floor":[75,75,75,75,75,75,75,75,75,75,75,75,75,75,75,75,75,75,75,75,75,75,75,75,75,75,75,75,75,75,75,75,75,75,75,75,75,75,75,75,75,75,75,75,75,75,75,75,75,75,75,75,82,82,82],"card_choices":[{"not_picked":["UnderTheZenith","EndlessAdversity"],"picked":"ScarletGensokyo","floor":1},{"not_picked":["UnstableMagic","NightDance"],"picked":"EndlessAdversity","floor":3},{"not_picked":["MastersStateliness","UnstableMagic"],"picked":"ScarletNetherworld","floor":4},{"not_picked":["EmergencyRegeneration","RedNightlessCastle"],"picked":"NightLord","floor":5},{"not_picked":["BombardNight","FavorOfDestiny","ScarletDevil"],"picked":"SKIP","floor":6},{"not_picked":["RedMagic","MillenniumVampire"],"picked":"ScarletDream","floor":10},{"not_picked":["BlasphemousPunishment","TwelveNightmare"],"picked":"DevilSight","floor":11},{"not_picked":["EndlessAdversity","UnstableMagic"],"picked":"ScarletCoffin","floor":13},{"not_picked":["TwelveNightmare","Ultimatum"],"picked":"ScarletSymphony","floor":14},{"not_picked":["BloodHunter","EndlessAdversity","BombardNight"],"picked":"SKIP","floor":14},{"not_picked":["CurseOfVladTepes","BloodyHallows"],"picked":"QueenOfMidnight","floor":16},{"not_picked":["BombardNight","Stigmanizer+1"],"picked":"GlobalNightmare","floor":18},{"not_picked":["ForbiddenFruit","MiserableFate"],"picked":"UnderTheZenith","floor":18},{"not_picked":["ScarletDevil","VampireKiss"],"picked":"FitfulNightmare","floor":20},{"not_picked":["RedMagic","RedRainbow","ScarletDevil"],"picked":"SKIP","floor":20},{"not_picked":["BombardNight","VampireKiss"],"picked":"ScarletDevilSign","floor":21},{"not_picked":["EndlessAdversity","CharismaGuard+1","Stigmanizer"],"picked":"SKIP","floor":21},{"not_picked":["NightLord","EmergencyRegeneration"],"picked":"BloodyTrap+1","floor":22},{"not_picked":["CeilingFear","BadLadyScramble"],"picked":"AfternoonTea","floor":22},{"not_picked":["RedMagic","NightDance","SuperhumanBloodyKnife"],"picked":"SKIP","floor":23},{"not_picked":["GlobalNightmare","ScarletDevil"],"picked":"UnderTheZenith+1","floor":29},{"not_picked":["StarOfDavid+1","CharismaGuard"],"picked":"BloodHunter+1","floor":29},{"not_picked":["EndlessAdversity","FavorOfDestiny+1"],"picked":"ChainGang","floor":31},{"not_picked":["BloodySeventeenLaser","KillingBlow"],"picked":"BatForm","floor":33},{"not_picked":["MastersStateliness+1","DiffusionOfMisfortune+1"],"picked":"UltimateOffering","floor":35},{"not_picked":["BombardNight","NightDance","CharismaGuard"],"picked":"SKIP","floor":35},{"not_picked":["EternalNight+1","Stigmanizer"],"picked":"GlobalNightmare+1","floor":36},{"not_picked":["BlasphemousPunishment+1","ScarletImprint+1"],"picked":"VampireKiss+1","floor":36},{"not_picked":["VampireKiss","ScarletDream+1"],"picked":"EternalNight+1","floor":38},{"not_picked":["ScarletDevilSign+1","VampireKiss+1","Stigmanizer"],"picked":"SKIP","floor":38},{"not_picked":["EndlessAdversity","BlasphemousPunishment"],"picked":"HellCatastrophe","floor":39},{"not_picked":["ScarletImprint+1","ScarletDevil+1","Septette"],"picked":"SKIP","floor":39},{"not_picked":["MastersStateliness","FavorOfDestiny+1"],"picked":"VampireSweep","floor":40},{"not_picked":["StarOfDavid+1","FavorOfDestiny+1"],"picked":"BlasphemousPunishment+1","floor":41},{"not_picked":["VampireFantasy","LeisurelyOfLord"],"picked":"ScarletGensokyo+1","floor":41},{"not_picked":["Specialist","Finesse"],"picked":"ReplayTheSpireMod:Necrogeddon","floor":42},{"not_picked":["Impatience","Forethought"],"picked":"Panache","floor":42},{"not_picked":["RedNightlessCastle","BloodHunter","MastersStateliness+1"],"picked":"SKIP","floor":44},{"not_picked":["Stigmanizer","ScarletImprint"],"picked":"BadLadyScramble+1","floor":45},{"not_picked":["ScarletDevil+1","StarOfDavid+1","FavorOfDestiny"],"picked":"SKIP","floor":45},{"not_picked":["ScarletDevil+1","VampireKiss","BlasphemousPunishment+1"],"picked":"SKIP","floor":47},{"not_picked":["ScarletDevilSign+1","Septette","AfternoonTea"],"picked":"SKIP","floor":47},{"not_picked":["ScarletDream+1","NightDance+1"],"picked":"ScarletCoffin","floor":48},{"not_picked":["NightLord","ScarletDevil+1"],"picked":"LeisurelyOfLord+1","floor":54}],"player_experience":118991,"relics_obtained":[{"floor":9,"key":"AT_ForceNature"},{"floor":11,"key":"Prayer Wheel"},{"floor":13,"key":"Anchor"},{"floor":22,"key":"Simple Rune"},{"floor":23,"key":"AT_ChloranthyRing"},{"floor":26,"key":"Lizard Tail"},{"floor":31,"key":"Chameleon Ring"},{"floor":40,"key":"AT_Kusabimaru"},{"floor":44,"key":"AT_TheCollector"},{"floor":48,"key":"AT_SpeedBoots"},{"floor":54,"key":"Onion Ring"}],"event_choices":[{"damage_healed":0,"gold_gain":0,"player_choice":"Trade","damage_taken":0,"relics_obtained":["CultistMask"],"max_hp_gain":0,"max_hp_loss":0,"event_name":"FaceTrader","floor":2,"gold_loss":0},{"damage_healed":0,"gold_gain":0,"cards_transformed":["Strike_RM"],"player_choice":"Transformed","damage_taken":0,"max_hp_gain":0,"max_hp_loss":0,"event_name":"Transmorgrifier","floor":19,"gold_loss":0,"cards_obtained":["BloodRain"]},{"damage_healed":0,"gold_gain":0,"player_choice":"Bought 1 Potion","damage_taken":0,"max_hp_gain":0,"max_hp_loss":0,"event_name":"The Woman in Blue","floor":24,"gold_loss":0},{"damage_healed":0,"gold_gain":0,"player_choice":"Ignored","damage_taken":0,"max_hp_gain":0,"max_hp_loss":0,"event_name":"Tomb of Lord Red Mask","floor":37,"gold_loss":0},{"damage_healed":0,"gold_gain":0,"player_choice":"Memory 3","damage_taken":10,"max_hp_gain":0,"max_hp_loss":0,"event_name":"SensoryStone","floor":42,"gold_loss":0}],"is_beta":false,"boss_relics":[{"not_picked":["Pandora\u0027s Box","Painkiller Herb"],"picked":"ChewingGum"},{"not_picked":["Sozu","Replay:Bronze Core"],"picked":"APieceOfRedMist"}],"items_purged_floors":[],"is_endless":false,"potions_floor_spawned":[3,6,21,22,29,31,38,44,47],"ascension_level":6}}