{"host":"wwo1kwxjf4eyz37q","time":1609557581,"event":{"mods":["AchievementEnabler","BaseMod","Colored Map","Minty Spire (QoL Compilation)","Quick Restart","SuperFastMode"],"gold_per_floor":[111,130,143,68,86,118,118,132,132,132,132,132,132,149,149,221,221,234,269,169,169,219,219,219,219],"floor_reached":24,"playtime":1369,"items_purged":["Strike_R","Parasite"],"score":349,"play_id":"e55c514b-dd2a-483c-8ac8-067ebb947756","local_time":"20210102121941","is_ascension_mode":true,"campfire_choices":[{"data":"Bash","floor":7.0,"key":"SMITH"},{"data":"Armaments","floor":10.0,"key":"SMITH"},{"data":"Clothesline","floor":15.0,"key":"SMITH"},{"floor":23,"key":"REST"}],"circlet_count":0,"master_deck":["AscendersBane","Strike_R","Strike_R","Strike_R","Defend_R","Defend_R","Defend_R","Defend_R","Bash+1","Barricade","Clothesline+1","Sword Boomerang","Armaments+1","Demon Form","Twin Strike","Pummel+1","RitualDagger"],"relics":["Burning Blood","Pocketwatch","Blood Vial","Cursed Key","Red Mask"],"acts_visited":["Exordium","TheCity"],"potions_floor_usage":[19],"damage_taken":[{"damage":1.0,"enemies":"Cultist","floor":1.0,"turns":4.0},{"damage":8.0,"enemies":"Small Slimes","floor":2.0,"turns":4.0},{"damage":12.0,"enemies":"2 Louse","floor":3.0,"turns":4.0},{"damage":14.0,"enemies":"Looter","floor":5.0,"turns":4.0},{"damage":24.0,"enemies":"Gremlin Nob","floor":6.0,"turns":4.0},{"damage":19.0,"enemies":"3 Louse","floor":8.0,"turns":5.0},{"damage":8.0,"enemies":"Exordium Wildlife","floor":14.0,"turns":5.0},{"damage":4.0,"enemies":"The Guardian","floor":16.0,"turns":14.0},{"damage":7.0,"enemies":"Chosen","floor":18.0,"turns":4.0},{"damage":63,"enemies":"Masked Bandits","floor":19,"turns":5},{"damage":21,"enemies":"Slavers","floor":24,"turns":2}],"seed_played":"4838857723177259824","potions_obtained":[{"floor":3.0,"key":"CultistPotion"},{"floor":5.0,"key":"Fruit Juice"},{"floor":6.0,"key":"Swift Potion"},{"floor":14.0,"key":"DistilledChaos"},{"floor":19,"key":"ElixirPotion"}],"is_trial":false,"path_per_floor":["M","M","M","$","M","E","R","M","T","R","?","?","?","M","R","B",null,"M","?","$","?","?","R","E"],"character_chosen":"IRONCLAD","items_purchased":[],"campfire_rested":1,"item_purchase_floors":[],"current_hp_per_floor":[55,53,47,47,44,26,26,13,13,13,13,13,33,33,33,37,69,70,15,15,9,9,32,13,13],"gold":219,"neow_bonus":"THREE_RARE_CARDS","is_daily":false,"chose_seed":false,"campfire_upgraded":3,"win_rate":0.0,"timestamp":1609557581,"path_taken":["M","M","?","$","?","E","R","M","T","R","?","?","?","M","R","BOSS","M","?","$","?","?","R","E"],"items_purchased_type":[],"build_version":"2020-12-22","purchased_purges":2,"victory":false,"max_hp_per_floor":[75,75,75,75,80,80,80,80,80,80,80,80,80,80,80,80,80,80,80,77,77,77,77,77,77],"card_choices":[{"not_picked":["Juggernaut","Double Tap"],"picked":"Barricade","floor":0.0},{"not_picked":["Headbutt","Clash"],"picked":"Clothesline","floor":1.0},{"not_picked":["Thunderclap","Headbutt","Havoc"],"picked":"SKIP","floor":2.0},{"not_picked":["Wild Strike","Clothesline","Headbutt"],"picked":"SKIP","floor":3.0},{"not_picked":["Body Slam","Clash"],"picked":"Sword Boomerang","floor":5.0},{"not_picked":["Anger","Juggernaut","Iron Wave"],"picked":"SKIP","floor":6.0},{"not_picked":["Pommel Strike","Clash"],"picked":"Armaments","floor":8.0},{"not_picked":["Searing Blow","Pummel","Pommel Strike"],"picked":"SKIP","floor":14.0},{"not_picked":["Corruption","Juggernaut"],"picked":"Demon Form","floor":16.0},{"not_picked":["Perfected Strike","Inflame"],"picked":"Twin Strike","floor":18.0},{"not_picked":["Searing Blow","Infernal Blade"],"picked":"Pummel+1","floor":19}],"player_experience":165982,"relics_obtained":[{"floor":6.0,"key":"Pocketwatch"},{"floor":9.0,"key":"Blood Vial"},{"floor":19,"key":"Red Mask"}],"event_choices":[{"cards_removed":["Strike_R"],"damage_healed":0.0,"max_hp_gain":0.0,"max_hp_loss":0.0,"gold_gain":0.0,"event_name":"Living Wall","player_choice":"Forget","floor":11.0,"gold_loss":0.0,"damage_taken":0.0},{"damage_healed":0.0,"max_hp_gain":0.0,"max_hp_loss":0.0,"gold_gain":0.0,"event_name":"Scrap Ooze","player_choice":"Fled","floor":12.0,"gold_loss":0.0,"damage_taken":0.0},{"damage_healed":20.0,"max_hp_gain":0.0,"max_hp_loss":0.0,"gold_gain":0.0,"event_name":"Mushrooms","player_choice":"Healed and dodged fight","floor":13.0,"gold_loss":0.0,"damage_taken":0.0,"cards_obtained":["Parasite"]},{"damage_healed":0,"gold_gain":0,"player_choice":"Fought Bandits","damage_taken":0,"max_hp_gain":0,"max_hp_loss":0,"event_name":"Masked Bandits","floor":19,"gold_loss":0},{"damage_healed":0,"gold_gain":0,"player_choice":"Joined the Cult","damage_taken":6,"max_hp_gain":0,"max_hp_loss":0,"event_name":"Nest","floor":21,"gold_loss":0,"cards_obtained":["RitualDagger"]},{"damage_healed":0,"gold_gain":100,"player_choice":"Bet on Murderer","damage_taken":0,"max_hp_gain":0,"max_hp_loss":0,"event_name":"The Joust","floor":22,"gold_loss":50}],"is_beta":false,"boss_relics":[{"not_picked":["Tiny House","Black Star"],"picked":"Cursed Key"}],"items_purged_floors":[4,20],"is_endless":false,"potions_floor_spawned":[3,5,6,14,19],"killed_by":"Slavers","ascension_level":16}}