{"host":"9sqwgc7o3s0c6ttp","time":1609575547,"event":{"mods":["AchievementEnabler","Act Like it!","Arknights The Spire","Aspiration","BaseMod","CapriCore","Colored Map","Colored Powertips","Dota2Spire","Friendly Minions","Gensokyo","GungeonMod","HololiveMod","Infinite Spire","Minty Spire (QoL Compilation)","Pale of the Ancients","Replay The Spire","StSLib","Waifu the Spire","WarShipGirlsR/??á´Ò³R mod"],"gold_per_floor":[110,110,185,209,209,209,250,264,287,311,332,372,372,391,391,522,522,546,546,546,546,559,593,593,635,659,659,659],"floor_reached":27,"playtime":944,"items_purged":["ats:Strike S"],"score":323,"play_id":"6a7474f5-100e-4353-92ed-6633209bec55","local_time":"20210102171907","is_ascension_mode":true,"campfire_choices":[{"data":"ats:Blood Oath","floor":6,"key":"SMITH"},{"floor":13,"key":"REST"},{"data":"ats:True Silver Slash","floor":15,"key":"SMITH"},{"data":"ats:Dogmatic Field","floor":24,"key":"SMITH"}],"circlet_count":0,"master_deck":["ats:Strike C+1","ats:Strike G","ats:Strike V","ats:Armor Crushing Shot+1","ats:Defend","ats:Defend","ats:Thermite Blade+1","ats:Blood Oath+1","ats:Composite Medical Shells","ats:True Silver Slash+1","ats:Demon Strength","ats:Leaping Hammer","ats:Revitalization","ats:Blood Oath","ats:Dogmatic Field+1","ats:Cat Scratch","Terror","ReplayTheSpireMod:The Works","Crippling Poison","ats:Thorns+1","ats:Calcification","ats:Soul Absorption"],"relics":["ats:Sanity","NeowsBlessing","Golden Idol","ats:Originium","Whetstone","ReplayFunnel","Art of War","aspiration:RunicSpoon","ats:Omniscience","Gremlin Horn","Dota2Spire:Desolator","Hololive_LightStick","Lantern","Replay:Rubber Ducky"],"acts_visited":["Exordium","Gensokyo:Gensokyoer"],"potions_floor_usage":[16,16,16,25,25,25],"damage_taken":[{"damage":0,"enemies":"Jaw Worm","floor":1,"turns":1},{"damage":0,"enemies":"Small Slimes","floor":4,"turns":1},{"damage":0,"enemies":"3 Sentries","floor":7,"turns":1},{"damage":3,"enemies":"2 Louse","floor":8,"turns":2},{"damage":11,"enemies":"Looter","floor":10,"turns":3},{"damage":12,"enemies":"Exordium Thugs","floor":11,"turns":4},{"damage":31,"enemies":"Lagavulin","floor":12,"turns":6},{"damage":0,"enemies":"Large Slime","floor":14,"turns":4},{"damage":84,"enemies":"Fading Forest","floor":16,"turns":11},{"damage":13,"enemies":"Gensokyo:Chomper","floor":18,"turns":3},{"damage":10,"enemies":"Gensokyo:AngelMirror","floor":22,"turns":3},{"damage":9,"enemies":"Gensokyo:Reisen","floor":23,"turns":5},{"damage":49,"enemies":"Gensokyo:Tenshi","floor":25,"turns":5},{"damage":60,"enemies":"Gensokyo:3_Gloops","floor":27,"turns":5}],"seed_played":"1082983124783944841","potions_obtained":[{"floor":10,"key":"Dota2Spire:HealingSalve"},{"floor":11,"key":"SpeedPotion"},{"floor":14,"key":"Weak Potion"},{"floor":16,"key":"Dexterity Potion"},{"floor":22,"key":"Adrenaline Potion"},{"floor":23,"key":"DemoMod:LeadSkinPotion"}],"is_trial":false,"path_per_floor":["M","?","?","M","?","R","E","M","T","M","M","E","R","M","R","B",null,"M","AVR","?","T","M","E","R","E","T","M"],"character_chosen":"DOCTOR_CLASS","items_purchased":[],"campfire_rested":1,"item_purchase_floors":[],"current_hp_per_floor":[72,54,54,54,54,54,54,51,51,45,38,12,33,41,41,3,72,62,62,62,62,57,62,62,23,23,0,0],"gold":659,"neow_bonus":"THREE_ENEMY_KILL","is_daily":false,"chose_seed":false,"campfire_upgraded":3,"win_rate":0.0,"timestamp":1609575547,"path_taken":["M","?","?","M","?","R","E","M","T","M","M","E","R","M","R","BOSS","M","AVR","?","?","M","E","R","E","T","M"],"items_purchased_type":[],"build_version":"2020-12-22","purchased_purges":1,"victory":false,"max_hp_per_floor":[72,72,72,72,72,72,72,72,72,72,72,72,72,72,72,72,72,72,72,72,72,72,72,72,72,72,72,72],"card_choices":[{"not_picked":["ats:Curse Doll","ats:Closed Bolt Burst Fire"],"picked":"ats:Thermite Blade","floor":1},{"not_picked":["ats:Directed Diagnosis","ats:Guardian Obelisk"],"picked":"ats:Blood Oath","floor":4},{"not_picked":["ats:Neurotoxin","ats:Sword Rain"],"picked":"ats:Composite Medical Shells","floor":7},{"not_picked":["ats:Ignite","ats:LN2 Cannon"],"picked":"ats:True Silver Slash","floor":8},{"not_picked":["ats:Cat Scratch","ats:Spore Proliferation"],"picked":"ats:Demon Strength","floor":10},{"not_picked":["ats:Ignite","ats:Explosion Area Strengthen"],"picked":"ats:Leaping Hammer","floor":11},{"not_picked":["ats:Ignite","ats:Rat Pack"],"picked":"ats:Revitalization","floor":12},{"not_picked":["ats:Closed Bolt Burst Fire","ats:Leaping Hammer"],"picked":"ats:Blood Oath","floor":14},{"not_picked":["ats:True Silver Slash","ats:Rat Pack"],"picked":"ats:Dogmatic Field","floor":16},{"not_picked":["ats:Childhood Dance+1","ats:Apocalypse"],"picked":"ats:Cat Scratch","floor":18},{"not_picked":["ats:Guardian Obelisk+1","ats:Powerful Strike"],"picked":"ats:Thorns+1","floor":22},{"not_picked":["ats:Wolf Pack","ats:Leaping Hammer"],"picked":"ats:Calcification","floor":23},{"not_picked":["ats:Thorns","ats:Cat Scratch+1"],"picked":"ats:Soul Absorption","floor":25}],"player_experience":348443,"relics_obtained":[{"floor":7,"key":"ats:Originium"},{"floor":7,"key":"Whetstone"},{"floor":9,"key":"ReplayFunnel"},{"floor":12,"key":"ats:Originium"},{"floor":12,"key":"Art of War"},{"floor":21,"key":"Dota2Spire:Desolator"},{"floor":23,"key":"ats:Originium"},{"floor":23,"key":"Hololive_LightStick"},{"floor":25,"key":"Lantern"},{"floor":26,"key":"Replay:Rubber Ducky"}],"event_choices":[{"damage_healed":0,"gold_gain":0,"player_choice":"Take Damage","damage_taken":18,"relics_obtained":["Golden Idol"],"max_hp_gain":0,"max_hp_loss":0,"event_name":"Golden Idol","floor":2,"gold_loss":0},{"damage_healed":0,"gold_gain":75,"player_choice":"Gained Gold","damage_taken":0,"max_hp_gain":0,"max_hp_loss":0,"event_name":"Golden Wing","floor":3,"gold_loss":0}],"is_beta":false,"boss_relics":[{"not_picked":["ReplayTheSpireMod:SealedPack","Velvet Choker"],"picked":"aspiration:RunicSpoon"}],"items_purged_floors":[19],"is_endless":false,"potions_floor_spawned":[10,11,14,16,22,23],"killed_by":"Gensokyo:3_Gloops","ascension_level":3}}