{"host":"0ydzwspkajt4brzd","time":1609563994,"event":{"mods":["AchievementEnabler","BaseMod","Colored Map","DeckTracker","Googly Eyes","Highlight Path","Minty Spire (QoL Compilation)","Quick Restart","Random Character Button","Rare Cards Sparkle"],"gold_per_floor":[115,126,143,162,162,162,162],"floor_reached":6,"playtime":300,"items_purged":[],"score":59,"play_id":"ed43b2f9-c28d-4423-bf7b-ede675b9f7c0","local_time":"20210101210634","is_ascension_mode":true,"campfire_choices":[],"circlet_count":0,"master_deck":["AscendersBane","Strike_R","Strike_R","Strike_R","Strike_R","Strike_R","Defend_R","Defend_R","Defend_R","Defend_R","Bash","Barricade","Hemokinesis","Uppercut","Shockwave"],"relics":["Burning Blood","Golden Idol"],"acts_visited":["Exordium"],"potions_floor_usage":[],"damage_taken":[{"damage":6,"enemies":"Cultist","floor":1,"turns":3},{"damage":12,"enemies":"2 Louse","floor":2,"turns":4},{"damage":6,"enemies":"Jaw Worm","floor":3,"turns":3},{"damage":12,"enemies":"Looter","floor":4,"turns":3},{"damage":42,"enemies":"Lagavulin","floor":6,"turns":8}],"seed_played":"-5885656740274081490","potions_obtained":[{"floor":1,"key":"SneckoOil"},{"floor":3,"key":"Block Potion"}],"is_trial":false,"path_per_floor":["M","M","M","M","?","E"],"character_chosen":"IRONCLAD","items_purchased":[],"campfire_rested":0,"item_purchase_floors":[],"current_hp_per_floor":[51,45,45,39,39,0,0],"gold":162,"neow_bonus":"THREE_RARE_CARDS","is_daily":false,"chose_seed":false,"campfire_upgraded":0,"win_rate":0.0,"timestamp":1609563994,"path_taken":["M","M","M","M","?","E"],"items_purchased_type":[],"build_version":"2020-12-22","purchased_purges":0,"victory":false,"max_hp_per_floor":[80,80,80,80,74,74,74],"card_choices":[{"not_picked":["Brutality","Exhume"],"picked":"Barricade","floor":0},{"not_picked":["Body Slam","Spot Weakness"],"picked":"Hemokinesis","floor":1},{"not_picked":["Flame Barrier","Disarm"],"picked":"Uppercut","floor":2},{"not_picked":["Blood for Blood","Warcry"],"picked":"Shockwave","floor":3},{"not_picked":["Perfected Strike","Uppercut","Armaments"],"picked":"SKIP","floor":4}],"player_experience":420202,"relics_obtained":[],"event_choices":[{"damage_healed":0,"gold_gain":0,"player_choice":"Lose Max HP","damage_taken":0,"relics_obtained":["Golden Idol"],"max_hp_gain":0,"max_hp_loss":6,"event_name":"Golden Idol","floor":5,"gold_loss":0}],"is_beta":false,"boss_relics":[],"items_purged_floors":[],"is_endless":false,"potions_floor_spawned":[1,3],"killed_by":"Lagavulin","ascension_level":11}}