{"host":"37dk0reb6x0du8wx","time":1609587628,"event":{"mods":["BaseMod","Colored Map","DeckTracker","Minty Spire (QoL Compilation)","Quick Restart","StSLib","The Dragon Tamer"],"gold_per_floor":[118,118,68,84,97,97,97,110,110,141,141,181,51,74,74,205,205,221,28,127,2,2,2,2],"floor_reached":23,"playtime":660,"items_purged":["Strike_B","Strike_B","Amplify"],"score":206,"play_id":"67339f26-fbcd-47c3-a52d-c165e8f637ba","local_time":"20210102204028","is_ascension_mode":true,"campfire_choices":[{"data":"Zap","floor":6,"key":"SMITH"},{"floor":11,"key":"REST"},{"floor":15,"key":"REST"}],"circlet_count":0,"master_deck":["Defend_B","Defend_B","Defend_B","Defend_B","Zap+1","Dualcast+1","Redo+1","Auto Shields","Consume","Melter","Defragment","Defragment","Leap+1","Writhe"],"relics":["Cracked Core","Smiling Mask","Golden Idol","Kunai","Odd Mushroom","White Beast Statue","Empty Cage","Membership Card","Meat on the Bone","Pen Nib"],"acts_visited":["Exordium","TheCity"],"potions_floor_usage":[8,12,12,18,23,23],"damage_taken":[{"damage":0,"enemies":"2 Louse","floor":1,"turns":2},{"damage":2,"enemies":"Jaw Worm","floor":4,"turns":2},{"damage":0,"enemies":"Small Slimes","floor":5,"turns":3},{"damage":3,"enemies":"Blue Slaver","floor":8,"turns":3},{"damage":3,"enemies":"The Mushroom Lair","floor":10,"turns":5},{"damage":18,"enemies":"Gremlin Nob","floor":12,"turns":4},{"damage":0,"enemies":"Large Slime","floor":14,"turns":4},{"damage":36,"enemies":"Hexaghost","floor":16,"turns":10},{"damage":46,"enemies":"3 Byrds","floor":18,"turns":5},{"damage":60,"enemies":"Book of Stabbing","floor":23,"turns":6}],"seed_played":"5155747355770777832","potions_obtained":[{"floor":1,"key":"PowerPotion"},{"floor":8,"key":"Fruit Juice"},{"floor":10,"key":"SkillPotion"},{"floor":14,"key":"Energy Potion"},{"floor":16,"key":"Regen Potion"},{"floor":18,"key":"AttackPotion"}],"is_trial":false,"path_per_floor":["M","?","$","M","M","R","?","M","T","?","R","E","$","M","R","B",null,"M","$","?","$","?","E"],"character_chosen":"DEFECT","items_purchased":["Defragment","Membership Card","Meat on the Bone"],"campfire_rested":2,"item_purchase_floors":[13,19,21],"current_hp_per_floor":[75,60,60,58,58,58,40,42,42,39,63,45,45,45,69,33,80,43,43,43,43,43,0,0],"gold":2,"neow_bonus":"RANDOM_COMMON_RELIC","is_daily":false,"chose_seed":false,"campfire_upgraded":1,"win_rate":0.0,"timestamp":1609587628,"path_taken":["M","?","$","M","M","R","?","M","T","?","R","E","?","M","R","BOSS","M","$","?","$","?","E"],"items_purchased_type":["Card","Relic","Relic"],"build_version":"2020-12-22","purchased_purges":3,"victory":false,"max_hp_per_floor":[75,75,75,75,75,75,75,80,80,80,80,80,80,80,80,80,80,80,80,80,80,80,80,80],"card_choices":[{"not_picked":["Reinforced Body","Hologram"],"picked":"Redo","floor":1},{"not_picked":["Double Energy","Streamline"],"picked":"Auto Shields","floor":4},{"not_picked":["Stack","Compile Driver","Undo"],"picked":"SKIP","floor":5},{"not_picked":["Steam","Skim"],"picked":"Consume","floor":8},{"not_picked":["Ball Lightning","Doom and Gloom"],"picked":"Melter","floor":10},{"not_picked":["Turbo","Recycle"],"picked":"Defragment","floor":12},{"not_picked":["Hologram","Go for the Eyes"],"picked":"Amplify","floor":14},{"not_picked":["Redo","Rebound"],"picked":"Leap+1","floor":18}],"player_experience":117148,"relics_obtained":[{"floor":9,"key":"Kunai"},{"floor":10,"key":"Odd Mushroom"},{"floor":12,"key":"White Beast Statue"}],"event_choices":[{"damage_healed":0,"gold_gain":0,"player_choice":"Entered Light","damage_taken":15,"max_hp_gain":0,"max_hp_loss":0,"event_name":"Shining Light","floor":2,"gold_loss":0,"cards_upgraded":["Dualcast","Redo"]},{"damage_healed":0,"gold_gain":0,"player_choice":"Take Damage","damage_taken":18,"relics_obtained":["Golden Idol"],"max_hp_gain":0,"max_hp_loss":0,"event_name":"Golden Idol","floor":7,"gold_loss":0},{"damage_healed":0,"gold_gain":0,"player_choice":"Fought Mushrooms","damage_taken":0,"max_hp_gain":0,"max_hp_loss":0,"event_name":"Mushrooms","floor":10,"gold_loss":0},{"damage_healed":0,"gold_gain":99,"player_choice":"Stole From Cult","damage_taken":0,"max_hp_gain":0,"max_hp_loss":0,"event_name":"Nest","floor":20,"gold_loss":0},{"damage_healed":0,"gold_gain":0,"player_choice":"Opened","damage_taken":0,"relics_obtained":["Pen Nib"],"max_hp_gain":0,"max_hp_loss":0,"event_name":"The Mausoleum","floor":22,"gold_loss":0,"cards_obtained":["Writhe"]}],"is_beta":false,"boss_relics":[{"not_picked":["Nuclear Battery","Snecko Eye"],"picked":"Empty Cage"}],"items_purged_floors":[3,13,19],"is_endless":false,"potions_floor_spawned":[1,8,10,14,16,18],"killed_by":"Book of Stabbing","ascension_level":2}}