{"host":"kh6fvhxn285ncg0o","time":1609555778,"event":{"mods":["Act Like it!","BaseMod","Colored Map","Friendly Minions","Keyboard Shortcuts","Minty Spire (QoL Compilation)","Quick Restart","Relic Stats","StSLib","SuperFastMode"],"gold_per_floor":[215,215,226,238,257,257,288,288,366,366,382,307,334,352,352,423,423,434,349,349,108,158,189,189,189,189],"floor_reached":25,"playtime":623,"items_purged":["Strike_G"],"score":658,"play_id":"f2165b52-862b-4c24-9c7d-34730b0750e9","local_time":"20210102114938","is_ascension_mode":true,"campfire_choices":[{"data":"Noxious Fumes","floor":6.0,"key":"SMITH"},{"data":"Crippling Poison","floor":10.0,"key":"SMITH"},{"floor":15.0,"key":"REST"},{"floor":24,"key":"REST"}],"circlet_count":0,"master_deck":["AscendersBane","Strike_G","Defend_G","Defend_G","Defend_G","Defend_G","Survivor","Neutralize","Quick Slash","PiercingWail","Noxious Fumes+1","Leg Sweep","Crippling Poison+1","Calculated Gamble","Endless Agony+1","Poisoned Stab+1","Underhanded Strike+1","Masterful Stab+1","Footwork","Blur"],"relics":["Ring of the Snake","Ice Cream","Bottled Lightning","Toy Ornithopter","Astrolabe","Vajra","Art of War","Potion Belt"],"acts_visited":["Exordium","TheCity"],"potions_floor_usage":[23,25],"damage_taken":[{"damage":2.0,"enemies":"Jaw Worm","floor":1.0,"turns":4.0},{"damage":1.0,"enemies":"2 Louse","floor":3.0,"turns":3.0},{"damage":0.0,"enemies":"Small Slimes","floor":4.0,"turns":5.0},{"damage":1.0,"enemies":"Looter","floor":5.0,"turns":4.0},{"damage":10.0,"enemies":"3 Sentries","floor":7.0,"turns":7.0},{"damage":5.0,"enemies":"Exordium Wildlife","floor":11.0,"turns":5.0},{"damage":37.0,"enemies":"Gremlin Nob","floor":13.0,"turns":5.0},{"damage":2.0,"enemies":"2 Fungi Beasts","floor":14.0,"turns":4.0},{"damage":23.0,"enemies":"Hexaghost","floor":16.0,"turns":11.0},{"damage":14.0,"enemies":"Shell Parasite","floor":18.0,"turns":8.0},{"damage":35,"enemies":"Book of Stabbing","floor":23,"turns":7},{"damage":44,"enemies":"Slavers","floor":25,"turns":4}],"seed_played":"-7623952361710518074","potions_obtained":[{"floor":3.0,"key":"Explosive Potion"},{"floor":5.0,"key":"SpeedPotion"},{"floor":13.0,"key":"SpeedPotion"},{"floor":16.0,"key":"GamblersBrew"},{"floor":18.0,"key":"Energy Potion"}],"is_trial":false,"path_per_floor":["M","?","M","M","M","R","E","?","T","R","M","?","E","M","R","B",null,"M","?","?","$","?","E","R","E"],"character_chosen":"THE_SILENT","items_purchased":["Art of War"],"campfire_rested":2,"item_purchase_floors":[21],"current_hp_per_floor":[57,62,61,61,60,60,50,50,50,50,45,45,8,6,27,4,54,45,45,45,45,45,15,36,0,0],"gold":189,"neow_bonus":"HUNDRED_GOLD","is_daily":false,"chose_seed":false,"campfire_upgraded":2,"win_rate":0.0,"timestamp":1609555778,"path_taken":["M","?","M","M","M","R","E","?","T","R","M","?","E","M","R","BOSS","M","?","?","$","?","E","R","E"],"items_purchased_type":["Relic"],"build_version":"2020-12-22","purchased_purges":1,"victory":false,"max_hp_per_floor":[66,71,71,71,71,71,71,71,71,71,71,71,71,71,71,71,71,71,71,71,71,71,71,71,71,71],"relic_stats":{"counters":[12,67],"Astrolabe":["Endless Agony","Poisoned Stab","Underhanded Strike"],"Art of War":[3],"obtain_stats":[{"Ice Cream":7,"Potion Belt":23,"Astrolabe":17,"Vajra":19,"Art of War":21,"Bottled Lightning":9,"Toy Ornithopter":13,"Ring of the Snake":0},{"Ice Cream":5,"Potion Belt":11,"Astrolabe":9,"Vajra":10,"Art of War":10,"Bottled Lightning":5,"Toy Ornithopter":7,"Ring of the Snake":0},{"Ice Cream":23,"Potion Belt":63,"Astrolabe":48,"Vajra":56,"Art of War":56,"Bottled Lightning":23,"Toy Ornithopter":33,"Ring of the Snake":0}],"Toy Ornithopter":15,"Ring of the Snake":[24]},"card_choices":[{"not_picked":["Deflect","Acrobatics"],"picked":"Quick Slash","floor":1.0},{"not_picked":["Quick Slash","Heel Hook"],"picked":"PiercingWail","floor":3.0},{"not_picked":["Underhanded Strike","Backstab"],"picked":"Noxious Fumes","floor":4.0},{"not_picked":["Prepared","Eviscerate"],"picked":"Leg Sweep","floor":5.0},{"not_picked":["Backflip","PiercingWail"],"picked":"Crippling Poison","floor":7.0},{"not_picked":["Endless Agony","Acrobatics"],"picked":"Calculated Gamble","floor":13.0},{"not_picked":["Acrobatics","Blade Dance","Slice"],"picked":"SKIP","floor":14.0},{"not_picked":["Quick Slash","Underhanded Strike"],"picked":"Masterful Stab+1","floor":18.0},{"not_picked":["Dagger Spray","Reflex"],"picked":"Blur","floor":23}],"player_experience":3344730,"relics_obtained":[{"floor":7.0,"key":"Ice Cream"},{"floor":9.0,"key":"Bottled Lightning"},{"floor":13.0,"key":"Toy Ornithopter"},{"floor":23,"key":"Potion Belt"}],"event_choices":[{"damage_healed":0.0,"max_hp_gain":5.0,"max_hp_loss":0.0,"gold_gain":0.0,"event_name":"Big Fish","player_choice":"Donut","floor":2.0,"gold_loss":0.0,"damage_taken":0.0},{"damage_healed":0.0,"max_hp_gain":0.0,"max_hp_loss":0.0,"gold_gain":0.0,"event_name":"Liars Game","player_choice":"Ignored","floor":8.0,"gold_loss":0.0,"damage_taken":0.0},{"cards_removed":["Strike_G"],"damage_healed":0.0,"max_hp_gain":0.0,"max_hp_loss":0.0,"gold_gain":0.0,"event_name":"The Cleric","player_choice":"Card Removal","floor":12.0,"gold_loss":75.0,"damage_taken":0.0},{"damage_healed":0.0,"max_hp_gain":0.0,"max_hp_loss":0.0,"gold_gain":0.0,"event_name":"Addict","player_choice":"Obtained Relic","floor":19.0,"gold_loss":85.0,"damage_taken":0.0,"relics_obtained":["Vajra"]},{"damage_healed":0.0,"max_hp_gain":0.0,"max_hp_loss":0.0,"gold_gain":0.0,"event_name":"The Library","player_choice":"Read","floor":20.0,"gold_loss":0.0,"damage_taken":0.0,"cards_obtained":["Footwork"]},{"damage_healed":0.0,"max_hp_gain":0.0,"max_hp_loss":0.0,"gold_gain":50.0,"event_name":"Nest","player_choice":"Stole From Cult","floor":22.0,"gold_loss":0.0,"damage_taken":0.0}],"is_beta":false,"boss_relics":[{"not_picked":["Velvet Choker","Runic Dome"],"picked":"Astrolabe"}],"items_purged_floors":[21],"is_endless":false,"potions_floor_spawned":[3,5,13,16,18],"killed_by":"Slavers","ascension_level":20}}