{"host":"5gc11emcm5chfr5t","time":1609610788,"event":{"mods":["2.2 Compatiblity","AchievementEnabler","BaseMod","Bestiary","Better Note","Colored Map","Colored Powertips","Downfall","Googly Eyes","Minty Spire (QoL Compilation)","Rare Cards Sparkle","StSLib"],"gold_per_floor":[99,99,99,99,99,99,99,132,117,117,42,42,42,56,66,143,143,68,87,106,66,80,80,80,180,180,105,115,144,144,54,74,74,74],"floor_reached":33,"playtime":1507,"items_purged":[],"score":618,"play_id":"b67c24cc-0a1c-4768-8d96-b4017054752a","local_time":"20210102130628","is_ascension_mode":true,"campfire_choices":[{"floor":1.0,"key":"RECALL"},{"floor":11.0,"key":"REST"},{"data":"sneckomod:MorePower","floor":18,"key":"SMITH"},{"floor":27,"key":"REST"}],"circlet_count":0,"master_deck":["AscendersBane","sneckomod:TailWhip","sneckomod:SnekBite","sneckomod:Unknown","sneckomod:Unknown","sneckomod:SoulRoll","sneckomod:UnknownWeak","sneckomod:SerpentMind","sneckomod:IronFang","sneckomod:ImprovisedAttack","sneckomod:Rotation","sneckomod:WideSting","sneckomod:MorePower+1","sneckomod:TrashToTreasure","sneckomod:MorePower","sneckomod:UnknownEthereal","sneckomod:SoulRoll","sneckomod:UnknownCommonSkill","sneckomod:DefensiveFlair","sneckomod:Unknown3Cost+1","sneckomod:UnknownClassPURPLE","sneckomod:UnknownRareSkill+1","sneckomod:UnknownBlock+1","sneckomod:UnknownClassGUARDIAN","sneckomod:UnknownClassBLUE+1","sneckomod:UnknownVulnerable+1","sneckomod:UnlimitedRolls","expansioncontent:DashGenerateEvil","sneckomod:UnknownRarePower+1","sneckomod:UnknownClassRED+1","sneckomod:UnknownColorless+1","sneckomod:SoulRoll","sneckomod:UnknownRareSkill+1","sneckomod:SlitherStrike","sneckomod:UnknownColorless+1","sneckomod:UnlimitedRolls","sneckomod:CheapStock","sneckomod:UnknownRareSkill+1","sneckomod:SoulRoll"],"relics":["sneckomod:SneckoSoul","downfall:HeartsMalice","downfall:ShatteredFragment","Mummified Hand","Art of War","Ornamental Fan","downfall:HeartBlessingRed","Akabeko","Pandora\u0027s Box","downfall:HeartBlessingGreen","Omamori","Thread and Needle","Pear","Tiny Chest","downfall:HeartBlessingBlue","MealTicket","FaceOfCleric"],"acts_visited":["Exordium","TheCity"],"potions_floor_usage":[16,22,22,29],"damage_taken":[{"damage":0.0,"enemies":"Cultist","floor":2.0,"turns":1.0},{"damage":0.0,"enemies":"2 Louse","floor":3.0,"turns":1.0},{"damage":0.0,"enemies":"Jaw Worm","floor":4.0,"turns":1.0},{"damage":21.0,"enemies":"Lagavulin","floor":8.0,"turns":4.0},{"damage":0.0,"enemies":"downfall:FleeingMerchant","floor":9.0,"turns":4.0},{"damage":0,"enemies":"Large Slime","floor":14,"turns":2},{"damage":16,"enemies":"Gremlin Gang","floor":15,"turns":4},{"damage":14,"enemies":"downfall:Watcher","floor":16,"turns":7},{"damage":27,"enemies":"3 Byrds","floor":19,"turns":5},{"damage":0,"enemies":"Spheric Guardian","floor":20,"turns":3},{"damage":3,"enemies":"downfall:FleeingMerchant","floor":21,"turns":4},{"damage":53,"enemies":"Cultist and Chosen","floor":22,"turns":7},{"damage":3,"enemies":"Colosseum Nobs","floor":25,"turns":2},{"damage":23,"enemies":"Snecko","floor":28,"turns":5},{"damage":43,"enemies":"Slavers","floor":29,"turns":4},{"damage":10,"enemies":"Sentry and Sphere","floor":32,"turns":4},{"damage":14,"enemies":"downfall:Silent","floor":33,"turns":1}],"seed_played":"4302897781558509755","potions_obtained":[{"floor":8.0,"key":"SpeedPotion"},{"floor":13.0,"key":"Fruit Juice"},{"floor":13.0,"key":"CultistPotion"},{"floor":15,"key":"SteroidPotion"},{"floor":19,"key":"Guardian:BlockOnCardUsePotion"},{"floor":28,"key":"Swift Potion"}],"is_trial":false,"path_per_floor":["R","M","M","M","?","?","T","E","$","?","R","T","?","M","M","B",null,"R","M","M","$","M","?","T","?","T","R","M","E","?","$","M","B"],"character_chosen":"THE_SNECKO","items_purchased":["expansioncontent:DashGenerateEvil","Omamori","sneckomod:CheapStock"],"campfire_rested":2,"item_purchase_floors":[21,21,31],"current_hp_per_floor":[75,75,76,76,55,83,83,66,66,55,80,80,85,85,71,57,83,83,58,61,60,9,9,9,24,24,67,45,3,3,18,10,0,0],"gold":74,"neow_bonus":"THREE_ENEMY_KILL","is_daily":false,"chose_seed":false,"campfire_upgraded":1,"win_rate":0.0,"timestamp":1609610788,"path_taken":["R","M","M","M","?","?","T","E","$","?","R","?","?","?","M","BOSS","R","M","M","$","M","?","T","?","?","R","?","E","?","$","M","BOSS"],"items_purchased_type":["Card","Relic","Card"],"build_version":"2020-12-22","purchased_purges":0,"victory":false,"max_hp_per_floor":[83,83,84,84,84,84,84,84,84,84,84,84,89,89,89,89,91,91,93,96,98,100,100,100,111,111,121,122,123,123,123,125,125,125],"card_choices":[{"not_picked":["sneckomod:UnknownClassTHE_CHAMP_GRAY","sneckomod:RainOfDice"],"picked":"sneckomod:SoulRoll","floor":2.0},{"not_picked":["sneckomod:DiceCrush","sneckomod:UnknownCommonSkill"],"picked":"sneckomod:UnknownWeak","floor":3.0},{"not_picked":["sneckomod:UnknownClassGUARDIAN","sneckomod:UnknownBlock"],"picked":"sneckomod:SerpentMind","floor":4.0},{"not_picked":["sneckomod:UnknownClassRED","sneckomod:SoulCleanse"],"picked":"sneckomod:IronFang","floor":8.0},{"not_picked":["sneckomod:UnknownClassPURPLE","sneckomod:DiceCrush"],"picked":"sneckomod:ImprovisedAttack","floor":9.0},{"not_picked":["sneckomod:UnknownCommonSkill","sneckomod:UnknownBlock"],"picked":"sneckomod:Rotation","floor":14},{"not_picked":["sneckomod:UnknownDexterity","sneckomod:UnknownVulnerable"],"picked":"sneckomod:WideSting","floor":15},{"not_picked":["sneckomod:DangerNoodle","sneckomod:UnlimitedRolls"],"picked":"sneckomod:MorePower","floor":16},{"not_picked":["sneckomod:UnknownClassRED+1","sneckomod:UnknownX+1"],"picked":"sneckomod:Unknown3Cost+1","floor":19},{"not_picked":["sneckomod:DiceBoulder","sneckomod:UnknownVulnerable"],"picked":"sneckomod:UnknownClassPURPLE","floor":19},{"not_picked":["sneckomod:UnknownDexterity+1","sneckomod:UnknownEthereal+1"],"picked":"sneckomod:UnknownRareSkill+1","floor":20},{"not_picked":["sneckomod:UnknownClassHEXA_GHOST_PURPLE+1","sneckomod:UnknownClassSLIMEBOUND+1"],"picked":"sneckomod:UnknownBlock+1","floor":20},{"not_picked":["sneckomod:UnknownCommonAttack","sneckomod:UnknownVulnerable"],"picked":"sneckomod:UnknownClassGUARDIAN","floor":20},{"not_picked":["sneckomod:UnknownClassHEXA_GHOST_PURPLE+1","sneckomod:UnknownClassGUARDIAN+1"],"picked":"sneckomod:UnknownClassBLUE+1","floor":21},{"not_picked":["sneckomod:UnknownUncommonSkill+1","sneckomod:UnknownClassTHE_CHAMP_GRAY+1"],"picked":"sneckomod:UnknownVulnerable+1","floor":21},{"not_picked":["sneckomod:TrashToTreasure+1","sneckomod:UnknownCommonAttack"],"picked":"sneckomod:UnlimitedRolls","floor":21},{"not_picked":["sneckomod:UnknownVulnerable+1","sneckomod:UnknownStrike+1"],"picked":"sneckomod:UnknownRarePower+1","floor":22},{"not_picked":["sneckomod:UnknownBlock+1","sneckomod:UnknownCommonSkill+1"],"picked":"sneckomod:UnknownClassRED+1","floor":22},{"not_picked":["sneckomod:Transmogrify","sneckomod:UnknownClassSLIMEBOUND","sneckomod:UnknownStrike"],"picked":"SKIP","floor":22},{"not_picked":["sneckomod:Unknown1Cost+1","sneckomod:UnknownCommonAttack+1"],"picked":"sneckomod:UnknownColorless+1","floor":25},{"not_picked":["sneckomod:DiceCrush","sneckomod:UnknownCommonAttack"],"picked":"sneckomod:SoulRoll","floor":25},{"not_picked":["sneckomod:UnknownExhaust+1","sneckomod:UnknownClassRED+1"],"picked":"sneckomod:UnknownRareSkill+1","floor":28},{"not_picked":["sneckomod:DiceBlock","sneckomod:UnknownWeak"],"picked":"sneckomod:SlitherStrike","floor":28},{"not_picked":["sneckomod:Unknown2Cost+1","sneckomod:UnknownStrength+1"],"picked":"sneckomod:UnknownColorless+1","floor":29},{"not_picked":["sneckomod:IronFang","sneckomod:Nope"],"picked":"sneckomod:UnlimitedRolls","floor":29},{"not_picked":["sneckomod:UnknownExhaust+1","sneckomod:UnknownClassBLUE+1","sneckomod:UnknownX+1"],"picked":"SKIP","floor":29},{"not_picked":["sneckomod:UnknownWeak+1","sneckomod:UnknownClassGREEN+1"],"picked":"sneckomod:UnknownRareSkill+1","floor":32},{"not_picked":["sneckomod:UnknownBlock","sneckomod:UnknownUncommonSkill"],"picked":"sneckomod:SoulRoll","floor":32}],"player_experience":520214,"relics_obtained":[{"floor":7.0,"key":"Mummified Hand"},{"floor":8.0,"key":"Art of War"},{"floor":12.0,"key":"Akabeko"},{"floor":25,"key":"Thread and Needle"},{"floor":25,"key":"Pear"},{"floor":26,"key":"Tiny Chest"},{"floor":29,"key":"MealTicket"}],"event_choices":[{"damage_healed":28.0,"max_hp_gain":0.0,"max_hp_loss":0.0,"gold_gain":0.0,"event_name":"Big Fish","player_choice":"Banana","floor":6.0,"gold_loss":0.0,"damage_taken":0.0},{"damage_healed":0.0,"max_hp_gain":0.0,"max_hp_loss":0.0,"gold_gain":0.0,"event_name":"Scrap Ooze","player_choice":"Success","floor":10.0,"gold_loss":0.0,"damage_taken":11.0,"relics_obtained":["Ornamental Fan"]},{"damage_healed":0.0,"max_hp_gain":0.0,"max_hp_loss":0.0,"gold_gain":0.0,"event_name":"Lab","player_choice":"Got Potions","floor":13.0,"gold_loss":0.0,"damage_taken":0.0},{"damage_healed":0,"gold_gain":0,"player_choice":"Trade","damage_taken":0,"relics_obtained":["FaceOfCleric"],"max_hp_gain":0,"max_hp_loss":0,"event_name":"FaceTrader","floor":30,"gold_loss":0}],"is_beta":false,"boss_relics":[{"not_picked":["Busted Crown","Runic Dome"],"picked":"Pandora\u0027s Box"}],"items_purged_floors":[],"is_endless":false,"potions_floor_spawned":[8,15,19,28],"killed_by":"downfall:Silent","ascension_level":20}}