{"host":"uv231blk40vjdojr","time":1609595156,"event":{"mods":["BaseMod","Minty Spire (QoL Compilation)","Relic Stats"],"gold_per_floor":[109,127,140,140,158,158,186,186,186,203,221,221,234,250,250,350,350,340,340,351,351,370,370,399,399,422,446,458,569,38,38,38,38,38],"floor_reached":33,"playtime":1141,"items_purged":[],"score":442,"play_id":"82ed650b-1fc9-41e8-a2a6-db200c826d36","local_time":"20210102144556","is_ascension_mode":true,"campfire_choices":[{"data":"Mayhem","floor":6,"key":"SMITH"},{"floor":8,"key":"REST"},{"floor":15,"key":"REST"},{"floor":23,"key":"REST"},{"data":"Doppelganger","floor":25,"key":"SMITH"},{"data":"Well Laid Plans","floor":32,"key":"SMITH"}],"circlet_count":0,"master_deck":["AscendersBane","Strike_G","Strike_G","Defend_G","Defend_G","Defend_G","Defend_G","Defend_G","Survivor","Neutralize","Mayhem+1","Bane","Footwork","Blade Dance","Dagger Spray","Envenom+1","Adrenaline","Doppelganger+1","Blade Dance+1","Dash","Well Laid Plans+1"],"relics":["Ring of the Snake","Vajra","CaptainsWheel","Sundial","Sozu","Matryoshka","Pear","Bag of Marbles","MawBank","Gremlin Horn","ClockworkSouvenir","Art of War"],"acts_visited":["Exordium","TheCity"],"potions_floor_usage":[5,14,16,24],"damage_taken":[{"damage":8,"enemies":"Small Slimes","floor":1,"turns":6},{"damage":1,"enemies":"Cultist","floor":2,"turns":5},{"damage":5,"enemies":"Jaw Worm","floor":3,"turns":5},{"damage":6,"enemies":"Blue Slaver","floor":5,"turns":5},{"damage":28,"enemies":"Lagavulin","floor":7,"turns":6},{"damage":20,"enemies":"Exordium Thugs","floor":10,"turns":4},{"damage":1,"enemies":"Exordium Wildlife","floor":11,"turns":4},{"damage":6,"enemies":"Looter","floor":13,"turns":3},{"damage":0,"enemies":"Large Slime","floor":14,"turns":5},{"damage":23,"enemies":"The Guardian","floor":16,"turns":9},{"damage":18,"enemies":"2 Thieves","floor":18,"turns":4},{"damage":2,"enemies":"3 Byrds","floor":20,"turns":4},{"damage":3,"enemies":"Snecko","floor":22,"turns":5},{"damage":13,"enemies":"Slavers","floor":24,"turns":4},{"damage":4,"enemies":"Cultist and Chosen","floor":27,"turns":5},{"damage":47,"enemies":"Collector","floor":33,"turns":6}],"seed_played":"8211968442383282939","potions_obtained":[{"floor":2,"key":"FairyPotion"},{"floor":5,"key":"Fruit Juice"},{"floor":7,"key":"SteroidPotion"},{"floor":10,"key":"SkillPotion"},{"floor":13,"key":"EssenceOfSteel"},{"floor":16,"key":"SteroidPotion"}],"is_trial":false,"path_per_floor":["M","M","M","?","M","R","E","R","T","M","M","?","M","M","R","B",null,"M","T","M","?","M","R","E","R","T","M","?","?","$","?","R","B"],"character_chosen":"THE_SILENT","items_purchased":["Gremlin Horn","ClockworkSouvenir","Art of War"],"campfire_rested":3,"item_purchase_floors":[30,30,30],"current_hp_per_floor":[37,36,31,19,18,18,17,39,39,19,18,18,12,12,34,11,59,41,41,39,25,22,46,43,43,43,39,39,39,39,39,39,0,0],"gold":38,"neow_bonus":"RANDOM_COLORLESS_2","is_daily":false,"chose_seed":false,"campfire_upgraded":3,"win_rate":0.0,"timestamp":1609595156,"path_taken":["M","M","M","?","M","R","E","R","T","M","M","?","M","M","R","BOSS","M","?","M","?","M","R","E","R","T","M","?","?","$","?","R","BOSS"],"items_purchased_type":["Relic","Relic","Relic"],"build_version":"2020-12-22","purchased_purges":0,"victory":false,"max_hp_per_floor":[70,70,70,70,75,75,75,75,75,75,75,75,75,75,75,75,75,75,75,75,80,80,80,90,90,90,90,90,90,90,90,90,90,90],"relic_stats":{"Sozu":1,"Gremlin Horn":[2,2],"counters":[16,80],"Sundial":[8],"Art of War":[0],"MawBank":48,"obtain_stats":[{"Sozu":17,"CaptainsWheel":7,"Matryoshka":19,"Pear":24,"Gremlin Horn":30,"Sundial":9,"Vajra":4,"Bag of Marbles":26,"Art of War":30,"MawBank":26,"Ring of the Snake":0,"ClockworkSouvenir":30},{"Sozu":10,"CaptainsWheel":5,"Matryoshka":11,"Pear":14,"Gremlin Horn":15,"Sundial":5,"Vajra":3,"Bag of Marbles":14,"Art of War":15,"MawBank":14,"Ring of the Snake":0,"ClockworkSouvenir":15},{"Sozu":52,"CaptainsWheel":27,"Matryoshka":56,"Pear":69,"Gremlin Horn":74,"Sundial":27,"Vajra":16,"Bag of Marbles":69,"Art of War":74,"MawBank":69,"Ring of the Snake":0,"ClockworkSouvenir":74}],"Ring of the Snake":[32]},"card_choices":[{"not_picked":["The Bomb","Master of Strategy"],"picked":"Mayhem","floor":0},{"not_picked":["Tactician","Underhanded Strike"],"picked":"Bane","floor":1},{"not_picked":["Reflex","PiercingWail"],"picked":"Footwork","floor":2},{"not_picked":["Backstab","Eviscerate"],"picked":"Blade Dance","floor":3},{"not_picked":["Underhanded Strike","Cloak And Dagger","Prepared"],"picked":"SKIP","floor":5},{"not_picked":["Sucker Punch","Masterful Stab"],"picked":"Dagger Spray","floor":7},{"not_picked":["Dash","Flying Knee"],"picked":"Envenom","floor":10},{"not_picked":["Infinite Blades","Eviscerate","Setup"],"picked":"SKIP","floor":11},{"not_picked":["Accuracy","Dagger Spray","PiercingWail"],"picked":"SKIP","floor":13},{"not_picked":["Crippling Poison","Distraction","Infinite Blades"],"picked":"SKIP","floor":14},{"not_picked":["Wraith Form v2","Glass Knife"],"picked":"Adrenaline","floor":16},{"not_picked":["Underhanded Strike","Dagger Spray","Slice"],"picked":"SKIP","floor":18},{"not_picked":["Accuracy","Dagger Throw","Flying Knee"],"picked":"SKIP","floor":20},{"not_picked":["Quick Slash","Deadly Poison","Deflect+1"],"picked":"SKIP","floor":22},{"not_picked":["Deflect","Expertise"],"picked":"Doppelganger","floor":24},{"not_picked":["Riddle With Holes","Dash+1"],"picked":"Blade Dance+1","floor":27}],"player_experience":554153,"relics_obtained":[{"floor":7,"key":"CaptainsWheel"},{"floor":9,"key":"Sundial"},{"floor":19,"key":"Matryoshka"},{"floor":24,"key":"Pear"},{"floor":26,"key":"Bag of Marbles"},{"floor":26,"key":"MawBank"}],"event_choices":[{"damage_healed":0,"gold_gain":0,"player_choice":"Success","damage_taken":12,"relics_obtained":["Vajra"],"max_hp_gain":0,"max_hp_loss":0,"event_name":"Scrap Ooze","floor":4,"gold_loss":0},{"damage_healed":0,"gold_gain":0,"player_choice":"Forge","damage_taken":0,"max_hp_gain":0,"max_hp_loss":0,"event_name":"Accursed Blacksmith","floor":12,"gold_loss":0,"cards_upgraded":["Envenom"]},{"damage_healed":0,"gold_gain":0,"player_choice":"Shed Blood","damage_taken":19,"max_hp_gain":5,"max_hp_loss":0,"event_name":"Forgotten Altar","floor":21,"gold_loss":0},{"damage_healed":0,"gold_gain":0,"cards_transformed":["Strike_G","Strike_G"],"player_choice":"Became Test Subject","damage_taken":0,"max_hp_gain":0,"max_hp_loss":0,"event_name":"Drug Dealer","floor":28,"gold_loss":0,"cards_obtained":["Dash","Well Laid Plans"]},{"damage_healed":0,"gold_gain":99,"player_choice":"Stole From Cult","damage_taken":0,"max_hp_gain":0,"max_hp_loss":0,"event_name":"Nest","floor":29,"gold_loss":0},{"cards_removed":["Strike_G"],"damage_healed":0,"gold_gain":0,"player_choice":"Purged","damage_taken":0,"max_hp_gain":0,"max_hp_loss":0,"event_name":"Purifier","floor":31,"gold_loss":0}],"is_beta":false,"boss_relics":[{"not_picked":["Runic Dome","Pandora\u0027s Box"],"picked":"Sozu"}],"items_purged_floors":[],"is_endless":false,"potions_floor_spawned":[2,5,7,10,13,16,22],"killed_by":"Collector","ascension_level":11}}