{"host":"51qmnr9isyv85d0p","time":1609567052,"event":{"mods":["AchievementEnabler","BaseMod","Colored Map","Colored Powertips","Curses Come First","Downfall","Minty Spire (QoL Compilation)","Red Circlet Mod","Relic Stats","StSLib","TestMod","vexMod"],"gold_per_floor":[99,9999,9191,9209,8155,8167,8167,8184,8217,8217,8231,7375,7388,7408,7428,7528,7528,7528,7546,7646,6927,5847,5872,5895,5910,5910,5927,5063,5081,5081,5107,5117,5212,5212,5212,5229,5328,4517,4532,3983,3983,4001,4326,4251,3918,3968,3996,4012,4012,4012],"floor_reached":51,"playtime":3052,"items_purged":["sneckomod:Defend","sneckomod:Strike","sneckomod:Defend","sneckomod:Strike","sneckomod:Strike","sneckomod:TailWhip","sneckomod:Defend+1"],"score":1225,"play_id":"ab0ecf5d-d3f1-4745-b611-e98a247ea1c7","local_time":"20210102135732","is_ascension_mode":true,"campfire_choices":[{"data":"sneckomod:Restock","floor":1,"key":"SMITH"},{"data":"sneckomod:SerpentIdol","floor":10,"key":"SMITH"},{"data":"sneckomod:UnknownRareAttack","floor":18,"key":"SMITH"},{"data":"sneckomod:SerpentMind","floor":26,"key":"SMITH"},{"data":"sneckomod:UnknownRarePower","floor":30,"key":"SMITH"},{"data":"sneckomod:MorePower","floor":35,"key":"SMITH"},{"data":"sneckomod:DangerNoodle","floor":44,"key":"SMITH"}],"circlet_count":0,"master_deck":["sneckomod:SnekBite","sneckomod:Unknown+2","sneckomod:Unknown","sneckomod:Restock+1","sneckomod:ImprovisedGuard","sneckomod:UnknownUncommonAttack","sneckomod:TrashToTreasure","sneckomod:UnknownRareAttack+1","sneckomod:UnknownUncommonPower+2","Master of Strategy","testmod-SubstituteBySubterfuge","sneckomod:ImprovisedAttack+1","sneckomod:UnknownClassBLUE+2","sneckomod:UnknownUncommonPower","sneckomod:SerpentIdol+1","sneckomod:UnknownUncommonAttack","sneckomod:SoulExchange","sneckomod:Unknown0Cost","sneckomod:DefensiveFlair","sneckomod:UnknownClassRED","sneckomod:UnknownUncommonAttack","sneckomod:DangerNoodle+1","sneckomod:UnknownRareSkill","sneckomod:UnknownClassBLUE","sneckomod:CheapStock","sneckomod:UnknownUncommonPower","sneckomod:UnknownClassRED","sneckomod:UnknownClassTHE_CHAMP_GRAY","sneckomod:TrashToTreasure","sneckomod:UnknownClassRED","sneckomod:SerpentMind+1","sneckomod:UnknownRarePower+1","sneckomod:UnknownEthereal+1","sneckomod:SlitherStrike+1","sneckomod:UnknownClassSLIMEBOUND","sneckomod:UnknownClassGREEN","sneckomod:UnknownVulnerable+1","sneckomod:MorePower+1","sneckomod:SnakeSap+1","sneckomod:UnknownUncommonSkill+1","sneckomod:UnknownRarePower","sneckomod:Unknown0Cost+1","sneckomod:UnknownUncommonPower","sneckomod:UnknownUncommonPower","sneckomod:UnknownRareSkill","sneckomod:UnknownUncommonPower","sneckomod:UnknownRarePower","sneckomod:SerpentIdol+1","sneckomod:UnknownRareSkill+1"],"relics":["sneckomod:SneckoSoul","testmod-TestBox","testmod-CardMagician","vexMod:Dragonfruit","Bottled Lightning","Pen Nib","Toy Ornithopter","champ:Barbells","Guardian:PocketSentry","Strawberry","Happy Flower","testmod-ThousandKnives","Guardian:BottledAnomaly","testmod-StringDisintegrator","downfall:GremlinWheel","Gremlin Horn","Matryoshka","Cauldron","vexMod:HeadHunter","Incense Burner","Orrery","Pear","vexMod:MemoryStick","Regal Pillow","HornCleat","testmod-Charity","vexMod:FocusSash","testmod-NegativeEmotionEnhancer","FossilizedHelix","Orichalcum","vexMod:BarristanHead","Membership Card","Centennial Puzzle","testmod-IndustrialRevolution","Bottled Flame","Old Coin","downfall:HeartBlessingGreen","testmod-LifeArmor","Lantern"],"acts_visited":["Exordium","TheCity","TheBeyond"],"potions_floor_usage":[5,5,9,16,16,16,20,20,21,33,38,40,48,49,49,49,50,50],"damage_taken":[{"damage":1,"enemies":"Jaw Worm","floor":2,"turns":3},{"damage":0,"enemies":"downfall:FleeingMerchant","floor":3,"turns":4},{"damage":0,"enemies":"Cultist","floor":4,"turns":1},{"damage":0,"enemies":"downfall:FleeingMerchant","floor":5,"turns":4},{"damage":0,"enemies":"2 Louse","floor":6,"turns":1},{"damage":0,"enemies":"2 Fungi Beasts","floor":8,"turns":2},{"damage":0,"enemies":"Lagavulin","floor":9,"turns":5},{"damage":0,"enemies":"Gremlin Gang","floor":11,"turns":2},{"damage":0,"enemies":"downfall:FleeingMerchant","floor":12,"turns":4},{"damage":0,"enemies":"Exordium Thugs","floor":13,"turns":1},{"damage":0,"enemies":"Large Slime","floor":14,"turns":1},{"damage":4,"enemies":"Exordium Wildlife","floor":15,"turns":2},{"damage":9,"enemies":"downfall:Silent","floor":16,"turns":4},{"damage":0,"enemies":"Chosen","floor":19,"turns":2},{"damage":0,"enemies":"Chosen","floor":20,"turns":1},{"damage":5,"enemies":"downfall:FleeingMerchant","floor":21,"turns":2},{"damage":15,"enemies":"Slavers","floor":23,"turns":2},{"damage":6,"enemies":"Spheric Guardian","floor":25,"turns":1},{"damage":0,"enemies":"3 Cultists","floor":27,"turns":2},{"damage":0,"enemies":"Snake Plant","floor":29,"turns":1},{"damage":0,"enemies":"Gremlin Leader","floor":31,"turns":2},{"damage":15,"enemies":"Sentry and Sphere","floor":32,"turns":1},{"damage":0,"enemies":"downfall:Ironclad","floor":33,"turns":4},{"damage":0,"enemies":"3 Darklings","floor":36,"turns":2},{"damage":0,"enemies":"3 Shapes","floor":39,"turns":1},{"damage":0,"enemies":"Jaw Worm Horde","floor":42,"turns":1},{"damage":0,"enemies":"Giant Head","floor":43,"turns":2},{"damage":2,"enemies":"Reptomancer","floor":47,"turns":1},{"damage":6,"enemies":"Maw","floor":48,"turns":5},{"damage":0,"enemies":"Writhing Mass","floor":49,"turns":1},{"damage":0,"enemies":"downfall:Watcher","floor":50,"turns":6}],"seed_played":"-3740887791974299114","potions_obtained":[{"floor":2,"key":"Swift Potion"},{"floor":9,"key":"LiquidBronze"},{"floor":16,"key":"EntropicBrew"},{"floor":21,"key":"Fruit Juice"},{"floor":21,"key":"testmod-TimePotion"},{"floor":21,"key":"CultistPotion"},{"floor":36,"key":"sneckomod:DiceRollPotion"},{"floor":48,"key":"FairyPotion"}],"is_trial":false,"path_per_floor":["R","M","$","M","$","M","T","M","E","R","M","$","M","M","M","B",null,"R","M","?","$","$","E","T","M","R","M","$","M","R","E","M","B",null,"R","M","?","$","M","$","T","M","E","R","?","T","E","M","M","B",null],"character_chosen":"THE_SNECKO","items_purchased":["vexMod:Dragonfruit","Energy Potion","Fire Potion","sneckomod:UnknownUncommonAttack","sneckomod:TrashToTreasure","Bottled Lightning","Pen Nib","Toy Ornithopter","champ:Barbells","sneckomod:UnknownUncommonPower","Master of Strategy","testmod-SubstituteBySubterfuge","AttackPotion","EssenceOfSteel","sneckomod:ImprovisedAttack","Happy Flower","testmod-ThousandKnives","Guardian:BottledAnomaly","sneckomod:Unknown0Cost","sneckomod:DefensiveFlair","Gremlin Horn","Matryoshka","Cauldron","sneckomod:UnknownRareSkill","sneckomod:UnknownClassBLUE","sneckomod:CheapStock","vexMod:HeadHunter","Incense Burner","sneckomod:UnknownUncommonPower","sneckomod:UnknownClassRED","Orrery","Regal Pillow","HornCleat","testmod-Charity","sneckomod:SlitherStrike","sneckomod:UnknownClassSLIMEBOUND","Fruit Juice","Weak Potion","FossilizedHelix","Orichalcum","Fruit Juice","vexMod:BarristanHead","Membership Card","Centennial Puzzle","Strength Potion","sneckomod:UnknownUncommonPower"],"campfire_rested":0,"item_purchase_floors":[3,3,3,3,3,3,5,5,5,5,5,5,5,5,5,12,12,12,12,12,21,21,21,21,21,21,22,22,22,22,22,28,28,28,28,28,38,38,38,38,40,40,40,40,40,40],"current_hp_per_floor":[90,89,95,95,97,98,98,99,107,107,108,109,110,111,111,102,111,111,111,111,118,122,128,138,133,133,134,135,140,140,141,142,149,149,149,152,153,158,161,167,167,169,174,174,196,197,200,198,204,205],"gold":4012,"neow_bonus":"ONE_RANDOM_RARE_CARD","is_daily":false,"chose_seed":false,"campfire_upgraded":7,"win_rate":0.0,"timestamp":1609567052,"path_taken":["R","M","$","M","$","M","T","M","E","R","M","$","M","M","M","BOSS","R","M","?","?","$","E","T","?","R","M","$","M","R","E","M","BOSS","R","M","?","$","M","$","T","?","E","R","?","?","E","M","M","BOSS"],"items_purchased_type":["Relic","Potion","Potion","Card","Card","Relic","Relic","Relic","Relic","Card","Card","Card","Potion","Potion","Card","Relic","Relic","Relic","Card","Card","Relic","Relic","Relic","Card","Card","Card","Relic","Relic","Card","Card","Relic","Relic","Relic","Relic","Card","Card","Potion","Potion","Relic","Relic","Potion","Relic","Relic","Relic","Potion","Card"],"build_version":"2020-12-22","purchased_purges":7,"victory":true,"max_hp_per_floor":[90,90,96,96,98,99,99,100,107,107,108,109,110,111,111,111,111,111,111,111,118,122,128,138,139,139,140,141,144,144,145,146,149,149,149,152,153,158,161,167,167,169,174,174,196,197,200,203,204,205],"relic_stats":{"Regal Pillow":0,"Centennial Puzzle":[6],"Happy Flower":[15],"Gremlin Horn":[9,10],"counters":[31,70],"Pen Nib":[22],"Orichalcum":[24],"obtain_stats":[{"vexMod:MemoryStick":24,"Regal Pillow":28,"Lantern":47,"Gremlin Horn":21,"downfall:HeartBlessingGreen":44,"testmod-LifeArmor":46,"Incense Burner":22,"testmod-NegativeEmotionEnhancer":34,"sneckomod:SneckoSoul":0,"testmod-Charity":28,"Old Coin":43,"testmod-StringDisintegrator":17,"Centennial Puzzle":40,"downfall:GremlinWheel":20,"Matryoshka":21,"HornCleat":28,"Strawberry":9,"testmod-ThousandKnives":12,"Guardian:BottledAnomaly":12,"champ:Barbells":5,"testmod-TestBox":0,"Pear":24,"Happy Flower":12,"testmod-CardMagician":0,"vexMod:BerryBomb":23,"Pen Nib":5,"Guardian:PocketSentry":7,"vexMod:FocusSash":31,"Orichalcum":38,"testmod-IndustrialRevolution":41,"vexMod:Dragonfruit":3,"Cauldron":21,"Bottled Flame":41,"vexMod:BarristanHead":40,"vexMod:HeadHunter":22,"Orrery":22,"Bottled Lightning":3,"Membership Card":40,"Toy Ornithopter":5,"FossilizedHelix":38},{"vexMod:MemoryStick":17,"Regal Pillow":19,"Lantern":28,"Gremlin Horn":16,"downfall:HeartBlessingGreen":27,"testmod-LifeArmor":27,"Incense Burner":16,"testmod-NegativeEmotionEnhancer":23,"sneckomod:SneckoSoul":0,"testmod-Charity":19,"Old Coin":27,"testmod-StringDisintegrator":13,"Centennial Puzzle":25,"downfall:GremlinWheel":15,"Matryoshka":16,"HornCleat":19,"Strawberry":7,"testmod-ThousandKnives":9,"Guardian:BottledAnomaly":9,"champ:Barbells":4,"testmod-TestBox":0,"Pear":17,"Happy Flower":9,"testmod-CardMagician":0,"vexMod:BerryBomb":17,"Pen Nib":4,"Guardian:PocketSentry":5,"vexMod:FocusSash":21,"Orichalcum":24,"testmod-IndustrialRevolution":25,"vexMod:Dragonfruit":2,"Cauldron":16,"Bottled Flame":25,"vexMod:BarristanHead":25,"vexMod:HeadHunter":16,"Orrery":16,"Bottled Lightning":2,"Membership Card":25,"Toy Ornithopter":4,"FossilizedHelix":24},{"vexMod:MemoryStick":40,"Regal Pillow":43,"Lantern":58,"Gremlin Horn":38,"downfall:HeartBlessingGreen":57,"testmod-LifeArmor":57,"Incense Burner":38,"testmod-NegativeEmotionEnhancer":51,"sneckomod:SneckoSoul":0,"testmod-Charity":43,"Old Coin":57,"testmod-StringDisintegrator":33,"Centennial Puzzle":54,"downfall:GremlinWheel":36,"Matryoshka":38,"HornCleat":43,"Strawberry":20,"testmod-ThousandKnives":26,"Guardian:BottledAnomaly":26,"champ:Barbells":12,"testmod-TestBox":0,"Pear":40,"Happy Flower":26,"testmod-CardMagician":0,"vexMod:BerryBomb":40,"Pen Nib":12,"Guardian:PocketSentry":13,"vexMod:FocusSash":46,"Orichalcum":53,"testmod-IndustrialRevolution":54,"vexMod:Dragonfruit":7,"Cauldron":38,"Bottled Flame":54,"vexMod:BarristanHead":54,"vexMod:HeadHunter":38,"Orrery":38,"Bottled Lightning":7,"Membership Card":54,"Toy Ornithopter":12,"FossilizedHelix":53}],"Toy Ornithopter":15},"card_choices":[{"not_picked":["sneckomod:Nope","sneckomod:Unknown1Cost","sneckomod:WideSting"],"picked":"SKIP","floor":2},{"not_picked":["sneckomod:DiceCrush","sneckomod:SoulDraw"],"picked":"sneckomod:ImprovisedGuard","floor":3},{"not_picked":["sneckomod:DiceBlock","sneckomod:SoulDraw","sneckomod:UnknownX"],"picked":"SKIP","floor":4},{"not_picked":["sneckomod:SoulDraw","sneckomod:DiceBlock"],"picked":"sneckomod:UnknownRareAttack","floor":5},{"not_picked":["sneckomod:ImprovisedGuard","sneckomod:Unknown2Cost"],"picked":"sneckomod:UnknownClassBLUE","floor":6},{"not_picked":["sneckomod:UnknownX","sneckomod:DiceCrush"],"picked":"sneckomod:UnknownUncommonPower","floor":8},{"not_picked":["sneckomod:SlitherStrike","sneckomod:IronFang"],"picked":"sneckomod:SerpentIdol","floor":9},{"not_picked":["sneckomod:DiceBlock","sneckomod:SoulRoll"],"picked":"sneckomod:UnknownUncommonAttack","floor":11},{"not_picked":["sneckomod:UnknownWeak","sneckomod:UnknownClassSLIMEBOUND"],"picked":"sneckomod:SoulExchange","floor":12},{"not_picked":["sneckomod:UnknownVulnerable","sneckomod:UnknownWeak"],"picked":"sneckomod:UnknownClassRED","floor":13},{"not_picked":["sneckomod:SoulDraw","sneckomod:IronFang"],"picked":"sneckomod:UnknownUncommonAttack","floor":14},{"not_picked":["sneckomod:Unknown1Cost","sneckomod:QuickBite","sneckomod:ImprovisedAttack"],"picked":"SKIP","floor":15},{"not_picked":["sneckomod:UnknownRareSkill","sneckomod:UnknownRareAttack"],"picked":"sneckomod:DangerNoodle","floor":16},{"not_picked":["sneckomod:SoulRoll","sneckomod:UnknownStrike","sneckomod:SerpentIdol"],"picked":"SKIP","floor":19},{"not_picked":["sneckomod:UnknownCommonSkill+1","sneckomod:UnknownCommonAttack","sneckomod:QuickMove"],"picked":"SKIP","floor":21},{"not_picked":["sneckomod:UnknownExhaust","sneckomod:CheapStock"],"picked":"sneckomod:UnknownClassTHE_CHAMP_GRAY","floor":22},{"not_picked":["sneckomod:SoulDraw","sneckomod:SoulRoll+1"],"picked":"sneckomod:TrashToTreasure","floor":22},{"not_picked":["sneckomod:SoulRoll+1","sneckomod:Unknown2Cost"],"picked":"sneckomod:UnknownClassRED","floor":22},{"not_picked":["sneckomod:Unknown3Cost","sneckomod:UnknownRareAttack"],"picked":"sneckomod:SerpentMind","floor":23},{"not_picked":["sneckomod:DiceBlock","sneckomod:WideSting","sneckomod:QuickBite+1"],"picked":"SKIP","floor":23},{"not_picked":["sneckomod:DiceBoulder","sneckomod:SoulRoll"],"picked":"sneckomod:UnknownRarePower","floor":25},{"not_picked":["sneckomod:IronFang","sneckomod:CheapStock"],"picked":"sneckomod:UnknownEthereal+1","floor":27},{"not_picked":["sneckomod:RainOfDice","sneckomod:SoulDraw"],"picked":"sneckomod:UnknownClassGREEN","floor":29},{"not_picked":["sneckomod:Nope","sneckomod:UnknownClassGUARDIAN"],"picked":"sneckomod:UnknownVulnerable+1","floor":29},{"not_picked":["sneckomod:GlitteringGambit","sneckomod:Transmogrify"],"picked":"sneckomod:MorePower","floor":31},{"not_picked":["sneckomod:IronFang","sneckomod:SoulDraw","sneckomod:RainOfDice+1"],"picked":"SKIP","floor":31},{"not_picked":["sneckomod:SoulDraw","sneckomod:DiceBlock"],"picked":"sneckomod:SnakeSap+1","floor":32},{"not_picked":["sneckomod:UnknownVulnerable+1","sneckomod:UnknownClassGUARDIAN+1"],"picked":"sneckomod:UnknownUncommonSkill+1","floor":33},{"not_picked":["sneckomod:DangerNoodle","sneckomod:Cheat"],"picked":"sneckomod:UnknownRarePower","floor":33},{"not_picked":["sneckomod:DiceCrush","sneckomod:RainOfDice+1"],"picked":"sneckomod:Unknown0Cost+1","floor":36},{"not_picked":["sneckomod:WideSting+1","sneckomod:DiceCrush"],"picked":"sneckomod:UnknownUncommonPower","floor":39},{"not_picked":["sneckomod:DefensiveFlair+1","sneckomod:UnknownVulnerable+1","sneckomod:UnknownCommonAttack"],"picked":"SKIP","floor":42},{"not_picked":["sneckomod:MorePower","sneckomod:GlitteringGambit"],"picked":"sneckomod:UnknownRareSkill","floor":43},{"not_picked":["sneckomod:UnknownVulnerable+1","sneckomod:UnknownStrike+1"],"picked":"sneckomod:UnknownUncommonPower","floor":43},{"not_picked":["sneckomod:GlitteringGambit","sneckomod:UnknownRareSkill"],"picked":"sneckomod:UnknownRarePower","floor":47},{"not_picked":["sneckomod:Rotation+1","sneckomod:UnknownUncommonPower"],"picked":"sneckomod:SerpentIdol+1","floor":47},{"not_picked":["sneckomod:UnknownStrike+1","sneckomod:UnknownClassBLUE+1"],"picked":"sneckomod:UnknownRareSkill+1","floor":48},{"not_picked":["sneckomod:MorePower","sneckomod:SoulDraw+1","sneckomod:UnknownWeak+1"],"picked":"SKIP","floor":48}],"player_experience":70502,"relics_obtained":[{"floor":7,"key":"Guardian:PocketSentry"},{"floor":9,"key":"Strawberry"},{"floor":20,"key":"downfall:GremlinWheel"},{"floor":23,"key":"vexMod:BerryBomb"},{"floor":24,"key":"Pear"},{"floor":24,"key":"vexMod:MemoryStick"},{"floor":31,"key":"vexMod:FocusSash"},{"floor":41,"key":"testmod-IndustrialRevolution"},{"floor":41,"key":"Bottled Flame"},{"floor":43,"key":"Old Coin"},{"floor":46,"key":"testmod-LifeArmor"},{"floor":47,"key":"Lantern"}],"event_choices":[],"is_beta":false,"boss_relics":[{"not_picked":["testmod-BloodSacrificeSpiritualization","testmod-EnergyCheck"],"picked":"testmod-StringDisintegrator"},{"not_picked":["vexMod:MysteryBossChallenge","Cursed Key"],"picked":"testmod-NegativeEmotionEnhancer"}],"items_purged_floors":[3,5,12,21,22,28,38],"is_endless":false,"potions_floor_spawned":[2,9,13,14,15,16,27,31,32,36,42,47,48],"ascension_level":1}}