{"host":"vqs1j3qalc1cciyt","time":1609570800,"event":{"mods":["2.2 Compatiblity","AchievementEnabler","Aspiration","Bard","BaseMod","Beaked The Cultist","Better Altar","Better Match","Better Note","Better Sensory Stone","Better Skull","Better Third Choice","Clockwork Mod","Colored Map","Conspire","Downfall","Friendly Minions","GifTheSpireLib","Glutton Mod","Halation","Highlight Path","Hubris","Infinite Spire","Minty Spire (QoL Compilation)","READ ME - Snecko Mod","RRrroohrrRGHHhhh!!","Replay The Spire","Spicy Shops","StSLib","Stuff the Spire","The Bladedancer","The Construct","The Cursed","The Disciple","The Hierophant","The Jungle","vexMod"],"gold_per_floor":[111,36,54,54,69,100,100,130,130,170,187,220,239,252,252,389,389,410,410,421,421,446,481,481,481,481,182,182,215,235,235,235,351,351,370,388,388,415,417,462,462,507,507,507,530,530,155,155,155,215,215],"floor_reached":50,"playtime":5691,"items_purged":["Defend_R","Defend_R","Strike_R","Defend_R"],"score":698,"play_id":"8e21775e-3e69-4092-9f95-cbc684357188","local_time":"20210101230000","is_ascension_mode":true,"campfire_choices":[{"data":"ReplayTheSpireMod:LeadingStrike","floor":7,"key":"SMITH"},{"data":"Armaments","floor":15,"key":"SMITH"},{"data":"infinitespire:Collect","floor":25,"key":"SMITH"},{"data":"Uppercut","floor":28,"key":"SMITH"},{"floor":32,"key":"DIG"},{"floor":41,"key":"REST"},{"floor":44,"key":"RECALL"},{"data":"Offering","floor":49,"key":"SMITH"}],"circlet_count":0,"master_deck":["Strike_R","Strike_R","Bash","Armaments+1","expansioncontent:Flail","Brutality+1","Uppercut+1","Twin Strike","ReplayTheSpireMod:LeadingStrike+1","Thunderclap","Shrug It Off","Twin Strike+1","Thunderclap+1","Bludgeon+1","Headbutt+1","Shrug It Off","infinitespire:Collect+1","Headbutt+1","Pot Of Greed","Pot Of Greed","Clothesline+1","Pot Of Greed","Armaments+1","conspire:Banana","Offering+1","Iron Wave+1","infinitespire:DeathsTouch+1","Bloodletting+1","Disarm"],"relics":["Burning Blood","hubris:TenFootPole","vexMod:PlasmaPancake","construct:BoolHorns","infinitespire:Midas Blood","StuffTheSpire:Rhapsscallions","Molten Egg 2","Philosopher\u0027s Stone","WingedGreaves","Red Mask","Grinning Jar","aspiration:AnachronicSnailShell","Replay:Bottled Eggs","StuffTheSpire:SapphireSignet","Replay:Bottled Steam","aspiration:Lifesprig","Eternal Feather","ClockworkSouvenir"],"acts_visited":["Exordium","TheCity","TheBeyond"],"potions_floor_usage":[6,12,12,12,16,33,33,40,50,50],"damage_taken":[{"damage":5,"enemies":"Cultist","floor":1,"turns":4},{"damage":6,"enemies":"Jaw Worm","floor":3,"turns":4},{"damage":1,"enemies":"conspire:RoseBush","floor":5,"turns":5},{"damage":20,"enemies":"3 Sentries","floor":6,"turns":5},{"damage":19,"enemies":"Gremlin Nob","floor":8,"turns":4},{"damage":25,"enemies":"Lagavulin","floor":10,"turns":5},{"damage":3,"enemies":"Exordium Wildlife","floor":11,"turns":3},{"damage":1,"enemies":"3 Sentries","floor":12,"turns":2},{"damage":0,"enemies":"2 Fungi Beasts","floor":13,"turns":1},{"damage":0,"enemies":"3 Louse","floor":14,"turns":1},{"damage":57,"enemies":"Hexaghost","floor":16,"turns":10},{"damage":6,"enemies":"2 Thieves","floor":18,"turns":2},{"damage":0,"enemies":"conspire:FuzzyDice","floor":20,"turns":3},{"damage":0,"enemies":"Masked Bandits","floor":22,"turns":2},{"damage":3,"enemies":"conspire:Head Lice","floor":23,"turns":4},{"damage":0,"enemies":"conspire:SneckoGhost","floor":29,"turns":1},{"damage":0,"enemies":"Snecko","floor":30,"turns":2},{"damage":20,"enemies":"Champ","floor":33,"turns":7},{"damage":10,"enemies":"3 Shapes","floor":35,"turns":4},{"damage":5,"enemies":"3 Darklings","floor":36,"turns":2},{"damage":13,"enemies":"Spire Growth","floor":38,"turns":4},{"damage":31,"enemies":"Nemesis","floor":40,"turns":4},{"damage":17,"enemies":"Reptomancer","floor":42,"turns":4},{"damage":8,"enemies":"Sphere and 2 Shapes","floor":45,"turns":3},{"damage":97,"enemies":"Replay:Hell Engine","floor":50,"turns":9}],"seed_played":"-5794600515101813609","potions_obtained":[{"floor":1,"key":"DistilledChaos"},{"floor":3,"key":"SteroidPotion"},{"floor":10,"key":"BlessingOfTheForge"},{"floor":11,"key":"GamblersBrew"},{"floor":14,"key":"SpeedPotion"},{"floor":16,"key":"ElixirPotion"},{"floor":23,"key":"Adrenaline Potion"},{"floor":38,"key":"Weak Potion"},{"floor":42,"key":"Energy Potion"},{"floor":45,"key":"Energy Potion"}],"is_trial":false,"path_per_floor":["M","?","M","$","M","E","R","E","T","E","M","E","M","M","R","B",null,"M","?","M","AVR","?","E","?","R","T","$","R","E","M","?","R_BF","B",null,"M","M","?","M","?","E","R","E","T","R","M","?","$","?","R","B"],"character_chosen":"IRONCLAD","items_purchased":["Strength Potion","Armaments+1","conspire:Banana","ClockworkSouvenir"],"campfire_rested":1,"item_purchase_floors":[27,27,27,47],"current_hp_per_floor":[80,80,80,80,80,72,72,59,59,43,46,51,57,63,63,12,89,89,89,89,89,89,89,89,89,89,89,89,89,89,89,89,81,91,88,89,89,84,72,48,76,66,66,84,84,84,84,84,96,0,0],"gold":215,"neow_bonus":"RANDOM_COMMON_RELIC","is_daily":false,"chose_seed":false,"campfire_upgraded":5,"win_rate":0.0,"timestamp":1609570800,"path_taken":["M","?","M","?","M","E","R","E","T","E","M","E","M","?","R","BOSS","M","?","M","AVR","?","E","?","R","T","$","R","E","?","?","R_BF","BOSS","M","M","?","M","?","E","R","E","T","R","M","?","$","?","R","BOSS"],"items_purchased_type":["Potion","Card","Card","Relic"],"build_version":"2020-12-22","purchased_purges":4,"victory":false,"max_hp_per_floor":[80,80,80,80,80,86,86,86,86,89,89,89,89,89,89,89,89,89,89,89,89,89,89,89,89,89,89,89,89,89,89,89,91,91,92,92,92,94,94,95,95,96,96,96,96,96,96,96,96,97,97],"card_choices":[{"not_picked":["StuffTheSpire:Slingshot","Headbutt"],"picked":"Armaments","floor":1},{"not_picked":["Deep Breath","ReplayTheSpireMod:Trickstab"],"picked":"expansioncontent:Flail","floor":2},{"not_picked":["Exhume","Impervious"],"picked":"Brutality","floor":2},{"not_picked":["Abandon","ReplayTheSpireMod:Limb From Limb"],"picked":"Uppercut","floor":2},{"not_picked":["Pommel Strike","Carnage"],"picked":"Twin Strike","floor":3},{"not_picked":["ReplayTheSpireMod:Stacked","Replay:Undeath\u0027s Touch","StuffTheSpire:Pyroclast"],"picked":"SKIP","floor":5},{"not_picked":["StuffTheSpire:Slingshot","Power Through"],"picked":"ReplayTheSpireMod:LeadingStrike","floor":6},{"not_picked":["Power Through","Iron Wave"],"picked":"Thunderclap","floor":8},{"not_picked":["Replay:Many Hands","StuffTheSpire:RagingBull"],"picked":"Shrug It Off","floor":10},{"not_picked":["ReplayTheSpireMod:Strike From Hell","Heavy Blade","StuffTheSpire:Pyroclast"],"picked":"SKIP","floor":11},{"not_picked":["Burning Pact","Dual Wield"],"picked":"Twin Strike+1","floor":12},{"not_picked":["Heavy Blade+1","Wild Strike+1"],"picked":"Thunderclap+1","floor":13},{"not_picked":["StuffTheSpire:Incineration+1","Shrug It Off","Run Through+1"],"picked":"SKIP","floor":14},{"not_picked":["conspire:Purge","Replay:Many Hands"],"picked":"Bludgeon+1","floor":16},{"not_picked":["Perfected Strike+1","Wild Strike+1"],"picked":"Headbutt+1","floor":18},{"not_picked":["Rage","Wild Strike+1"],"picked":"Shrug It Off","floor":20},{"not_picked":["Hemokinesis+1","Pommel Strike+1"],"picked":"Headbutt+1","floor":22},{"not_picked":["rorgmod:Sentinel+1","Blood for Blood+1","StuffTheSpire:Incineration+1"],"picked":"SKIP","floor":23},{"not_picked":["Defy Death","Thunderclap+1","Wild Strike+1"],"picked":"SKIP","floor":29},{"not_picked":["StuffTheSpire:Slingshot+1","ReplayTheSpireMod:Strike From Hell+1","Hemogenesis+1"],"picked":"SKIP","floor":30},{"not_picked":["Bludgeon+1","Reaper+1"],"picked":"Offering","floor":33},{"not_picked":["StuffTheSpire:RockThrow+1","hubris:SharpeningStone"],"picked":"Iron Wave+1","floor":35},{"not_picked":["Hemokinesis+1","Wild Strike+1","Iron Wave+1"],"picked":"SKIP","floor":36},{"not_picked":["Headbutt+1","Hemogenesis+1","conspire:ExplosiveBarrier+1"],"picked":"SKIP","floor":38},{"not_picked":["ReplayTheSpireMod:Chaos Vortex","infinitespire:Gouge"],"picked":"infinitespire:DeathsTouch","floor":39},{"not_picked":["Infernal Blade","Feel No Pain","Bloodletting+1"],"picked":"SKIP","floor":40},{"not_picked":["Infernal Blade","Feel No Pain"],"picked":"Bloodletting+1","floor":40},{"not_picked":["Dual Wield+1","hubris:SharpeningStone"],"picked":"Disarm","floor":42},{"not_picked":["Twin Strike+1","Iron Wave+1","Wild Strike+1"],"picked":"SKIP","floor":45}],"player_experience":846979,"relics_obtained":[{"floor":6,"key":"vexMod:PlasmaPancake"},{"floor":8,"key":"construct:BoolHorns"},{"floor":9,"key":"infinitespire:Midas Blood"},{"floor":10,"key":"StuffTheSpire:Rhapsscallions"},{"floor":12,"key":"Molten Egg 2"},{"floor":22,"key":"Red Mask"},{"floor":23,"key":"Grinning Jar"},{"floor":26,"key":"aspiration:AnachronicSnailShell"},{"floor":29,"key":"Replay:Bottled Eggs"},{"floor":32,"key":"StuffTheSpire:SapphireSignet"},{"floor":40,"key":"Replay:Bottled Steam"},{"floor":42,"key":"aspiration:Lifesprig"},{"floor":43,"key":"Eternal Feather"}],"event_choices":[{"damage_healed":0,"gold_gain":0,"player_choice":"1","damage_taken":0,"max_hp_gain":0,"max_hp_loss":0,"event_name":"betterMatch:BetterMatch","floor":2,"gold_loss":0,"cards_obtained":["betterMatch:ColorlessUncommonCard","betterMatch:RareCard","betterMatch:UncommonCard"]},{"damage_healed":0,"gold_gain":0,"player_choice":"Ignored","damage_taken":0,"max_hp_gain":0,"max_hp_loss":0,"event_name":"betterNote:BetterNote","floor":19,"gold_loss":0,"cards_obtained":["Limit Break"]},{"damage_healed":0,"gold_gain":0,"player_choice":"Fought Bandits","damage_taken":0,"max_hp_gain":0,"max_hp_loss":0,"event_name":"Masked Bandits","floor":22,"gold_loss":0},{"damage_healed":0,"gold_gain":0,"cards_transformed":["Defend_R"],"player_choice":"Transformed","damage_taken":0,"max_hp_gain":0,"max_hp_loss":0,"event_name":"Transmorgrifier","floor":24,"gold_loss":0,"cards_obtained":["Clothesline"]},{"cards_removed":["Strike_R"],"damage_healed":0,"gold_gain":0,"player_choice":"Purged","damage_taken":0,"max_hp_gain":0,"max_hp_loss":0,"event_name":"Purifier","floor":48,"gold_loss":0}],"is_beta":false,"boss_relics":[{"not_picked":["halation:CatFaceCupcake","conspire:RunicOctahedron"],"picked":"Philosopher\u0027s Stone"},{"not_picked":["halation:PinkAlligatorPlush","halation:HeavySnake","StuffTheSpire:RunicHypercube"]}],"items_purged_floors":[21,27,47,47],"is_endless":false,"potions_floor_spawned":[1,3,10,11,14,16,23,29,38,42,45],"killed_by":"Replay:Hell Engine","ascension_level":1}}