{"host":"uonldg9uriwfhjjx","time":1609571167,"event":{"mods":["AchievementEnabler","BaseMod","Minty Spire (QoL Compilation)","Relic Stats"],"gold_per_floor":[109,27,27,38,56,56,56,56,108,143,180,230,21,34,34,129,129,154,154,172,172,191,191,9,9,90,111,111,111,111],"floor_reached":29,"playtime":707,"items_purged":[],"score":394,"play_id":"79ed35c5-ad5e-4e11-b846-855792983014","local_time":"20210102020607","is_ascension_mode":true,"campfire_choices":[{"data":"Armaments","floor":6,"key":"SMITH"},{"data":"Rupture","floor":8,"key":"SMITH"},{"floor":15,"key":"REST"},{"floor":23,"key":"REST"},{"floor":25,"key":"REST"},{"data":"Whirlwind","floor":28,"key":"SMITH"}],"circlet_count":0,"master_deck":["AscendersBane","Strike_R+1","Strike_R","Strike_R","Strike_R","Defend_R","Defend_R","Bash+1","Hemokinesis","Rupture+1","Armaments+1","Seeing Red","Whirlwind","Sword Boomerang","Inflame","Rupture+1","Shrug It Off","Limit Break","Juggernaut+1","Fiend Fire+1","Armaments+1","Twin Strike","Writhe","Heavy Blade","Whirlwind+1"],"relics":["Burning Blood","Orichalcum","GremlinMask","Golden Idol","MawBank","Whetstone","DollysMirror","Astrolabe","Tiny Chest","Chemical X","Kunai"],"acts_visited":["Exordium","TheCity"],"potions_floor_usage":[16,22],"damage_taken":[{"damage":12,"enemies":"Small Slimes","floor":1,"turns":4},{"damage":2,"enemies":"Cultist","floor":4,"turns":3},{"damage":14,"enemies":"Jaw Worm","floor":5,"turns":4},{"damage":4,"enemies":"Exordium Wildlife","floor":10,"turns":4},{"damage":11,"enemies":"2 Fungi Beasts","floor":11,"turns":3},{"damage":31,"enemies":"3 Sentries","floor":12,"turns":7},{"damage":8,"enemies":"Large Slime","floor":14,"turns":5},{"damage":17,"enemies":"Slime Boss","floor":16,"turns":7},{"damage":33,"enemies":"Shell Parasite","floor":18,"turns":7},{"damage":20,"enemies":"3 Byrds","floor":20,"turns":4},{"damage":17,"enemies":"Cultist and Chosen","floor":22,"turns":6},{"damage":14,"enemies":"Chosen and Byrds","floor":27,"turns":4},{"damage":49,"enemies":"Gremlin Leader","floor":29,"turns":5}],"seed_played":"-2987661014321001708","potions_obtained":[{"floor":10,"key":"Weak Potion"},{"floor":12,"key":"Ancient Potion"},{"floor":20,"key":"HeartOfIron"}],"is_trial":false,"path_per_floor":["M","$","?","M","M","R","?","R","T","M","M","E","$","M","R","B",null,"M","?","M","?","M","R","$","R","T","M","R","E"],"character_chosen":"IRONCLAD","items_purchased":["Rupture","Inflame","DollysMirror","Chemical X","Whirlwind"],"campfire_rested":3,"item_purchase_floors":[2,13,13,24,24],"current_hp_per_floor":[62,62,62,66,58,58,58,58,58,60,55,30,30,28,48,37,60,33,33,19,19,8,28,28,48,48,40,40,0,0],"gold":111,"neow_bonus":"RANDOM_COMMON_RELIC","is_daily":false,"chose_seed":false,"campfire_upgraded":3,"win_rate":0.0,"timestamp":1609571167,"path_taken":["M","$","?","M","?","R","?","R","T","M","M","E","?","M","R","BOSS","M","?","M","?","M","R","$","R","T","M","R","E"],"items_purchased_type":["Card","Card","Relic","Relic","Card"],"build_version":"2020-12-22","purchased_purges":0,"victory":false,"max_hp_per_floor":[75,75,75,75,75,75,68,68,68,68,68,68,68,68,68,68,68,68,68,68,68,68,68,68,68,68,68,68,68,68],"relic_stats":{"counters":[13,63],"Golden Idol":57,"Astrolabe":["Juggernaut","Fiend Fire","Armaments"],"Tiny Chest":0,"Whetstone":["Bash","Strike_R"],"Chemical X":[4],"Kunai":[0],"Orichalcum":[192],"MawBank":48,"obtain_stats":[{"Golden Idol":7,"DollysMirror":13,"Astrolabe":17,"GremlinMask":3,"Tiny Chest":19,"Whetstone":12,"Chemical X":24,"Kunai":26,"Orichalcum":0,"MawBank":9,"Burning Blood":0},{"Golden Idol":3,"DollysMirror":6,"Astrolabe":8,"GremlinMask":1,"Tiny Chest":9,"Whetstone":6,"Chemical X":11,"Kunai":11,"Orichalcum":0,"MawBank":3,"Burning Blood":0},{"Golden Idol":11,"DollysMirror":25,"Astrolabe":37,"GremlinMask":4,"Tiny Chest":44,"Whetstone":25,"Chemical X":54,"Kunai":54,"Orichalcum":0,"MawBank":11,"Burning Blood":0}],"Burning Blood":72},"card_choices":[{"not_picked":["Wild Strike","Perfected Strike"],"picked":"Hemokinesis","floor":1},{"not_picked":["True Grit","Pummel"],"picked":"Armaments","floor":4},{"not_picked":["Ghostly Armor","Rampage"],"picked":"Seeing Red","floor":5},{"not_picked":["Havoc","Headbutt"],"picked":"Whirlwind","floor":10},{"not_picked":["Evolve","Uppercut","Clash"],"picked":"SKIP","floor":11},{"not_picked":["Infernal Blade","Wild Strike"],"picked":"Sword Boomerang","floor":12},{"not_picked":["Infernal Blade","Armaments"],"picked":"Shrug It Off","floor":14},{"not_picked":["Feed","Brutality"],"picked":"Limit Break","floor":16},{"not_picked":["Shrug It Off","Uppercut"],"picked":"Twin Strike","floor":18},{"not_picked":["Reckless Charge","Cleave"],"picked":"Heavy Blade","floor":20},{"not_picked":["Searing Blow","Metallicize","Power Through"],"picked":"SKIP","floor":22},{"not_picked":["Cleave","Pommel Strike","Body Slam"],"picked":"SKIP","floor":27}],"player_experience":701890,"relics_obtained":[{"floor":9,"key":"MawBank"},{"floor":12,"key":"Whetstone"},{"floor":26,"key":"Kunai"}],"event_choices":[{"damage_healed":0,"gold_gain":0,"player_choice":"Trade","damage_taken":0,"relics_obtained":["GremlinMask"],"max_hp_gain":0,"max_hp_loss":0,"event_name":"FaceTrader","floor":3,"gold_loss":0},{"damage_healed":0,"gold_gain":0,"player_choice":"Lose Max HP","damage_taken":0,"relics_obtained":["Golden Idol"],"max_hp_gain":0,"max_hp_loss":7,"event_name":"Golden Idol","floor":7,"gold_loss":0},{"damage_healed":0,"gold_gain":0,"player_choice":"Opened","damage_taken":0,"relics_obtained":["Tiny Chest"],"max_hp_gain":0,"max_hp_loss":0,"event_name":"The Mausoleum","floor":19,"gold_loss":0,"cards_obtained":["Writhe"]},{"damage_healed":0,"gold_gain":0,"player_choice":"Ignored","damage_taken":0,"max_hp_gain":0,"max_hp_loss":0,"event_name":"Vampires","floor":21,"gold_loss":0}],"is_beta":false,"boss_relics":[{"not_picked":["Fusion Hammer","Runic Cube"],"picked":"Astrolabe"}],"items_purged_floors":[],"is_endless":false,"potions_floor_spawned":[10,12,14,20],"killed_by":"Gremlin Leader","ascension_level":15}}