{"host":"gpkbl0cayp7vm3va","time":1609564987,"event":{"mods":["BaseMod","Bestiary","Colored Map","Curses Come First","Downfall","Highlight Path","Minty Spire (QoL Compilation)","Replay The Spire","Robot Space Explorer","StSLib","The Animator"],"gold_per_floor":[118,293,361,411,197,232,232,252,252,252,277,277,309,338,372,421,421,546,546,571,571,571,571,592,592,639,639,689,710,732,767,374,391,391,403,403],"floor_reached":35,"playtime":3812,"items_purged":["Doubt","Spreading Infection"],"score":355,"play_id":"80935411-e1f2-4553-9880-b3ec981d0299","local_time":"20210101222307","is_ascension_mode":false,"campfire_choices":[{"data":"Doubt","floor":7,"key":"PURGE"},{"data":"RobotSpaceExplorer:Comet","floor":17,"key":"SMITH"},{"data":"Slimebound:CheckThePlaybook","floor":25,"key":"SMITH"},{"floor":34,"key":"DIG"}],"circlet_count":0,"master_deck":["RobotSpaceExplorer:Defend","RobotSpaceExplorer:Defend+1","RobotSpaceExplorer:Defend","RobotSpaceExplorer:Defend","RobotSpaceExplorer:Scan+1","RobotSpaceExplorer:MiniLasers","RobotSpaceExplorer:StarDust","RobotSpaceExplorer:Smokescreen","RobotSpaceExplorer:Pulsar","RobotSpaceExplorer:Fix","RobotSpaceExplorer:SlimeMissile","RobotSpaceExplorer:Probe","RobotSpaceExplorer:Electropulse","RobotSpaceExplorer:Comet+1","RobotSpaceExplorer:DualCore+1","ReplayTheSpireMod:Doomed","RobotSpaceExplorer:Comet","RobotSpaceExplorer:Pulsar+1","Bite","Bite","Bite","Bite","Bite","RitualDagger","Slimebound:CheckThePlaybook+1","RobotSpaceExplorer:GlueShot+1","RobotSpaceExplorer:HighVoltage","RobotSpaceExplorer:MiniDrones","RobotSpaceExplorer:PowerCollector+1","Clumsy","RobotSpaceExplorer:PowerGlove+1","expansioncontent:Chronoboost+1","RobotSpaceExplorer:Pulsar+1"],"relics":["RobotSpaceExplorer:RoboCore","NeowsBlessing","Replay:Rubber Ducky","Ring of Searing","Ring of Greed","Membership Card","Replay:Bandana","PreservedInsect","Gremlin Food","Replay:Multitool","RobotSpaceExplorer:FoglandsKnife","Frozen Egg 2","Centennial Puzzle","Ring of Chaos","Nloth\u0027s Gift","ReplayTheSpireMod:Shallot","Iron Hammer","War Paint","Toolbox","ReplayTheSpireMod:Lightbulb"],"acts_visited":["Exordium","TheCity"],"potions_floor_usage":[14,18,29,30,33],"damage_taken":[{"damage":0,"enemies":"2 Louse","floor":1,"turns":1},{"damage":0,"enemies":"Replay:BlueRogue","floor":6,"turns":1},{"damage":0,"enemies":"Small Slimes","floor":8,"turns":1},{"damage":5,"enemies":"Jaw Worm","floor":13,"turns":3},{"damage":0,"enemies":"2 Fungi Beasts","floor":14,"turns":3},{"damage":5,"enemies":"Looter","floor":15,"turns":2},{"damage":15,"enemies":"Lagavulin","floor":16,"turns":4},{"damage":4,"enemies":"Fading Forest","floor":18,"turns":11},{"damage":25,"enemies":"Shell Parasite","floor":20,"turns":5},{"damage":4,"enemies":"Spheric Guardian","floor":24,"turns":3},{"damage":28,"enemies":"Slavers","floor":26,"turns":5},{"damage":5,"enemies":"Centurion and Healer","floor":29,"turns":5},{"damage":16,"enemies":"Cultist and Chosen","floor":30,"turns":5},{"damage":11,"enemies":"Gremlin Leader","floor":31,"turns":5},{"damage":1,"enemies":"Shelled Parasite and Fungi","floor":33,"turns":5},{"damage":37,"enemies":"Automaton","floor":35,"turns":8}],"seed_played":"3281477960049060170","potions_obtained":[{"floor":1,"key":"AttackPotion"},{"floor":3,"key":"Elixir"},{"floor":3,"key":"Strength Potion"},{"floor":15,"key":"Milkshake"},{"floor":26,"key":"BlessingOfTheForge"},{"floor":29,"key":"Adrenaline Potion"},{"floor":31,"key":"Regen Potion"}],"is_trial":false,"path_per_floor":["M","?","?","?","$","E","R","M","PTL","PTL","T","T","M","M","M","E","R_BF","B",null,"M","?","?","?","M","R","E","?","T","M","M","E","$","M","R","B"],"character_chosen":"RobotSpaceExplorer","items_purchased":["PreservedInsect","Gremlin Food","RobotSpaceExplorer:Pulsar","Iron Hammer","War Paint","Toolbox","RobotSpaceExplorer:PowerGlove+1","expansioncontent:Chronoboost+1"],"campfire_rested":0,"item_purchase_floors":[5,5,5,32,32,32,32,32],"current_hp_per_floor":[75,75,57,57,57,57,57,57,57,57,57,57,56,60,55,44,44,44,75,54,52,46,28,28,28,10,10,10,15,11,12,12,30,30,0,0],"gold":403,"neow_bonus":"THREE_ENEMY_KILL","is_daily":false,"chose_seed":false,"campfire_upgraded":2,"win_rate":0.0,"timestamp":1609564987,"path_taken":["M","?","?","?","?","E","R","M","PTL","PTL","T","?","M","M","M","E","R_BF","BOSS","M","?","?","?","?","R","E","?","T","M","M","E","$","?","R","BOSS"],"items_purchased_type":["Relic","Relic","Card","Relic","Relic","Relic","Card","Card"],"build_version":"2020-12-22","purchased_purges":2,"victory":false,"max_hp_per_floor":[75,75,75,75,75,75,75,75,75,75,75,75,75,75,75,75,75,75,75,75,52,52,52,52,52,52,52,52,52,52,52,52,52,52,52,52],"card_choices":[{"not_picked":["RobotSpaceExplorer:DoubleBlock","RobotSpaceExplorer:ImprovisedAttack"],"picked":"RobotSpaceExplorer:StarDust","floor":1},{"not_picked":["RobotSpaceExplorer:FreezeRay","RobotSpaceExplorer:Ammunition"],"picked":"RobotSpaceExplorer:Smokescreen","floor":3},{"not_picked":["RobotSpaceExplorer:GlueSpray","RobotSpaceExplorer:SlimeMissile"],"picked":"RobotSpaceExplorer:Fix","floor":6},{"not_picked":["RobotSpaceExplorer:Electropulse","RobotSpaceExplorer:DoubleBlock"],"picked":"RobotSpaceExplorer:SlimeMissile","floor":8},{"not_picked":["RobotSpaceExplorer:StunGrenade","RobotSpaceExplorer:Counterblock"],"picked":"RobotSpaceExplorer:Probe","floor":13},{"not_picked":["RobotSpaceExplorer:ShovelStrike","RobotSpaceExplorer:TurboDodge"],"picked":"RobotSpaceExplorer:Electropulse","floor":14},{"not_picked":["RobotSpaceExplorer:GearShield","RobotSpaceExplorer:DoubleFind"],"picked":"RobotSpaceExplorer:Comet","floor":15},{"not_picked":["RobotSpaceExplorer:SwiftStep","RobotSpaceExplorer:SurgingShield"],"picked":"RobotSpaceExplorer:DualCore+1","floor":16},{"not_picked":["RobotSpaceExplorer:Explosion","RobotSpaceExplorer:Autoloader+1"],"picked":"RobotSpaceExplorer:Comet","floor":18},{"not_picked":["RobotSpaceExplorer:Probe","RobotSpaceExplorer:Reload"],"picked":"RobotSpaceExplorer:Pulsar+1","floor":20},{"not_picked":["RobotSpaceExplorer:ImprovisedAttack+1","RobotSpaceExplorer:Probe"],"picked":"RobotSpaceExplorer:GlueShot+1","floor":24},{"not_picked":["RobotSpaceExplorer:GlueShot","RobotSpaceExplorer:FrostMissile"],"picked":"RobotSpaceExplorer:HighVoltage","floor":26},{"not_picked":["RobotSpaceExplorer:GlueShot","RobotSpaceExplorer:Autoloader+1"],"picked":"RobotSpaceExplorer:MiniDrones","floor":29},{"not_picked":["RobotSpaceExplorer:SurgingStrike","RobotSpaceExplorer:GlueShot+1"],"picked":"RobotSpaceExplorer:PowerCollector+1","floor":30},{"not_picked":["RobotSpaceExplorer:JunkDive","RobotSpaceExplorer:Exploration"],"picked":"RobotSpaceExplorer:Wormhole","floor":31},{"not_picked":["RobotSpaceExplorer:ToxicBomb+1","RobotSpaceExplorer:RigExplosive"],"picked":"RobotSpaceExplorer:Pulsar+1","floor":33}],"player_experience":730127,"relics_obtained":[{"floor":3,"key":"Replay:Rubber Ducky"},{"floor":4,"key":"Ring of Searing"},{"floor":4,"key":"Ring of Greed"},{"floor":4,"key":"Membership Card"},{"floor":4,"key":"Replay:Bandana"},{"floor":6,"key":"Replay:Multitool"},{"floor":11,"key":"RobotSpaceExplorer:FoglandsKnife"},{"floor":12,"key":"Frozen Egg 2"},{"floor":16,"key":"Centennial Puzzle"},{"floor":26,"key":"FossilizedHelix"},{"floor":31,"key":"ReplayTheSpireMod:Shallot"},{"floor":34,"key":"ReplayTheSpireMod:Lightbulb"}],"event_choices":[{"damage_healed":0,"gold_gain":175,"player_choice":"AGREE","damage_taken":0,"max_hp_gain":0,"max_hp_loss":0,"event_name":"Liars Game","floor":2,"gold_loss":0,"cards_obtained":["Doubt"]},{"damage_healed":0,"gold_gain":0,"player_choice":"Became a vampire","damage_taken":0,"max_hp_gain":0,"max_hp_loss":23,"event_name":"Vampires","floor":21,"gold_loss":0,"cards_obtained":["Bite","Bite","Bite","Bite","Bite"]},{"damage_healed":0,"gold_gain":0,"player_choice":"Joined the Cult","damage_taken":6,"max_hp_gain":0,"max_hp_loss":0,"event_name":"Nest","floor":22,"gold_loss":0,"cards_obtained":["RitualDagger"]},{"damage_healed":0,"gold_gain":0,"player_choice":"Traded Relic","damage_taken":0,"relics_obtained":["Nloth\u0027s Gift"],"max_hp_gain":0,"max_hp_loss":0,"event_name":"N\u0027loth","floor":27,"relics_lost":["FossilizedHelix"],"gold_loss":0}],"is_beta":false,"boss_relics":[{"not_picked":["Calling Bell","RobotSpaceExplorer:SearchSpecs"],"picked":"Ring of Chaos"}],"items_purged_floors":[5,32],"is_endless":false,"potions_floor_spawned":[1,13,15,26,29,31],"killed_by":"Automaton","ascension_level":0}}