{"host":"wgmbtq7u7cgqo6r7","time":1609603515,"event":{"mods":["BaseMod","Colored Powertips","Marisa（霧雨　魔理沙）","Minty Spire (QoL Compilation)","Rare Cards Sparkle","StSLib","everything is the same but u backflip on backflip"],"gold_per_floor":[117,117,136,149,149,178,191,191,218,247,311,321,10,10,10,110,110,129,129,148,167,167,167,182,182,182,97,97,113,113,129,129,227,227,227,38,38,53,70,70,87,87,87,100,116,135,162,182,182,182,182],"floor_reached":50,"playtime":3570,"items_purged":["Strike_MRS"],"score":565,"play_id":"769bb3fc-6ec0-4d2d-b779-38c201acbb80","local_time":"20210102110515","is_ascension_mode":true,"campfire_choices":[{"floor":8,"key":"REST"},{"floor":15,"key":"REST"},{"floor":23,"key":"REST"},{"floor":25,"key":"REST"},{"floor":32,"key":"REST"},{"floor":40,"key":"RECALL"},{"floor":42,"key":"REST"},{"floor":49,"key":"REST"}],"circlet_count":0,"master_deck":["Strike_MRS","Strike_MRS","Strike_MRS","Defend_MRS","Defend_MRS","Defend_MRS","Defend_MRS","MasterSpark","UpSweep","AlicesGift","Occultation","PulseMagic","GrandCross","NonDirectionalLaser","DragonMeteor","Acceleration+1","MagicChant+1","UltimateShortwave+1","ChargingUp+1","EnergyFlow","ChargeUpSpray","MysteriousBeam","ShootTheMoon","MillisecondPulsars","BlazeAway+1","ManaConvection+1","AsteroidBelt+1","AsteroidBelt+1","Doubt","SporeBomb+1","EnergyRecoil+1"],"relics":["MiniHakkero","NeowsBlessing","WarpedTongs","Boot","Potion Belt","Bag of Marbles","Toxic Egg 2","SimpleLauncher","Snecko Eye","MutagenicStrength","Toy Ornithopter","Bronze Scales","Lantern","Cursed Key","Molten Egg 2","Mummified Hand"],"acts_visited":["Exordium","TheCity","TheBeyond"],"potions_floor_usage":[6,6,10,24,33,35,47,47,50,50],"damage_taken":[{"damage":0,"enemies":"Jaw Worm","floor":1,"turns":1},{"damage":1,"enemies":"Cultist","floor":3,"turns":1},{"damage":2,"enemies":"2 Louse","floor":4,"turns":1},{"damage":13,"enemies":"3 Sentries","floor":6,"turns":9},{"damage":1,"enemies":"Exordium Wildlife","floor":7,"turns":2},{"damage":15,"enemies":"Lagavulin","floor":10,"turns":5},{"damage":16,"enemies":"Gremlin Nob","floor":11,"turns":3},{"damage":5,"enemies":"Red Slaver","floor":12,"turns":2},{"damage":44,"enemies":"The Guardian","floor":16,"turns":12},{"damage":10,"enemies":"Spheric Guardian","floor":18,"turns":3},{"damage":7,"enemies":"Shell Parasite","floor":20,"turns":4},{"damage":10,"enemies":"Cultist and Chosen","floor":21,"turns":4},{"damage":27,"enemies":"Snake Plant","floor":24,"turns":3},{"damage":16,"enemies":"3 Cultists","floor":29,"turns":4},{"damage":9,"enemies":"Shelled Parasite and Fungi","floor":31,"turns":3},{"damage":56,"enemies":"Champ","floor":33,"turns":10},{"damage":21,"enemies":"3 Darklings","floor":35,"turns":2},{"damage":0,"enemies":"Orb Walker","floor":38,"turns":1},{"damage":9,"enemies":"4 Shapes","floor":39,"turns":2},{"damage":0,"enemies":"Spire Growth","floor":41,"turns":3},{"damage":1,"enemies":"Maw","floor":44,"turns":7},{"damage":20,"enemies":"Writhing Mass","floor":45,"turns":5},{"damage":13,"enemies":"Jaw Worm Horde","floor":46,"turns":5},{"damage":0,"enemies":"Reptomancer","floor":47,"turns":4},{"damage":31,"enemies":"Maw","floor":48,"turns":6},{"damage":84,"enemies":"Awakened One","floor":50,"turns":10}],"seed_played":"-2654532252494779600","potions_obtained":[{"floor":1,"key":"Explosive Potion"},{"floor":4,"key":"Dexterity Potion"},{"floor":7,"key":"BottledSpark"},{"floor":16,"key":"FairyPotion"},{"floor":21,"key":"Swift Potion"},{"floor":29,"key":"SteroidPotion"},{"floor":31,"key":"FearPotion"},{"floor":33,"key":"SmokeBomb"},{"floor":41,"key":"SneckoOil"},{"floor":45,"key":"Swift Potion"},{"floor":47,"key":"EssenceOfSteel"},{"floor":48,"key":"Swift Potion"}],"is_trial":false,"path_per_floor":["M","?","M","M","?","E","M","R","T","E","?","M","$","$","R","B",null,"M","?","M","M","?","R","M","R","T","?","T","M","?","M","R","B",null,"M","$","?","M","M","R","M","R","T","M","M","M","E","M","R","B"],"character_chosen":"MARISA","items_purchased":["SimpleLauncher","BlazeAway+1","ManaConvection+1"],"campfire_rested":7,"item_purchase_floors":[13,36,36],"current_hp_per_floor":[75,75,74,72,65,52,51,73,73,58,42,37,37,37,59,15,75,65,65,58,48,48,70,43,65,65,65,65,49,49,40,62,11,75,59,59,59,59,50,50,50,71,71,70,50,37,47,16,37,0,0],"gold":182,"neow_bonus":"THREE_ENEMY_KILL","is_daily":false,"chose_seed":false,"campfire_upgraded":0,"win_rate":0.0,"timestamp":1609603515,"path_taken":["M","?","?","M","?","E","M","R","T","E","?","M","?","$","R","BOSS","M","?","M","M","?","R","M","R","T","?","?","M","?","M","R","BOSS","M","?","?","M","M","R","M","R","T","M","M","M","E","M","R","BOSS"],"items_purchased_type":["Relic","Card","Card"],"build_version":"2020-12-22","purchased_purges":1,"victory":false,"max_hp_per_floor":[75,75,75,75,75,75,75,75,75,75,75,75,75,75,75,75,75,75,75,75,75,75,75,75,75,75,75,75,75,75,75,75,75,75,75,75,71,71,71,71,71,71,71,71,71,71,71,71,71,71,71],"card_choices":[{"not_picked":["DarkMatter","EarthLightRay"],"picked":"AlicesGift","floor":1},{"not_picked":["GrandCross","MeteoricShower"],"picked":"Occultation","floor":3},{"not_picked":["AlicesGift","ShootingEcho"],"picked":"PulseMagic","floor":4},{"not_picked":["OneTimeOff","ChargingUp"],"picked":"GrandCross","floor":6},{"not_picked":["WitchOfGreed","SporeBomb"],"picked":"NonDirectionalLaser","floor":7},{"not_picked":["UnstableBomb","Acceleration"],"picked":"DragonMeteor","floor":10},{"not_picked":["IllusionStar+1","WitchLeyline"],"picked":"Acceleration+1","floor":11},{"not_picked":["LuminesStrike","Robbery"],"picked":"MagicChant+1","floor":12},{"not_picked":["CollectingQuirk","AbsoluteMagnitude"],"picked":"UltimateShortwave+1","floor":16},{"not_picked":["Occultation+1","OpenUniverse+1"],"picked":"ChargingUp+1","floor":18},{"not_picked":["IllusionStar+1","AlicesGift","LuminesStrike"],"picked":"SKIP","floor":20},{"not_picked":["LuminesStrike+1","UnstableBomb"],"picked":"EnergyFlow","floor":21},{"not_picked":["RefractionSpark","FairyDestructionRay+1"],"picked":"ChargeUpSpray","floor":24},{"not_picked":["WitchOfGreed","6A"],"picked":"MysteriousBeam","floor":29},{"not_picked":["Acceleration+1","UnstableBomb"],"picked":"ShootTheMoon","floor":31},{"not_picked":["MaximisePower+1","CasketOfStar"],"picked":"MillisecondPulsars","floor":33},{"not_picked":["MilkyWay+1","StarlightTyphoon+1","WitchLeyline+1"],"picked":"SKIP","floor":38},{"not_picked":["SprinkleStarSeal+1","OortCloud"],"picked":"AsteroidBelt+1","floor":39},{"not_picked":["WitchLeyline","DoubleSpark+1"],"picked":"AsteroidBelt+1","floor":41},{"not_picked":["ShootingEcho+1","GrandCross+1"],"picked":"SporeBomb+1","floor":44},{"not_picked":["PulseMagic+1","PropBag+1","ShootingEcho+1"],"picked":"SKIP","floor":45},{"not_picked":["PowerUp+1","StarlightTyphoon+1","DC+1"],"picked":"SKIP","floor":46},{"not_picked":["SprinkleStarSeal+1","Orbital+1","ManaConvection+1"],"picked":"SKIP","floor":47},{"not_picked":["GasGiant+1","PowerUp+1"],"picked":"EnergyRecoil+1","floor":48}],"player_experience":128230,"relics_obtained":[{"floor":6,"key":"Boot"},{"floor":9,"key":"Potion Belt"},{"floor":10,"key":"Bag of Marbles"},{"floor":11,"key":"Toxic Egg 2"},{"floor":28,"key":"Bronze Scales"},{"floor":43,"key":"Molten Egg 2"},{"floor":47,"key":"Mummified Hand"}],"event_choices":[{"damage_healed":0,"gold_gain":0,"player_choice":"Rummage","damage_taken":0,"relics_obtained":["WarpedTongs"],"max_hp_gain":0,"max_hp_loss":0,"event_name":"Accursed Blacksmith","floor":2,"gold_loss":0,"cards_obtained":["Pain"]},{"cards_removed":["Pain"],"damage_healed":0,"gold_gain":0,"player_choice":"Card Removal","damage_taken":7,"max_hp_gain":0,"max_hp_loss":0,"event_name":"Golden Wing","floor":5,"gold_loss":0},{"damage_healed":0,"gold_gain":0,"player_choice":"Searched \u00271\u0027 times","damage_taken":0,"max_hp_gain":0,"max_hp_loss":0,"event_name":"Dead Adventurer","floor":11,"gold_loss":0},{"damage_healed":0,"gold_gain":0,"player_choice":"Ignored","damage_taken":0,"max_hp_gain":0,"max_hp_loss":0,"event_name":"Ghosts","floor":19,"gold_loss":0},{"damage_healed":0,"gold_gain":0,"player_choice":"Inject Mutagens","damage_taken":0,"relics_obtained":["MutagenicStrength"],"max_hp_gain":0,"max_hp_loss":0,"event_name":"Drug Dealer","floor":22,"gold_loss":0},{"damage_healed":0,"gold_gain":0,"player_choice":"Obtained Relic","damage_taken":0,"relics_obtained":["Toy Ornithopter"],"max_hp_gain":0,"max_hp_loss":0,"event_name":"Addict","floor":27,"gold_loss":85},{"damage_healed":0,"gold_gain":0,"player_choice":"Gave Potion","damage_taken":0,"relics_obtained":["Lantern"],"max_hp_gain":0,"max_hp_loss":0,"event_name":"WeMeetAgain","floor":30,"gold_loss":0},{"damage_healed":0,"gold_gain":0,"player_choice":"Max HP","damage_taken":0,"max_hp_gain":0,"max_hp_loss":4,"event_name":"Winding Halls","floor":37,"gold_loss":0}],"is_beta":false,"boss_relics":[{"not_picked":["Calling Bell","Runic Pyramid"],"picked":"Snecko Eye"},{"not_picked":["Busted Crown","Fusion Hammer"],"picked":"Cursed Key"}],"items_purged_floors":[36],"is_endless":false,"potions_floor_spawned":[1,4,7,16,21,29,31,33,35,41,45,47,48],"killed_by":"Awakened One","ascension_level":1}}