{"host":"dcj2yvrgcvh5dl2s","time":1609563636,"event":{"mods":["BaseMod","Better Note","Block Reminder","Colored Powertips","DeckTracker","Minty Spire (QoL Compilation)","Quick Restart","Rare Cards Sparkle","Relic Stats","StSLib"],"gold_per_floor":[111,111,57,76,1,28,28,63,63,138,23,23,48,62,62,139,139,157,157,52,70,87,117,17,17,70,70,81,81,109,126,126,126,126],"floor_reached":33,"playtime":2688,"items_purged":["Strike_R","Bash"],"score":714,"play_id":"6ecc6071-08f5-4ffc-afdc-ce6418f90ac8","local_time":"20210102150036","is_ascension_mode":true,"campfire_choices":[{"data":"Body Slam","floor":7,"key":"SMITH"},{"floor":12,"key":"REST"},{"data":"Flex","floor":15,"key":"SMITH"},{"floor":27,"key":"REST"},{"floor":29,"key":"REST"},{"floor":32,"key":"REST"}],"circlet_count":0,"master_deck":["AscendersBane","Strike_R","Strike_R","Strike_R","Strike_R+1","Defend_R","Defend_R","Defend_R","Defend_R","Pommel Strike+1","Body Slam+1","Inflame","Inflame","Flex+1","Sword Boomerang+1","Thunderclap","Impervious","Cleave","Shrug It Off","Body Slam","Shrug It Off","Body Slam+1","Decay"],"relics":["Burning Blood","Orichalcum","FossilizedHelix","Pen Nib","Charon\u0027s Ashes","Oddly Smooth Stone","Fusion Hammer","InkBottle","Letter Opener","Potion Belt","Whetstone"],"acts_visited":["Exordium","TheCity"],"potions_floor_usage":[6,13,21,30,30],"damage_taken":[{"damage":11,"enemies":"Jaw Worm","floor":1,"turns":5},{"damage":0,"enemies":"Cultist","floor":4,"turns":3},{"damage":17,"enemies":"3 Sentries","floor":6,"turns":7},{"damage":18,"enemies":"Gremlin Nob","floor":8,"turns":4},{"damage":0,"enemies":"Lagavulin","floor":13,"turns":4},{"damage":0,"enemies":"2 Louse","floor":14,"turns":2},{"damage":0,"enemies":"Slime Boss","floor":16,"turns":5},{"damage":0,"enemies":"Chosen","floor":18,"turns":3},{"damage":16,"enemies":"2 Thieves","floor":21,"turns":3},{"damage":8,"enemies":"Snake Plant","floor":22,"turns":3},{"damage":47,"enemies":"Slavers","floor":23,"turns":6},{"damage":0,"enemies":"3 Cultists","floor":28,"turns":4},{"damage":19,"enemies":"Gremlin Leader","floor":30,"turns":7},{"damage":0,"enemies":"Centurion and Healer","floor":31,"turns":4},{"damage":78,"enemies":"Automaton","floor":33,"turns":10}],"seed_played":"-3893974256771897216","potions_obtained":[{"floor":4,"key":"AttackPotion"},{"floor":8,"key":"SkillPotion"},{"floor":16,"key":"Strength Potion"},{"floor":18,"key":"Ancient Potion"},{"floor":21,"key":"Weak Potion"},{"floor":22,"key":"Energy Potion"}],"is_trial":false,"path_per_floor":["M","?","$","M","$","E","R","E","T","?","$","R","E","M","R","B",null,"M","?","$","M","M","E","$","?","T","R","M","R","E","M","R","B"],"character_chosen":"IRONCLAD","items_purchased":["Body Slam","Flex","Sword Boomerang","Shrug It Off","Body Slam"],"campfire_rested":4,"item_purchase_floors":[3,11,11,20,20],"current_hp_per_floor":[63,63,63,69,69,58,58,46,46,35,35,57,63,69,69,75,75,75,75,75,65,63,22,22,22,22,44,50,72,59,65,75,0,0],"gold":126,"neow_bonus":"RANDOM_COMMON_RELIC","is_daily":false,"chose_seed":false,"campfire_upgraded":2,"win_rate":0.0,"timestamp":1609563636,"path_taken":["M","?","$","M","?","E","R","E","T","?","$","R","E","M","R","BOSS","M","?","$","M","?","E","$","?","T","R","M","R","E","M","R","BOSS"],"items_purchased_type":["Card","Card","Card","Card","Card"],"build_version":"2020-12-22","purchased_purges":2,"victory":false,"max_hp_per_floor":[75,75,75,75,75,75,75,75,75,75,75,75,75,75,75,75,75,75,75,75,75,75,75,75,75,75,75,75,75,75,75,75,75,75],"relic_stats":{"counters":[15,70],"Pen Nib":[12],"Charon\u0027s Ashes":[66],"Letter Opener":[50],"Whetstone":["Strike_R","Sword Boomerang"],"Orichalcum":[168],"obtain_stats":[{"Potion Belt":26,"Oddly Smooth Stone":13,"Pen Nib":8,"Charon\u0027s Ashes":9,"Fusion Hammer":17,"Letter Opener":23,"Whetstone":30,"Orichalcum":0,"Burning Blood":0,"FossilizedHelix":6,"InkBottle":19},{"Potion Belt":11,"Oddly Smooth Stone":5,"Pen Nib":4,"Charon\u0027s Ashes":4,"Fusion Hammer":7,"Letter Opener":11,"Whetstone":13,"Orichalcum":0,"Burning Blood":0,"FossilizedHelix":3,"InkBottle":8},{"Potion Belt":45,"Oddly Smooth Stone":23,"Pen Nib":19,"Charon\u0027s Ashes":19,"Fusion Hammer":30,"Letter Opener":45,"Whetstone":56,"Orichalcum":0,"Burning Blood":0,"FossilizedHelix":15,"InkBottle":33}],"Burning Blood":78,"InkBottle":[15]},"card_choices":[{"not_picked":["True Grit","Rupture"],"picked":"Pommel Strike","floor":1},{"not_picked":["Sever Soul","Ghostly Armor"],"picked":"Inflame","floor":4},{"not_picked":["Twin Strike","True Grit","Combust"],"picked":"SKIP","floor":6},{"not_picked":["Twin Strike","Sever Soul"],"picked":"Inflame","floor":8},{"not_picked":["Headbutt","Clash","Spot Weakness"],"picked":"SKIP","floor":13},{"not_picked":["Flex","Clothesline"],"picked":"Thunderclap","floor":14},{"not_picked":["Demon Form","Corruption"],"picked":"Impervious","floor":16},{"not_picked":["Bloodletting","Spot Weakness"],"picked":"Cleave","floor":18},{"not_picked":["Warcry","Armaments","Havoc"],"picked":"SKIP","floor":21},{"not_picked":["Iron Wave","Intimidate"],"picked":"Shrug It Off","floor":22},{"not_picked":["Fiend Fire","Juggernaut"],"picked":"Body Slam+1","floor":23},{"not_picked":["Iron Wave","Reckless Charge","Second Wind"],"picked":"SKIP","floor":28},{"not_picked":["Anger","True Grit","Iron Wave"],"picked":"SKIP","floor":30},{"not_picked":["Iron Wave","True Grit","Cleave"],"picked":"SKIP","floor":31}],"player_experience":2145642,"relics_obtained":[{"floor":6,"key":"FossilizedHelix"},{"floor":8,"key":"Pen Nib"},{"floor":9,"key":"Charon\u0027s Ashes"},{"floor":13,"key":"Oddly Smooth Stone"},{"floor":23,"key":"Letter Opener"},{"floor":26,"key":"Potion Belt"},{"floor":30,"key":"Whetstone"}],"event_choices":[{"damage_healed":0,"gold_gain":0,"player_choice":"Forge","damage_taken":0,"max_hp_gain":0,"max_hp_loss":0,"event_name":"Accursed Blacksmith","floor":2,"gold_loss":0,"cards_upgraded":["Pommel Strike"]},{"damage_healed":0,"gold_gain":75,"player_choice":"Gather Gold","damage_taken":11,"max_hp_gain":0,"max_hp_loss":0,"event_name":"World of Goop","floor":10,"gold_loss":0},{"damage_healed":0,"gold_gain":0,"player_choice":"Gave Potion","damage_taken":0,"relics_obtained":["InkBottle"],"max_hp_gain":0,"max_hp_loss":0,"event_name":"WeMeetAgain","floor":19,"gold_loss":0},{"damage_healed":0,"gold_gain":0,"player_choice":"Smashed Altar","damage_taken":0,"max_hp_gain":0,"max_hp_loss":0,"event_name":"Forgotten Altar","floor":25,"gold_loss":0,"cards_obtained":["Decay"]}],"is_beta":false,"boss_relics":[{"not_picked":["Velvet Choker","SacredBark"],"picked":"Fusion Hammer"}],"items_purged_floors":[5,24],"is_endless":false,"potions_floor_spawned":[4,8,16,18,21,22],"killed_by":"Automaton","ascension_level":18}}