{"host":"tiwza2kisyyrpq7h","time":1609621144,"event":{"mods":["BaseMod","Colored Powertips","Minty Spire (QoL Compilation)","Quick Restart","Rare Cards Sparkle","StSLib","SuperFastMode","The Servant 0.9.4","óô»ðÖ¸ÄÏ"],"gold_per_floor":[117,130,130,55,68,68,101,111,111,11,11,11,11,161,161,257,257,271,287,287,287,287,287,23,23,78,78,103,103,103],"floor_reached":29,"playtime":498,"items_purged":["Pain","Strike_P"],"score":438,"play_id":"8bbb038a-9e75-4009-b0d3-dc17e5705a1e","local_time":"20210103045904","is_ascension_mode":true,"campfire_choices":[{"data":"Eruption","floor":6.0,"key":"SMITH"},{"data":"PathToVictory","floor":13.0,"key":"SMITH"},{"data":"PathToVictory","floor":15.0,"key":"SMITH"},{"floor":23,"key":"REST"},{"data":"Devotion","floor":25,"key":"SMITH"},{"data":"RitualDagger","floor":27,"key":"SMITH"}],"circlet_count":0,"master_deck":["AscendersBane","Eruption+1","Vigilance","PathToVictory+1","EmptyFist","PathToVictory+1","Collect","EmptyBody","Devotion+1","Vengeance","BowlingBash","Brilliance","Consecrate","Brilliance","Establishment","Brilliance","Halt","Protect","Ghostly","Ghostly","Ghostly","RitualDagger+1","Necronomicurse"],"relics":["VioletLotus","WarpedTongs","Omamori","Singing Bowl","Golden Idol","Pandora\u0027s Box","Necronomicon","Pear","Toy Ornithopter"],"acts_visited":["Exordium","TheCity"],"potions_floor_usage":[18,29,29],"damage_taken":[{"damage":4.0,"enemies":"Jaw Worm","floor":1.0,"turns":5.0},{"damage":1.0,"enemies":"Cultist","floor":2.0,"turns":4.0},{"damage":0.0,"enemies":"Small Slimes","floor":5.0,"turns":2.0},{"damage":13.0,"enemies":"Lagavulin","floor":7.0,"turns":4.0},{"damage":6.0,"enemies":"3 Louse","floor":8.0,"turns":2.0},{"damage":6.0,"enemies":"Hexaghost","floor":16.0,"turns":9.0},{"damage":10,"enemies":"2 Thieves","floor":18,"turns":2},{"damage":0,"enemies":"Spheric Guardian","floor":19,"turns":2},{"damage":26,"enemies":"Cultist and Chosen","floor":28,"turns":6},{"damage":16,"enemies":"Book of Stabbing","floor":29,"turns":2}],"seed_played":"4792233075166120283","potions_obtained":[{"floor":2.0,"key":"GamblersBrew"},{"floor":16.0,"key":"BlessingOfTheForge"},{"floor":18,"key":"LiquidBronze"}],"is_trial":false,"path_per_floor":["M","M","?","$","M","R","E","M","T","$","?","?","R","?","R","B",null,"M","M","?","?","?","R","$","R","T","R","M","E"],"character_chosen":"WATCHER","items_purchased":["Pear"],"campfire_rested":1,"item_purchase_floors":[24],"current_hp_per_floor":[57,56,56,56,56,56,43,37,37,37,37,17,17,17,17,11,54,44,44,34,28,7,17,27,27,27,27,3,0,0],"gold":103,"neow_bonus":"BOSS_RELIC","is_daily":false,"chose_seed":false,"campfire_upgraded":5,"win_rate":0.0,"timestamp":1609621144,"path_taken":["M","M","?","$","M","R","E","?","T","?","?","?","R","?","R","BOSS","M","M","?","?","?","R","?","R","T","R","M","E"],"items_purchased_type":["Relic"],"build_version":"2020-12-22","purchased_purges":2,"victory":false,"max_hp_per_floor":[68,68,68,68,68,68,68,68,68,68,68,68,68,68,68,68,68,68,68,34,34,34,34,44,44,44,44,46,46,46],"card_choices":[{"not_picked":["EmptyBody","JustLucky"],"picked":"PathToVictory","floor":1.0},{"not_picked":["FollowUp","ReachHeaven"],"picked":"EmptyFist","floor":2.0},{"not_picked":["EmptyFist","FlyingSleeves"],"picked":"PathToVictory","floor":5.0},{"not_picked":["Crescendo","CutThroughFate"],"picked":"Collect","floor":7.0},{"not_picked":["Evaluate","CutThroughFate"],"picked":"EmptyBody","floor":8.0},{"not_picked":["Omniscience","Blasphemy"],"picked":"Devotion","floor":16.0},{"not_picked":["FlurryOfBlows+1","Perseverance+1"],"picked":"Halt","floor":18},{"not_picked":["Indignation","FearNoEvil"],"picked":"Protect","floor":19},{"not_picked":["FollowUp","ReachHeaven","WheelKick"],"picked":"Singing Bowl","floor":28}],"player_experience":935460,"relics_obtained":[{"floor":7.0,"key":"Omamori"},{"floor":9.0,"key":"Singing Bowl"},{"floor":22,"key":"Necronomicon"},{"floor":26,"key":"Toy Ornithopter"}],"event_choices":[{"damage_healed":0.0,"max_hp_gain":0.0,"max_hp_loss":0.0,"gold_gain":0.0,"event_name":"Accursed Blacksmith","player_choice":"Rummage","floor":3.0,"gold_loss":0.0,"damage_taken":0.0,"relics_obtained":["WarpedTongs"],"cards_obtained":["Pain"]},{"damage_healed":0.0,"max_hp_gain":0.0,"max_hp_loss":0.0,"gold_gain":0.0,"event_name":"Golden Idol","player_choice":"Take Wound","floor":11.0,"gold_loss":0.0,"damage_taken":0.0,"relics_obtained":["Golden Idol"],"cards_obtained":["Injury"]},{"damage_healed":0.0,"max_hp_gain":0.0,"max_hp_loss":0.0,"gold_gain":0.0,"event_name":"Shining Light","player_choice":"Entered Light","floor":12.0,"gold_loss":0.0,"damage_taken":20.0,"cards_upgraded":["Defend_P","Strike_P"]},{"damage_healed":0.0,"max_hp_gain":0.0,"max_hp_loss":0.0,"gold_gain":150.0,"event_name":"Liars Game","player_choice":"AGREE","floor":14.0,"gold_loss":0.0,"damage_taken":0.0,"cards_obtained":["Doubt"]},{"damage_healed":0,"gold_gain":0,"player_choice":"Became a Ghost","damage_taken":0,"max_hp_gain":0,"max_hp_loss":34,"event_name":"Ghosts","floor":20,"gold_loss":0,"cards_obtained":["Ghostly","Ghostly","Ghostly"]},{"damage_healed":0,"gold_gain":0,"player_choice":"Joined the Cult","damage_taken":6,"max_hp_gain":0,"max_hp_loss":0,"event_name":"Nest","floor":21,"gold_loss":0,"cards_obtained":["RitualDagger"]},{"damage_healed":0,"gold_gain":0,"player_choice":"Obtained Book","damage_taken":21,"max_hp_gain":0,"max_hp_loss":0,"event_name":"Cursed Tome","floor":22,"gold_loss":0}],"is_beta":false,"boss_relics":[{"not_picked":["Empty Cage","Philosopher\u0027s Stone"],"picked":"Pandora\u0027s Box"}],"items_purged_floors":[4,10],"is_endless":false,"potions_floor_spawned":[2,16,18],"killed_by":"Book of Stabbing","ascension_level":20}}