{"host":"axuns55dzq466eei","time":1609602088,"event":{"mods":["BaseMod","Colored Map","Keyboard Shortcuts","Minty Spire (QoL Compilation)","StSLib","SuperFastMode"],"gold_per_floor":[116,130,130,149,163,163,181,202,202,213,213,228,228,153,153,227,227,243,243,81,131,31,31,65,65,65,65,78,96,96,106,106,106,106],"floor_reached":33,"playtime":1137,"items_purged":["Strike_G","Strike_G"],"score":514,"play_id":"a4ba4fb5-9aa0-4659-941f-c19c2e67c617","local_time":"20210103004128","is_ascension_mode":true,"campfire_choices":[{"data":"Prepared","floor":6.0,"key":"SMITH"},{"data":"Tactician","floor":11.0,"key":"SMITH"},{"data":"Crippling Poison","floor":13.0,"key":"SMITH"},{"data":"Noxious Fumes","floor":15.0,"key":"SMITH"},{"floor":23,"key":"REST"},{"floor":25,"key":"RECALL"},{"floor":32,"key":"REST"}],"circlet_count":0,"master_deck":["AscendersBane","Strike_G","Strike_G","Defend_G","Defend_G","Defend_G","Defend_G","Defend_G","Survivor","Neutralize","Acrobatics","Crippling Poison+1","All Out Attack","Tactician+1","Prepared+1","Predator","Noxious Fumes+1","Dagger Throw","After Image","Bouncing Flask","Well Laid Plans","Adrenaline","Blur","Prepared+1","Expertise"],"relics":["Ring of the Snake","NeowsBlessing","Odd Mushroom","Mummified Hand","Fusion Hammer","Snake Skull","Regal Pillow"],"acts_visited":["Exordium","TheCity"],"potions_floor_usage":[16,16,24,31,33],"damage_taken":[{"damage":0.0,"enemies":"Cultist","floor":1.0,"turns":1.0},{"damage":0.0,"enemies":"2 Louse","floor":2.0,"turns":1.0},{"damage":0.0,"enemies":"Jaw Worm","floor":4.0,"turns":1.0},{"damage":5.0,"enemies":"3 Louse","floor":5.0,"turns":2.0},{"damage":8.0,"enemies":"Blue Slaver","floor":7.0,"turns":6.0},{"damage":13.0,"enemies":"The Mushroom Lair","floor":8.0,"turns":4.0},{"damage":0.0,"enemies":"2 Fungi Beasts","floor":10.0,"turns":4.0},{"damage":2.0,"enemies":"3 Louse","floor":12.0,"turns":3.0},{"damage":22,"enemies":"Hexaghost","floor":16,"turns":11},{"damage":3,"enemies":"2 Thieves","floor":18,"turns":4},{"damage":9,"enemies":"Book of Stabbing","floor":24,"turns":6},{"damage":4,"enemies":"Shell Parasite","floor":28,"turns":4},{"damage":6,"enemies":"Snecko","floor":29,"turns":4},{"damage":5,"enemies":"Snake Plant","floor":31,"turns":3},{"damage":61,"enemies":"Collector","floor":33,"turns":7}],"seed_played":"-7564675170469223521","potions_obtained":[{"floor":4.0,"key":"Poison Potion"},{"floor":7.0,"key":"DistilledChaos"},{"floor":10.0,"key":"SpeedPotion"},{"floor":12.0,"key":"Block Potion"},{"floor":16,"key":"PowerPotion"},{"floor":24,"key":"ColorlessPotion"},{"floor":28,"key":"Block Potion"}],"is_trial":false,"path_per_floor":["M","M","?","M","M","R","M","?","T","M","R","M","R","$","R","B",null,"M","?","$","?","$","R","E","R","T","?","M","M","?","M","R","B"],"character_chosen":"THE_SILENT","items_purchased":["Adrenaline"],"campfire_rested":2,"item_purchase_floors":[20],"current_hp_per_floor":[59,59,59,59,54,54,46,33,33,33,33,31,31,31,31,9,52,49,49,49,49,49,66,57,57,57,39,35,29,29,24,60,0,0],"gold":106,"neow_bonus":"THREE_ENEMY_KILL","is_daily":false,"chose_seed":false,"campfire_upgraded":4,"win_rate":0.0,"timestamp":1609602088,"path_taken":["M","M","?","?","M","R","M","?","T","M","R","M","R","$","R","BOSS","M","?","$","?","$","R","E","R","T","?","M","M","?","M","R","BOSS"],"items_purchased_type":["Card"],"build_version":"2020-12-22","purchased_purges":2,"victory":false,"max_hp_per_floor":[66,66,66,66,66,66,66,66,66,66,66,66,66,66,66,66,66,66,66,66,66,66,66,66,66,66,71,71,71,71,71,71,71,71],"card_choices":[{"not_picked":["Outmaneuver","Flechettes"],"picked":"Acrobatics","floor":1.0},{"not_picked":["Outmaneuver","Quick Slash"],"picked":"Crippling Poison","floor":2.0},{"not_picked":["Dagger Throw","Masterful Stab"],"picked":"Tactician","floor":4.0},{"not_picked":["Infinite Blades","Sucker Punch"],"picked":"Prepared","floor":5.0},{"not_picked":["Finisher","All Out Attack"],"picked":"Predator","floor":7.0},{"not_picked":["Acrobatics","Prepared"],"picked":"Noxious Fumes","floor":10.0},{"not_picked":["Dagger Throw","Envenom","Bane"],"picked":"SKIP","floor":12.0},{"not_picked":["Envenom","Bane"],"picked":"Dagger Throw","floor":12.0},{"not_picked":["Storm of Steel","Bullet Time"],"picked":"After Image","floor":16},{"not_picked":["Riddle With Holes","Crippling Poison"],"picked":"Bouncing Flask","floor":18},{"not_picked":["Concentrate","Distraction+1","Infinite Blades"],"picked":"SKIP","floor":24},{"not_picked":["PiercingWail","Backflip"],"picked":"Blur","floor":28},{"not_picked":["Dagger Spray","Cloak And Dagger"],"picked":"Prepared+1","floor":29},{"not_picked":["Well Laid Plans","Terror"],"picked":"Expertise","floor":31}],"player_experience":1057616,"relics_obtained":[{"floor":8.0,"key":"Odd Mushroom"},{"floor":9.0,"key":"Mummified Hand"},{"floor":24,"key":"Snake Skull"},{"floor":26,"key":"Regal Pillow"}],"event_choices":[{"damage_healed":0.0,"max_hp_gain":0.0,"max_hp_loss":0.0,"gold_gain":0.0,"cards_transformed":["Strike_G"],"event_name":"Transmorgrifier","player_choice":"Transformed","floor":3.0,"gold_loss":0.0,"damage_taken":0.0,"cards_obtained":["All Out Attack"]},{"damage_healed":0.0,"max_hp_gain":0.0,"max_hp_loss":0.0,"gold_gain":0.0,"event_name":"Mushrooms","player_choice":"Fought Mushrooms","floor":8.0,"gold_loss":0.0,"damage_taken":0.0},{"damage_healed":0,"gold_gain":0,"player_choice":"Read","damage_taken":0,"max_hp_gain":0,"max_hp_loss":0,"event_name":"The Library","floor":19,"gold_loss":0,"cards_obtained":["Well Laid Plans"]},{"damage_healed":0,"gold_gain":50,"player_choice":"Stole From Cult","damage_taken":0,"max_hp_gain":0,"max_hp_loss":0,"event_name":"Nest","floor":21,"gold_loss":0},{"damage_healed":0,"gold_gain":0,"player_choice":"Shed Blood","damage_taken":23,"max_hp_gain":5,"max_hp_loss":0,"event_name":"Forgotten Altar","floor":27,"gold_loss":0},{"damage_healed":0,"gold_gain":0,"player_choice":"Ignored","damage_taken":0,"max_hp_gain":0,"max_hp_loss":0,"event_name":"Vampires","floor":30,"gold_loss":0}],"is_beta":false,"boss_relics":[{"not_picked":["Velvet Choker","Snecko Eye"],"picked":"Fusion Hammer"}],"items_purged_floors":[14,22],"is_endless":false,"potions_floor_spawned":[4,7,10,12,16,24,28,29],"killed_by":"Collector","ascension_level":20}}