{"host":"h4lp0eeso8a0ssq0","time":1609620485,"event":{"mods":["2.2 Compatiblity","AchievementEnabler","BaseMod","CapriCore","Colored Map","Lobotomy","Minty Spire (QoL Compilation)","StSLib","SuperFastMode"],"gold_per_floor":[113,129,142,161,161,190,209,209,209,229,229,241,258,114,114,216,216,229,263,263,282,182,182,97,130,130,150,150,150,68,101,101,101,101],"floor_reached":33,"playtime":888,"items_purged":["Strike_R","Strike_R"],"score":287,"play_id":"0a08ae43-890a-4e65-b72e-1bb73093ad7e","local_time":"20210103054805","is_ascension_mode":false,"campfire_choices":[{"data":"Flex","floor":8.0,"key":"SMITH"},{"data":"Shrug It Off","floor":11.0,"key":"SMITH"},{"data":"Flex","floor":15.0,"key":"SMITH"},{"data":"Whirlwind","floor":23.0,"key":"SMITH"},{"data":"Sword Boomerang","floor":29.0,"key":"SMITH"},{"data":"Whirlwind","floor":32.0,"key":"SMITH"}],"circlet_count":0,"master_deck":["Strike_R+1","Strike_R","Strike_R+1","Defend_R","Defend_R","Defend_R","Defend_R","Bash","Battle Trance","Flex+1","Pommel Strike","Shrug It Off+1","Flex+1","Carnage","Whirlwind+1","Spot Weakness+1","Warcry+1","Disarm+1","Heavy Blade+1","Sword Boomerang+1","Whirlwind+1"],"relics":["Burning Blood","Oddly Smooth Stone","Omamori","Whetstone","Cursed Key","Red Mask","War Paint","HornCleat","Boot"],"acts_visited":["Exordium","TheCity"],"potions_floor_usage":[33,33],"damage_taken":[{"damage":2.0,"enemies":"Jaw Worm","floor":1.0,"turns":4.0},{"damage":3.0,"enemies":"Cultist","floor":2.0,"turns":4.0},{"damage":1.0,"enemies":"2 Louse","floor":3.0,"turns":4.0},{"damage":12.0,"enemies":"Exordium Wildlife","floor":4.0,"turns":4.0},{"damage":18.0,"enemies":"3 Sentries","floor":6.0,"turns":8.0},{"damage":10.0,"enemies":"Looter","floor":7.0,"turns":2.0},{"damage":0.0,"enemies":"Large Slime","floor":10.0,"turns":3.0},{"damage":6.0,"enemies":"2 Fungi Beasts","floor":12.0,"turns":4.0},{"damage":4.0,"enemies":"Looter","floor":13.0,"turns":2.0},{"damage":51.0,"enemies":"Slime Boss","floor":16.0,"turns":14.0},{"damage":0.0,"enemies":"Chosen","floor":18.0,"turns":3.0},{"damage":10.0,"enemies":"Masked Bandits","floor":19.0,"turns":2.0},{"damage":18.0,"enemies":"2 Thieves","floor":21.0,"turns":3.0},{"damage":18.0,"enemies":"Gremlin Leader","floor":25.0,"turns":4.0},{"damage":12.0,"enemies":"Snecko","floor":27.0,"turns":4.0},{"damage":20.0,"enemies":"Book of Stabbing","floor":31.0,"turns":4.0},{"damage":73,"enemies":"Collector","floor":33,"turns":6}],"seed_played":"5171444297825163999","potions_obtained":[{"floor":3.0,"key":"Dexterity Potion"},{"floor":4.0,"key":"PowerPotion"},{"floor":12.0,"key":"BloodPotion"},{"floor":13.0,"key":"LiquidMemories"},{"floor":27.0,"key":"Fire Potion"}],"is_trial":false,"path_per_floor":["M","M","M","M","?","E","M","R","T","M","R","M","M","$","R","B",null,"M","?","T","M","$","R","?","E","T","M","?","R","$","E","R","B"],"character_chosen":"IRONCLAD","items_purchased":["Whirlwind","Whirlwind"],"campfire_rested":0,"item_purchase_floors":[14,30],"current_hp_per_floor":[80,80,80,74,74,62,58,58,58,64,64,64,66,66,66,21,80,80,76,76,64,64,64,64,52,52,46,46,46,46,32,32,0,0],"gold":101,"neow_bonus":"RANDOM_COMMON_RELIC","is_daily":false,"chose_seed":false,"campfire_upgraded":6,"win_rate":0.0,"timestamp":1609620485,"path_taken":["M","M","M","M","?","E","M","R","T","M","R","M","?","$","R","BOSS","M","?","?","M","$","R","?","E","T","M","?","R","?","E","R","BOSS"],"items_purchased_type":["Card","Card"],"build_version":"2020-12-22","purchased_purges":2,"victory":false,"max_hp_per_floor":[80,80,80,80,80,80,80,80,80,80,80,80,80,80,80,80,80,80,80,80,80,80,80,80,80,80,80,80,80,80,80,80,80,80],"card_choices":[{"not_picked":["Cleave","Warcry"],"picked":"Battle Trance","floor":1.0},{"not_picked":["Rage","Body Slam"],"picked":"Flex","floor":2.0},{"not_picked":["Hemokinesis","Sword Boomerang"],"picked":"Pommel Strike","floor":3.0},{"not_picked":["Havoc","Burning Pact"],"picked":"Shrug It Off","floor":4.0},{"not_picked":["Reckless Charge","Havoc","Flex"],"picked":"SKIP","floor":6.0},{"not_picked":["Metallicize","Cleave","Bloodletting"],"picked":"SKIP","floor":7.0},{"not_picked":["Metallicize","Cleave","Bloodletting"],"picked":"SKIP","floor":7.0},{"not_picked":["Cleave","Rage"],"picked":"Flex","floor":10.0},{"not_picked":["Iron Wave","Exhume"],"picked":"Carnage","floor":12.0},{"not_picked":["Searing Blow","Anger","Wild Strike"],"picked":"SKIP","floor":13.0},{"not_picked":["Whirlwind","Feel No Pain"],"picked":"Spot Weakness","floor":18.0},{"not_picked":["Blood for Blood+1","Wild Strike"],"picked":"Warcry","floor":19.0},{"not_picked":["Pommel Strike","Twin Strike"],"picked":"Disarm+1","floor":21.0},{"not_picked":["Burning Pact","Dropkick+1"],"picked":"Heavy Blade+1","floor":25.0},{"not_picked":["Thunderclap","Battle Trance"],"picked":"Sword Boomerang","floor":27.0},{"not_picked":["Sever Soul+1","Reckless Charge+1","Thunderclap"],"picked":"SKIP","floor":31.0}],"player_experience":33233,"relics_obtained":[{"floor":6.0,"key":"Omamori"},{"floor":9.0,"key":"Whetstone"},{"floor":19.0,"key":"Red Mask"},{"floor":25.0,"key":"HornCleat"},{"floor":31.0,"key":"Boot"}],"event_choices":[{"damage_healed":0.0,"max_hp_gain":0.0,"max_hp_loss":0.0,"gold_gain":0.0,"event_name":"The Woman in Blue","player_choice":"Bought 0 Potions","floor":5.0,"gold_loss":0.0,"damage_taken":0.0},{"damage_healed":0.0,"max_hp_gain":0.0,"max_hp_loss":0.0,"gold_gain":0.0,"event_name":"Masked Bandits","player_choice":"Fought Bandits","floor":19.0,"gold_loss":0.0,"damage_taken":0.0},{"damage_healed":0.0,"max_hp_gain":0.0,"max_hp_loss":0.0,"gold_gain":0.0,"event_name":"Addict","player_choice":"Obtained Relic","floor":24.0,"gold_loss":85.0,"damage_taken":0.0,"relics_obtained":["War Paint"]},{"damage_healed":0.0,"max_hp_gain":0.0,"max_hp_loss":0.0,"gold_gain":0.0,"event_name":"Vampires","player_choice":"Ignored","floor":28.0,"gold_loss":0.0,"damage_taken":0.0}],"is_beta":false,"boss_relics":[{"not_picked":["Runic Cube","Empty Cage"],"picked":"Cursed Key"}],"items_purged_floors":[14,22],"is_endless":false,"potions_floor_spawned":[3,4,12,13,21,27,31],"killed_by":"Collector","ascension_level":0}}