{"host":"Bilverbakes","time":1609548494,"event":{"mods":["2.2 Compatiblity","AchievementEnabler","BaseMod","Bestiary","Colored Map","Minty Spire (QoL Compilation)","Relic Stats","StSLib","ojb\u0027s Info Mod"],"gold_per_floor":[126,150,181,193,225,269,281,318,330,342,354,336,348,385,397,483,495,526,538,550,577,155,155,70,70,70,16,47,47,58,58,58,58,58],"floor_reached":33,"playtime":1495,"items_purged":["Strike_G"],"score":593,"play_id":"074bd488-557f-41db-b3b8-0279e6129e06","local_time":"20210101184814","is_ascension_mode":true,"campfire_choices":[{"data":"Dagger Throw","floor":7.0,"key":"SMITH"},{"floor":10.0,"key":"REST"},{"data":"Dash","floor":13.0,"key":"SMITH"},{"floor":15.0,"key":"REST"},{"data":"Apotheosis","floor":23.0,"key":"SMITH"},{"data":"Footwork","floor":25.0,"key":"SMITH"},{"floor":32,"key":"REST"}],"circlet_count":0,"master_deck":["AscendersBane","Defend_G+1","Defend_G","Defend_G","Defend_G","Survivor","Neutralize","Dagger Throw+1","Poisoned Stab+1","Dash+1","All Out Attack","Endless Agony","Footwork+1","Die Die Die","Adrenaline","Dodge and Roll+1","Cloak And Dagger","Apotheosis+1","Glass Knife","Malaise","Deadly Poison","Eviscerate+1"],"relics":["Ring of the Snake","MawBank","Vajra","Happy Flower","Anchor","Darkstone Periapt","Empty Cage","Centennial Puzzle","War Paint","White Beast Statue","Blue Candle"],"acts_visited":["Exordium","TheCity"],"potions_floor_usage":[33,33],"damage_taken":[{"damage":0.0,"enemies":"Small Slimes","floor":1.0,"turns":5.0},{"damage":1.0,"enemies":"Cultist","floor":2.0,"turns":4.0},{"damage":2.0,"enemies":"Jaw Worm","floor":3.0,"turns":6.0},{"damage":0.0,"enemies":"2 Fungi Beasts","floor":5.0,"turns":3.0},{"damage":22.0,"enemies":"Lagavulin","floor":6.0,"turns":7.0},{"damage":30.0,"enemies":"Gremlin Nob","floor":8.0,"turns":4.0},{"damage":26.0,"enemies":"Lagavulin","floor":14.0,"turns":6.0},{"damage":36.0,"enemies":"Slime Boss","floor":16.0,"turns":11.0},{"damage":11.0,"enemies":"Chosen","floor":18.0,"turns":5.0},{"damage":2.0,"enemies":"2 Thieves","floor":21.0,"turns":3.0},{"damage":0.0,"enemies":"Book of Stabbing","floor":28.0,"turns":4.0},{"damage":12,"enemies":"Snake Plant","floor":30,"turns":5},{"damage":17,"enemies":"Champ","floor":33,"turns":15}],"seed_played":"-320445933531692470","potions_obtained":[{"floor":3.0,"key":"EssenceOfSteel"},{"floor":5.0,"key":"Fire Potion"},{"floor":12.0,"key":"FairyPotion"},{"floor":12.0,"key":"GamblersBrew"},{"floor":18.0,"key":"SteroidPotion"},{"floor":28.0,"key":"CunningPotion"},{"floor":30,"key":"Block Potion"}],"is_trial":false,"path_per_floor":["M","M","M","?","M","E","R","E","T","R","?","?","R","E","R","B",null,"M","T","?","M","$","R","?","R","T","$","E","?","M","$","R","B"],"character_chosen":"THE_SILENT","items_purchased":["Apotheosis","Glass Knife","Strength Potion"],"campfire_rested":3,"item_purchase_floors":[22,22,27],"current_hp_per_floor":[59,58,56,56,56,34,34,4,4,23,23,23,23,19,38,2,50,39,39,21,19,19,19,19,19,19,19,19,19,7,7,28,11,11],"gold":58,"neow_bonus":"RANDOM_COMMON_RELIC","is_daily":false,"chose_seed":false,"campfire_upgraded":4,"win_rate":0.0,"timestamp":1609548494,"path_taken":["M","M","M","?","?","E","R","E","T","R","?","?","R","E","R","BOSS","M","?","?","M","$","R","?","R","T","$","E","?","?","?","R","BOSS"],"items_purchased_type":["Card","Card","Potion"],"build_version":"2020-12-18","purchased_purges":1,"victory":false,"max_hp_per_floor":[66,66,66,66,66,66,66,66,66,66,66,66,66,66,66,66,66,66,66,71,71,71,71,71,71,71,71,71,71,71,71,71,71,71],"relic_stats":{"Darkstone Periapt":0,"Centennial Puzzle":[12],"Happy Flower":[16],"counters":[13,78],"Blue Candle":[0],"War Paint":["Dodge and Roll","Defend_G"],"MawBank":264,"obtain_stats":[{"Darkstone Periapt":14,"Anchor":9,"Centennial Puzzle":19,"Happy Flower":8,"Blue Candle":28,"Vajra":6,"War Paint":24,"MawBank":0,"Empty Cage":17,"White Beast Statue":26,"Ring of the Snake":0},{"Darkstone Periapt":7,"Anchor":6,"Centennial Puzzle":9,"Happy Flower":6,"Blue Candle":11,"Vajra":5,"War Paint":10,"MawBank":0,"Empty Cage":8,"White Beast Statue":10,"Ring of the Snake":0},{"Darkstone Periapt":35,"Anchor":29,"Centennial Puzzle":51,"Happy Flower":29,"Blue Candle":58,"Vajra":25,"War Paint":54,"MawBank":0,"Empty Cage":46,"White Beast Statue":54,"Ring of the Snake":0}],"Ring of the Snake":[27]},"card_choices":[{"not_picked":["Eviscerate","Bane"],"picked":"Dagger Throw","floor":1.0},{"not_picked":["Slice","Outmaneuver"],"picked":"Poisoned Stab","floor":2.0},{"not_picked":["Blur","Deflect"],"picked":"Dash","floor":3.0},{"not_picked":["Dodge and Roll","Dagger Spray"],"picked":"All Out Attack","floor":5.0},{"not_picked":["PiercingWail","Catalyst"],"picked":"Endless Agony","floor":6.0},{"not_picked":["Reflex","Well Laid Plans"],"picked":"Footwork","floor":8.0},{"not_picked":["Blade Dance","Caltrops"],"picked":"Die Die Die","floor":14.0},{"not_picked":["Bullet Time","Tools of the Trade"],"picked":"Adrenaline","floor":16.0},{"not_picked":["Terror","Dash"],"picked":"Dodge and Roll","floor":18.0},{"not_picked":["Bane","Sucker Punch"],"picked":"Cloak And Dagger","floor":21.0},{"not_picked":["Sucker Punch","Dagger Spray","Setup"],"picked":"SKIP","floor":28.0},{"not_picked":["Slice","Distraction"],"picked":"Eviscerate+1","floor":30}],"player_experience":517245,"relics_obtained":[{"floor":6.0,"key":"Vajra"},{"floor":8.0,"key":"Happy Flower"},{"floor":9.0,"key":"Anchor"},{"floor":14.0,"key":"Darkstone Periapt"},{"floor":19.0,"key":"Centennial Puzzle"},{"floor":26.0,"key":"White Beast Statue"},{"floor":28.0,"key":"Blue Candle"}],"event_choices":[{"cards_removed":["Strike_G"],"damage_healed":0.0,"max_hp_gain":0.0,"max_hp_loss":0.0,"gold_gain":0.0,"event_name":"Purifier","player_choice":"Purged","floor":4.0,"gold_loss":0.0,"damage_taken":0.0},{"damage_healed":0.0,"max_hp_gain":0.0,"max_hp_loss":0.0,"gold_gain":0.0,"event_name":"Living Wall","player_choice":"Grow","floor":11.0,"gold_loss":0.0,"damage_taken":0.0,"cards_upgraded":["Poisoned Stab"]},{"damage_healed":0.0,"max_hp_gain":0.0,"max_hp_loss":0.0,"gold_gain":0.0,"event_name":"The Woman in Blue","player_choice":"Bought 2 Potions","floor":12.0,"gold_loss":0.0,"damage_taken":0.0},{"damage_healed":0.0,"max_hp_gain":5.0,"max_hp_loss":0.0,"gold_gain":0.0,"event_name":"Forgotten Altar","player_choice":"Shed Blood","floor":20.0,"gold_loss":0.0,"damage_taken":23.0},{"damage_healed":0.0,"max_hp_gain":0.0,"max_hp_loss":0.0,"gold_gain":0.0,"event_name":"Addict","player_choice":"Obtained Relic","floor":24.0,"gold_loss":85.0,"damage_taken":0.0,"relics_obtained":["War Paint"]},{"damage_healed":0.0,"max_hp_gain":0.0,"max_hp_loss":0.0,"gold_gain":0.0,"cards_transformed":["Strike_G","Defend_G"],"event_name":"Drug Dealer","player_choice":"Became Test Subject","floor":29.0,"gold_loss":0.0,"damage_taken":0.0,"cards_obtained":["Malaise","Deadly Poison"]}],"is_beta":true,"boss_relics":[{"not_picked":["Busted Crown","SlaversCollar"],"picked":"Empty Cage"}],"items_purged_floors":[22],"is_endless":false,"potions_floor_spawned":[3,5,18,28,30],"killed_by":"Champ","ascension_level":19}}