{"host":"kfumdudmm22ibbgw","time":1609628713,"event":{"mods":["BaseMod","Minty Spire (QoL Compilation)"],"gold_per_floor":[114,124,124,170,187,214,214,489,489,489,186,219,235,246,246,349,349,359,234,234,247,264,264,279,279,279,290,318,13,13,25,25,127,127,137,157,173,193,43,78,78,78,103,115,115,134,134,154,154,154],"floor_reached":51,"playtime":3393,"items_purged":["Regret","Strike_G","Writhe","Defend_G+1"],"score":766,"play_id":"d9364ee0-65f6-43cf-8081-3b678e1d1aac","local_time":"20210103000513","is_ascension_mode":false,"campfire_choices":[{"data":"Bane","floor":7,"key":"SMITH"},{"data":"Deadly Poison","floor":10,"key":"SMITH"},{"floor":15,"key":"REST"},{"data":"Defend_G+1","floor":23,"key":"PURGE"},{"data":"Strike_G+1","floor":30,"key":"PURGE"},{"data":"Strike_G+1","floor":32,"key":"PURGE"},{"data":"Strike_G+1","floor":41,"key":"PURGE"},{"data":"Parasite","floor":45,"key":"PURGE"},{"data":"Strike_G+1","floor":47,"key":"PURGE"},{"data":"Burst","floor":49,"key":"SMITH"}],"circlet_count":0,"master_deck":["Defend_G+1","Defend_G+1","Defend_G+1","Survivor","Neutralize","Deadly Poison+1","Footwork","Bane+1","Footwork+1","Deadly Poison","Burst+1","Backflip+1","Noxious Fumes+1","Envenom+1","Blur+1","Backflip+1","Blur+1","Impatience+1"],"relics":["Ring of the Snake","NeowsBlessing","Blood Vial","Frozen Egg 2","Mercury Hourglass","Membership Card","Snake Skull","Peace Pipe","Cursed Key","MealTicket","Gremlin Horn","Red Mask","Eternal Feather","Paper Crane","Coffee Dripper","Oddly Smooth Stone","Toxic Egg 2","Bronze Scales"],"acts_visited":["Exordium","TheCity","TheBeyond"],"potions_floor_usage":[6,18,33,34,38,40],"damage_taken":[{"damage":0,"enemies":"Cultist","floor":1,"turns":1},{"damage":0,"enemies":"2 Louse","floor":2,"turns":1},{"damage":0,"enemies":"Jaw Worm","floor":5,"turns":1},{"damage":8,"enemies":"Lagavulin","floor":6,"turns":6},{"damage":13,"enemies":"Gremlin Nob","floor":12,"turns":4},{"damage":0,"enemies":"2 Fungi Beasts","floor":13,"turns":3},{"damage":4,"enemies":"Red Slaver","floor":14,"turns":2},{"damage":18,"enemies":"The Guardian","floor":16,"turns":9},{"damage":8,"enemies":"Spheric Guardian","floor":18,"turns":6},{"damage":2,"enemies":"Chosen","floor":21,"turns":3},{"damage":0,"enemies":"3 Cultists","floor":22,"turns":6},{"damage":9,"enemies":"Centurion and Healer","floor":24,"turns":7},{"damage":0,"enemies":"Chosen and Byrds","floor":27,"turns":4},{"damage":12,"enemies":"Masked Bandits","floor":28,"turns":4},{"damage":0,"enemies":"Cultist and Chosen","floor":31,"turns":4},{"damage":0,"enemies":"Champ","floor":33,"turns":9},{"damage":0,"enemies":"Orb Walker","floor":35,"turns":3},{"damage":0,"enemies":"3 Shapes","floor":36,"turns":4},{"damage":16,"enemies":"Spire Growth","floor":37,"turns":4},{"damage":0,"enemies":"4 Shapes","floor":38,"turns":4},{"damage":19,"enemies":"Nemesis","floor":40,"turns":7},{"damage":0,"enemies":"Writhing Mass","floor":44,"turns":5},{"damage":0,"enemies":"Jaw Worm Horde","floor":46,"turns":4},{"damage":0,"enemies":"3 Darklings","floor":48,"turns":4},{"damage":0,"enemies":"Donu and Deca","floor":50,"turns":10}],"seed_played":"8765291385216712294","potions_obtained":[{"floor":5,"key":"Fire Potion"},{"floor":13,"key":"Weak Potion"},{"floor":14,"key":"DuplicationPotion"},{"floor":16,"key":"Swift Potion"},{"floor":18,"key":"Weak Potion"},{"floor":24,"key":"Energy Potion"},{"floor":33,"key":"Fruit Juice"},{"floor":36,"key":"GhostInAJar"},{"floor":44,"key":"Weak Potion"},{"floor":46,"key":"Block Potion"}],"is_trial":false,"path_per_floor":["M","M","?","T","M","E","R","?","T","R","$","E","M","M","R","B",null,"M","$","?","M","M","R","M","?","T","M","?","$","R","M","R","B",null,"M","M","M","M","$","E","R","?","T","M","R","M","R","M","R","B",null],"character_chosen":"THE_SILENT","items_purchased":["Membership Card","Snake Skull","Footwork+1","MealTicket","Eternal Feather","Paper Crane","Oddly Smooth Stone"],"campfire_rested":1,"item_purchase_floors":[11,11,11,19,29,29,39],"current_hp_per_floor":[70,70,75,75,75,67,67,67,67,67,67,56,58,56,75,57,75,67,67,67,67,69,69,62,62,62,64,54,69,75,75,75,75,80,80,80,64,66,80,61,70,70,70,72,77,77,77,77,77,77],"gold":154,"neow_bonus":"THREE_ENEMY_KILL","is_daily":false,"chose_seed":false,"campfire_upgraded":3,"win_rate":0.0,"timestamp":1609628713,"path_taken":["M","?","?","?","M","E","R","?","T","R","$","E","M","M","R","BOSS","M","$","?","M","M","R","M","?","T","M","?","$","R","M","R","BOSS","M","M","M","M","$","E","R","?","T","M","R","M","R","M","R","BOSS"],"items_purchased_type":["Relic","Relic","Card","Relic","Relic","Relic","Relic"],"build_version":"2020-12-22","purchased_purges":4,"victory":true,"max_hp_per_floor":[70,70,75,75,75,75,75,75,75,75,75,75,75,75,75,75,75,75,75,75,75,75,75,75,75,75,75,75,75,75,75,75,75,80,80,80,80,80,80,80,80,80,80,80,77,77,77,77,77,77],"card_choices":[{"not_picked":["PiercingWail","Dagger Spray"],"picked":"Deadly Poison","floor":1},{"not_picked":["Underhanded Strike","Crippling Poison"],"picked":"Footwork","floor":2},{"not_picked":["Riddle With Holes","PiercingWail"],"picked":"Bane","floor":5},{"not_picked":["Venomology","PiercingWail","Quick Slash"],"picked":"SKIP","floor":6},{"not_picked":["Riddle With Holes","Underhanded Strike","Acrobatics"],"picked":"SKIP","floor":12},{"not_picked":["Leg Sweep","Backflip"],"picked":"Deadly Poison","floor":13},{"not_picked":["Heel Hook","Dash"],"picked":"Burst","floor":14},{"not_picked":["Bane","Slice+1","Quick Slash"],"picked":"SKIP","floor":18},{"not_picked":["Sucker Punch","Slice"],"picked":"Backflip+1","floor":21},{"not_picked":["Masterful Stab","Dagger Spray","Backflip"],"picked":"SKIP","floor":22},{"not_picked":["Well Laid Plans+1","Slice","Storm of Steel"],"picked":"SKIP","floor":24},{"not_picked":["Quick Slash","Dagger Spray","Leg Sweep"],"picked":"SKIP","floor":27},{"not_picked":["Dagger Spray+1","Dodge and Roll","Dagger Throw"],"picked":"SKIP","floor":31},{"not_picked":["Doppelganger","Grand Finale"],"picked":"Envenom+1","floor":33},{"not_picked":["Tactician","Underhanded Strike"],"picked":"Blur+1","floor":35},{"not_picked":["Backstab+1","Dodge and Roll","Slice"],"picked":"SKIP","floor":36},{"not_picked":["Accuracy+1","Slice","Poisoned Stab"],"picked":"SKIP","floor":37},{"not_picked":["Riddle With Holes+1","Deadly Poison+1"],"picked":"Backflip+1","floor":38},{"not_picked":["Backflip+1","Calculated Gamble+1"],"picked":"Blur+1","floor":40},{"not_picked":["Chrysalis+1","Finesse+1"],"picked":"Impatience+1","floor":42},{"not_picked":["Blade Dance+1","Expertise+1","Infinite Blades+1"],"picked":"SKIP","floor":44},{"not_picked":["Backflip+1","Bouncing Flask+1","Accuracy+1"],"picked":"SKIP","floor":46},{"not_picked":["Endless Agony","Dagger Spray","Backstab"],"picked":"SKIP","floor":48}],"player_experience":161360,"relics_obtained":[{"floor":4,"key":"Blood Vial"},{"floor":6,"key":"Frozen Egg 2"},{"floor":9,"key":"Mercury Hourglass"},{"floor":12,"key":"Peace Pipe"},{"floor":26,"key":"Gremlin Horn"},{"floor":28,"key":"Red Mask"},{"floor":40,"key":"Toxic Egg 2"},{"floor":43,"key":"Bronze Scales"}],"event_choices":[{"damage_healed":0,"gold_gain":0,"player_choice":"Donut","damage_taken":0,"max_hp_gain":5,"max_hp_loss":0,"event_name":"Big Fish","floor":3,"gold_loss":0},{"damage_healed":0,"gold_gain":275,"player_choice":"Desecrate","damage_taken":0,"max_hp_gain":0,"max_hp_loss":0,"event_name":"Golden Shrine","floor":8,"gold_loss":0,"cards_obtained":["Regret"]},{"damage_healed":0,"gold_gain":0,"player_choice":"Simplicity","damage_taken":0,"max_hp_gain":0,"max_hp_loss":0,"event_name":"Back to Basics","floor":20,"gold_loss":0,"cards_upgraded":["Strike_G","Strike_G","Strike_G","Strike_G","Defend_G","Defend_G","Defend_G","Defend_G","Defend_G"]},{"damage_healed":0,"gold_gain":0,"player_choice":"Read","damage_taken":0,"max_hp_gain":0,"max_hp_loss":0,"event_name":"The Library","floor":25,"gold_loss":0,"cards_obtained":["Noxious Fumes"]},{"damage_healed":0,"gold_gain":0,"player_choice":"Fought Bandits","damage_taken":0,"max_hp_gain":0,"max_hp_loss":0,"event_name":"Masked Bandits","floor":28,"gold_loss":0},{"damage_healed":0,"gold_gain":0,"player_choice":"Memory 1","damage_taken":0,"max_hp_gain":0,"max_hp_loss":0,"event_name":"SensoryStone","floor":42,"gold_loss":0}],"is_beta":false,"boss_relics":[{"not_picked":["Calling Bell","SlaversCollar"],"picked":"Cursed Key"},{"not_picked":["Velvet Choker","Runic Pyramid"],"picked":"Coffee Dripper"}],"items_purged_floors":[11,19,29,39],"is_endless":false,"potions_floor_spawned":[5,13,14,16,18,21,24,33,36,44,46,48],"ascension_level":0}}