{"host":"fjaupvxe7fzqrf4j","time":1609597718,"event":{"mods":["ATMod(°¢èªMod)","BaseMod","Minty Spire (QoL Compilation)","StSLib"],"gold_per_floor":[110,110,110,35,35,75,106,151,151,186,111,152,191,227,227,330,330,360,26,26,61,61,101,137,168,168,203,36,72,107,322,322,411,411,434,434,656,368,121,161,204,248,248,288,319,358,16,55,55,55,55,55,55,55,99,99],"floor_reached":57,"playtime":1076,"items_purged":["Underhanded Strike","Blade Dance","Adrenaline","AT_Desolate","Expertise"],"score":4757,"play_id":"c2ea5066-dc5f-42b6-802e-3f6f6a2ef281","local_time":"20210102222838","daily_mods":["SealedDeck","Heirloom","Time Dilation","Flight","Elite Swarm"],"is_ascension_mode":true,"campfire_choices":[{"data":"AT_KingSlayer","floor":15.0,"key":"SMITH"},{"data":"Tactician","floor":32,"key":"SMITH"},{"floor":49,"key":"RECALL"},{"floor":53,"key":"DIG"}],"circlet_count":0,"master_deck":["AscendersBane","Backflip","Prepared+1","Calculated Gamble+1","AT_KingSlayer+1","Adrenaline+1","Grand Finale","Acrobatics+1","Concentrate+1","After Image","Tactician+1","Terror+1"],"relics":["Ring of the Snake","AT_ATBox","Lizard Tail","Golden Idol","StoneCalendar","Nunchaku","CeramicFish","Bronze Scales","Juzu Bracelet","Ice Cream","AT_DeathDance","WristBlade","Mummified Hand","Red Mask","Letter Opener","AT_SilvercatRing","Tough Bandages","Calipers","Shovel","AT_PhaseBoots","Anchor","Old Coin","AT_TrinityForce","Medical Kit","Membership Card","Pen Nib","Toy Ornithopter","MealTicket","Turnip","StrikeDummy","AT_RabadonDeathcap","Chemical X","White Beast Statue","HornCleat","Sundial","Strawberry"],"acts_visited":["Exordium","TheCity","TheBeyond","TheEnding"],"potions_floor_usage":[56,56],"damage_taken":[{"damage":0.0,"enemies":"Small Slimes","floor":1.0,"turns":1.0},{"damage":0.0,"enemies":"Gremlin Nob","floor":6.0,"turns":2.0},{"damage":0.0,"enemies":"Lagavulin","floor":7.0,"turns":2.0},{"damage":20.0,"enemies":"3 Sentries","floor":8.0,"turns":4.0},{"damage":0.0,"enemies":"Gremlin Nob","floor":10.0,"turns":1.0},{"damage":10.0,"enemies":"3 Sentries","floor":12.0,"turns":4.0},{"damage":0.0,"enemies":"Gremlin Nob","floor":13.0,"turns":1.0},{"damage":5.0,"enemies":"3 Sentries","floor":14.0,"turns":2.0},{"damage":0.0,"enemies":"The Guardian","floor":16.0,"turns":1.0},{"damage":0.0,"enemies":"Shell Parasite","floor":18.0,"turns":1.0},{"damage":0.0,"enemies":"Masked Bandits","floor":21.0,"turns":1.0},{"damage":0.0,"enemies":"Gremlin Leader","floor":23.0,"turns":1.0},{"damage":0.0,"enemies":"Book of Stabbing","floor":24.0,"turns":1.0},{"damage":0.0,"enemies":"Gremlin Leader","floor":25.0,"turns":1.0},{"damage":0.0,"enemies":"Book of Stabbing","floor":27.0,"turns":1.0},{"damage":0,"enemies":"Slavers","floor":29,"turns":1},{"damage":0,"enemies":"Gremlin Leader","floor":30,"turns":1},{"damage":0,"enemies":"Automaton","floor":33,"turns":1},{"damage":0,"enemies":"3 Darklings","floor":35,"turns":1},{"damage":0,"enemies":"Reptomancer","floor":40,"turns":1},{"damage":0,"enemies":"Nemesis","floor":41,"turns":1},{"damage":0,"enemies":"Reptomancer","floor":42,"turns":1},{"damage":0,"enemies":"Nemesis","floor":44,"turns":1},{"damage":0,"enemies":"Giant Head","floor":45,"turns":1},{"damage":0,"enemies":"Reptomancer","floor":46,"turns":1},{"damage":0,"enemies":"Nemesis","floor":48,"turns":1},{"damage":0,"enemies":"Time Eater","floor":50,"turns":1},{"damage":0,"enemies":"Donu and Deca","floor":51,"turns":1},{"damage":0,"enemies":"Shield and Spear","floor":55,"turns":1},{"damage":0,"enemies":"The Heart","floor":56,"turns":4}],"seed_played":"3504909308756655824","potions_obtained":[{"floor":1.0,"key":"DistilledChaos"},{"floor":10.0,"key":"PowerPotion"},{"floor":12.0,"key":"Swift Potion"},{"floor":14.0,"key":"LiquidBronze"},{"floor":21.0,"key":"Strength Potion"},{"floor":25.0,"key":"GhostInAJar"},{"floor":30,"key":"Swift Potion"},{"floor":55,"key":"Swift Potion"}],"is_trial":true,"path_per_floor":["M","?","?","$","?","E","E","E","T","E","?","E","E","E","R","B",null,"M","$","?","?","?","E","E","E","T","E","$","E","E","?","R","B",null,"M","?","?","$","$","E","E","E","T","E","E","E","$","E","R","B","B",null,"R","$","E","B",null],"character_chosen":"THE_SILENT","items_purchased":["Mummified Hand","Concentrate","Tactician","Medical Kit","Membership Card","Terror","Chemical X","White Beast Statue"],"campfire_rested":0,"item_purchase_floors":[19,19,28,38,39,47,47,47],"current_hp_per_floor":[59,36,36,36,36,36,36,16,16,16,16,6,6,1,1,1,50,50,50,66,66,66,66,66,66,66,66,66,66,66,66,66,66,66,66,66,66,66,66,66,66,66,66,66,66,66,66,66,66,66,66,66,66,66,73,73],"gold":99,"neow_bonus":"","is_daily":false,"chose_seed":false,"campfire_upgraded":2,"win_rate":0.0,"timestamp":1609597718,"path_taken":["M","?","?","?","?","E","E","E","T","E","?","E","E","E","R","BOSS","M","$","?","?","?","E","E","E","T","E","?","E","E","?","R","BOSS","M","?","?","$","$","E","E","E","T","E","E","E","$","E","R","BOSS","BOSS","R","$","E","BOSS"],"items_purchased_type":["Relic","Card","Card","Relic","Relic","Card","Relic","Relic"],"build_version":"2020-12-22","purchased_purges":5,"victory":true,"max_hp_per_floor":[66,66,66,66,66,66,66,66,66,66,66,66,66,66,66,66,66,66,66,66,66,66,66,66,66,66,66,66,66,66,66,66,66,66,66,66,66,66,66,66,66,66,66,66,66,66,66,66,66,66,66,66,66,66,73,73],"card_choices":[{"not_picked":["Dagger Throw","Blade Dance","Outmaneuver"],"picked":"SKIP","floor":1.0},{"not_picked":["Unload","Phantasmal Killer"],"picked":"AT_KingSlayer","floor":6.0},{"not_picked":["Wraith Form v2","Burst"],"picked":"Adrenaline","floor":7.0},{"not_picked":["Night Terror","Venomology"],"picked":"Adrenaline","floor":8.0},{"not_picked":["Wraith Form v2","Storm of Steel","Night Terror"],"picked":"SKIP","floor":10.0},{"not_picked":["Bullet Time","AT_KingSlayer","Glass Knife"],"picked":"SKIP","floor":12.0},{"not_picked":["Tools of the Trade","Die Die Die","Envenom"],"picked":"SKIP","floor":13.0},{"not_picked":["Phantasmal Killer","Grand Finale","Night Terror"],"picked":"SKIP","floor":14.0},{"not_picked":["Malaise","AT_MyraUnstableElement"],"picked":"Grand Finale","floor":16.0},{"not_picked":["Crippling Poison","AT_KneejerkReflex"],"picked":"Acrobatics","floor":18.0},{"not_picked":["AT_KingSlayer","A Thousand Cuts"],"picked":"After Image","floor":23.0},{"not_picked":["Die Die Die","Storm of Steel","AT_EssenceShift"],"picked":"SKIP","floor":24.0},{"not_picked":["Venomology","Grand Finale","Doppelganger"],"picked":"SKIP","floor":25.0},{"not_picked":["After Image","Venomology","Storm of Steel"],"picked":"SKIP","floor":27.0},{"not_picked":["Malaise","Glass Knife","Storm of Steel"],"picked":"SKIP","floor":29},{"not_picked":["AT_KingSlayer","Phantasmal Killer","Storm of Steel"],"picked":"SKIP","floor":30},{"not_picked":["Quick Slash+1","Poisoned Stab","Bouncing Flask"],"picked":"SKIP","floor":35},{"not_picked":["Doppelganger","Envenom","Wraith Form v2"],"picked":"SKIP","floor":40},{"not_picked":["AT_MyraUnstableElement","Venomology","Wraith Form v2"],"picked":"SKIP","floor":41},{"not_picked":["Die Die Die","Corpse Explosion","A Thousand Cuts"],"picked":"SKIP","floor":42},{"not_picked":["After Image","Corpse Explosion","AT_EssenceShift"],"picked":"SKIP","floor":44},{"not_picked":["Grand Finale","Die Die Die","Corpse Explosion"],"picked":"SKIP","floor":45},{"not_picked":["Die Die Die","AT_KingSlayer","Corpse Explosion"],"picked":"SKIP","floor":46},{"not_picked":["Bullet Time","Wraith Form v2","Envenom"],"picked":"SKIP","floor":48},{"not_picked":["Bullet Time","After Image","AT_KingSlayer"],"picked":"SKIP","floor":55}],"player_experience":333076,"relics_obtained":[{"floor":6.0,"key":"StoneCalendar"},{"floor":7.0,"key":"Nunchaku"},{"floor":8.0,"key":"CeramicFish"},{"floor":10.0,"key":"Bronze Scales"},{"floor":12.0,"key":"Juzu Bracelet"},{"floor":13.0,"key":"Ice Cream"},{"floor":14.0,"key":"AT_DeathDance"},{"floor":21.0,"key":"Red Mask"},{"floor":23.0,"key":"Letter Opener"},{"floor":24.0,"key":"AT_SilvercatRing"},{"floor":25.0,"key":"Tough Bandages"},{"floor":26.0,"key":"Calipers"},{"floor":27.0,"key":"Shovel"},{"floor":29,"key":"AT_SpeedBoots"},{"floor":30,"key":"Anchor"},{"floor":40,"key":"Pen Nib"},{"floor":41,"key":"Toy Ornithopter"},{"floor":43,"key":"MealTicket"},{"floor":44,"key":"Turnip"},{"floor":45,"key":"StrikeDummy"},{"floor":46,"key":"AT_RabadonDeathcap"},{"floor":48,"key":"HornCleat"},{"floor":53,"key":"Sundial"},{"floor":55,"key":"Strawberry"}],"event_choices":[{"damage_healed":0.0,"max_hp_gain":0.0,"max_hp_loss":0.0,"gold_gain":0.0,"event_name":"Golden Idol","player_choice":"Take Damage","floor":2.0,"gold_loss":0.0,"damage_taken":23.0,"relics_obtained":["Golden Idol"]},{"damage_healed":0.0,"max_hp_gain":0.0,"max_hp_loss":0.0,"gold_gain":0.0,"event_name":"Living Wall","player_choice":"Grow","floor":3.0,"gold_loss":0.0,"damage_taken":0.0,"cards_upgraded":["Calculated Gamble"]},{"damage_healed":0.0,"max_hp_gain":0.0,"max_hp_loss":0.0,"gold_gain":0.0,"event_name":"Liars Game","player_choice":"Ignored","floor":5.0,"gold_loss":0.0,"damage_taken":0.0},{"cards_removed":["Blade Dance"],"damage_healed":0.0,"max_hp_gain":0.0,"max_hp_loss":0.0,"gold_gain":0.0,"event_name":"The Cleric","player_choice":"Card Removal","floor":11.0,"gold_loss":75.0,"damage_taken":0.0},{"cards_removed":["AT_Desolate"],"damage_healed":16.0,"max_hp_gain":0.0,"max_hp_loss":0.0,"gold_gain":0.0,"event_name":"Bonfire Elementals","player_choice":"Offered Uncommon","floor":20.0,"gold_loss":0.0,"damage_taken":0.0},{"damage_healed":0.0,"max_hp_gain":0.0,"max_hp_loss":0.0,"gold_gain":0.0,"event_name":"Masked Bandits","player_choice":"Fought Bandits","floor":21.0,"gold_loss":0.0,"damage_taken":0.0},{"damage_healed":0.0,"max_hp_gain":0.0,"max_hp_loss":0.0,"gold_gain":0.0,"event_name":"Ghosts","player_choice":"Ignored","floor":22.0,"gold_loss":0.0,"damage_taken":0.0},{"damage_healed":0,"gold_gain":0,"player_choice":"Obtained Relic","damage_taken":0,"relics_obtained":["Old Coin"],"max_hp_gain":0,"max_hp_loss":0,"event_name":"Addict","floor":31,"gold_loss":85},{"cards_removed":["Prepared"],"damage_healed":0,"gold_gain":0,"player_choice":"Purged","damage_taken":0,"max_hp_gain":0,"max_hp_loss":0,"event_name":"Purifier","floor":36,"gold_loss":0},{"damage_healed":0,"gold_gain":222,"player_choice":"Wore Mask","damage_taken":0,"max_hp_gain":0,"max_hp_loss":0,"event_name":"Tomb of Lord Red Mask","floor":37,"gold_loss":0}],"is_beta":false,"boss_relics":[{"not_picked":["Philosopher\u0027s Stone","SlaversCollar"],"picked":"WristBlade"},{"not_picked":["Calling Bell","HoveringKite"],"picked":"AT_TrinityForce"}],"items_purged_floors":[4,28,38,39,47],"is_endless":false,"potions_floor_spawned":[1,10,12,14,21,25,30,33,40,45,48,55],"ascension_level":20}}