{"host":"5dk97cf2ubw2v967","time":1609559818,"event":{"mods":["AlwaysNeverKeys","BaseMod","Better Altar","Better Vampires","Block Reminder","Colored Powertips","Downfall","Googly Eyes","Highlight Path","Minty Spire (QoL Compilation)","Permanent Neow","Potion Indicator Mod","Quick Restart","Relic Filter","Relic Stats","Say the Spire","Spicy Shops","StSLib","Waifu the Spire","everything is the same but u backflip on backflip"],"gold_per_floor":[111,111,36,55,55,83,96,112,138,138,156,156,173,205,205,282,282,294,294,47,60,60,72,72],"floor_reached":23,"playtime":642,"items_purged":["Defend_R","Strike_R"],"score":452,"play_id":"ba759742-f97e-4adb-963b-efdeb6a8c637","local_time":"20210102035658","is_ascension_mode":true,"campfire_choices":[{"data":"Combust","floor":10,"key":"SMITH"},{"data":"Feel No Pain","floor":12,"key":"SMITH"},{"data":"Twin Strike","floor":15,"key":"SMITH"}],"circlet_count":0,"master_deck":["AscendersBane","Strike_R","Strike_R","Strike_R","Defend_R","Defend_R","Defend_R","Bash","Burning Pact","Combust+1","Rampage","Feel No Pain+1","Shrug It Off","Twin Strike+1","Demon Form","Rupture","Battle Trance"],"relics":["Burning Blood","NeowsBlessing","StrikeDummy","Pear","Anchor","Tiny Chest","Sozu","Omamori","MawBank"],"acts_visited":["Exordium","TheCity"],"potions_floor_usage":[16,16,23],"damage_taken":[{"damage":0,"enemies":"Cultist","floor":1,"turns":1},{"damage":0,"enemies":"Jaw Worm","floor":4,"turns":1},{"damage":0,"enemies":"Gremlin Nob","floor":6,"turns":1},{"damage":14,"enemies":"2 Louse","floor":7,"turns":3},{"damage":14,"enemies":"Looter","floor":8,"turns":3},{"damage":2,"enemies":"3 Louse","floor":11,"turns":2},{"damage":8,"enemies":"Gremlin Gang","floor":13,"turns":3},{"damage":8,"enemies":"3 Sentries","floor":14,"turns":4},{"damage":70,"enemies":"Slime Boss","floor":16,"turns":11},{"damage":24,"enemies":"3 Byrds","floor":18,"turns":4},{"damage":23,"enemies":"Spheric Guardian","floor":21,"turns":5},{"damage":0,"enemies":"Gremlin Leader","floor":23,"turns":2}],"seed_played":"7161926922703631762","potions_obtained":[{"floor":7,"key":"BloodPotion"},{"floor":8,"key":"Dexterity Potion"},{"floor":16,"key":"PowerPotion"}],"is_trial":false,"path_per_floor":["M","?","$","M","?","E","M","M","T","R","M","R","M","E","R","B",null,"M","?","$","M","?","E"],"character_chosen":"IRONCLAD","items_purchased":["Rupture","Omamori"],"campfire_rested":0,"item_purchase_floors":[20,20],"current_hp_per_floor":[74,74,74,75,70,85,77,69,69,69,73,73,71,69,69,22,69,51,51,51,34,34,34,34],"gold":72,"neow_bonus":"THREE_ENEMY_KILL","is_daily":false,"chose_seed":false,"campfire_upgraded":3,"win_rate":0.0,"timestamp":1609559818,"path_taken":["M","?","?","M","?","E","M","?","T","R","M","R","M","E","R","BOSS","M","?","$","M","?","E"],"items_purchased_type":["Card","Relic"],"build_version":"2020-12-22","purchased_purges":2,"victory":false,"max_hp_per_floor":[75,75,75,75,75,85,85,85,85,85,85,85,85,85,85,85,85,85,85,85,85,85,85,85],"relic_stats":{"Sozu":1,"counters":[12,40],"Tiny Chest":0,"MawBank":12,"obtain_stats":[{"Sozu":17,"Anchor":9,"Pear":6,"NeowsBlessing":0,"Tiny Chest":14,"Omamori":20,"StrikeDummy":5,"MawBank":22,"Burning Blood":0},{"Sozu":9,"Anchor":5,"Pear":3,"NeowsBlessing":0,"Tiny Chest":8,"Omamori":10,"StrikeDummy":2,"MawBank":11,"Burning Blood":0},{"Sozu":29,"Anchor":9,"Pear":3,"NeowsBlessing":0,"Tiny Chest":18,"Omamori":33,"StrikeDummy":2,"MawBank":38,"Burning Blood":0}],"Burning Blood":60},"card_choices":[{"not_picked":["Shrug It Off","Pommel Strike"],"picked":"Burning Pact","floor":1},{"not_picked":["Sword Boomerang","Heavy Blade"],"picked":"Combust","floor":4},{"not_picked":["Pummel","Dark Embrace"],"picked":"Rampage","floor":6},{"not_picked":["Twin Strike","Warcry"],"picked":"Feel No Pain","floor":7},{"not_picked":["Thunderclap","Whirlwind","Rampage"],"picked":"SKIP","floor":8},{"not_picked":["Wild Strike","Clash"],"picked":"Shrug It Off","floor":11},{"not_picked":["Rupture","Headbutt"],"picked":"Twin Strike","floor":13},{"not_picked":["Wild Strike","Immolate","Blood for Blood"],"picked":"SKIP","floor":14},{"not_picked":["Juggernaut","Bludgeon"],"picked":"Demon Form","floor":16},{"not_picked":["Sword Boomerang","Flex+1","Perfected Strike"],"picked":"SKIP","floor":18},{"not_picked":["Iron Wave","Carnage"],"picked":"Battle Trance","floor":21}],"player_experience":1277030,"relics_obtained":[{"floor":6,"key":"Pear"},{"floor":9,"key":"Anchor"},{"floor":14,"key":"Tiny Chest"}],"event_choices":[{"cards_removed":["Strike_R"],"damage_healed":0,"gold_gain":0,"player_choice":"Offered Basic","damage_taken":0,"max_hp_gain":0,"max_hp_loss":0,"event_name":"Bonfire Elementals","floor":2,"gold_loss":0},{"damage_healed":0,"gold_gain":0,"player_choice":"Success","damage_taken":5,"relics_obtained":["StrikeDummy"],"max_hp_gain":0,"max_hp_loss":0,"event_name":"Scrap Ooze","floor":5,"gold_loss":0},{"damage_healed":0,"gold_gain":0,"player_choice":"Ignored","damage_taken":0,"max_hp_gain":0,"max_hp_loss":0,"event_name":"Cursed Tome","floor":19,"gold_loss":0},{"damage_healed":0,"gold_gain":0,"player_choice":"Opened","damage_taken":0,"relics_obtained":["MawBank"],"max_hp_gain":0,"max_hp_loss":0,"event_name":"The Mausoleum","floor":22,"gold_loss":0,"cards_obtained":["Writhe"]}],"is_beta":false,"boss_relics":[{"not_picked":["Calling Bell","Runic Cube"],"picked":"Sozu"}],"items_purged_floors":[3,20],"is_endless":false,"potions_floor_spawned":[7,8,16,18],"killed_by":"Gremlin Leader","ascension_level":20}}