{"host":"08t08ld674si40tv","time":1609583580,"event":{"mods":["AchievementEnabler","BaseMod","Colored Map","Minty Spire (QoL Compilation)","StSLib","SuperFastMode"],"gold_per_floor":[116,41,54,54,69,69,103,28,28,28,48,61,95,75,75,153,153,168,223,242,142,155,190,190,220,273,303,178,190,205,305,305,381,381,397,247,265,265,283,317,331,357,357,391,391,421,246,256,256,256,256,256,39,70,70],"floor_reached":56,"playtime":1484,"items_purged":["Strike_G","Defend_G","Defend_G","Strike_G","Skewer"],"score":2807,"play_id":"a7b7ebf2-82fe-4dd1-913e-7d849afa27bf","local_time":"20210102193300","is_ascension_mode":true,"campfire_choices":[{"data":"Neutralize","floor":6,"key":"SMITH"},{"data":"Adrenaline","floor":10,"key":"SMITH"},{"data":"Cloak And Dagger","floor":15,"key":"SMITH"},{"data":"After Image","floor":24,"key":"SMITH"},{"data":"Accuracy","floor":32,"key":"SMITH"},{"floor":49,"key":"RECALL"},{"data":"Backflip","floor":52,"key":"SMITH"}],"circlet_count":0,"master_deck":["AscendersBane","Strike_G","Strike_G","Survivor+1","Neutralize+1","Dagger Spray","Blade Dance+1","Adrenaline+1","Acrobatics+1","Cloak And Dagger+1","Backflip+1","After Image+1","Accuracy+1","Terror+1","After Image","Tactician+1"],"relics":["Ring of the Snake","Kunai","Shuriken","StrikeDummy","Shuriken","Ninja Scroll","Black Star","Anchor","Toxic Egg 2","Lantern","Pen Nib","Matryoshka","Happy Flower","Ornamental Fan","Meat on the Bone","Tough Bandages","Mummified Hand","Empty Cage","Bottled Tornado","InkBottle","MealTicket","Frozen Egg 2","Juzu Bracelet","HornCleat","Du-Vu Doll","War Paint","CeramicFish","The Specimen","TwistedFunnel","Bottled Lightning","Centennial Puzzle"],"acts_visited":["Exordium","TheCity","TheBeyond","TheEnding"],"potions_floor_usage":[7,16,16,33,55,55],"damage_taken":[{"damage":0,"enemies":"Cultist","floor":1,"turns":4},{"damage":0,"enemies":"Small Slimes","floor":3,"turns":3},{"damage":2,"enemies":"2 Louse","floor":5,"turns":3},{"damage":9,"enemies":"Lagavulin","floor":7,"turns":4},{"damage":0,"enemies":"Large Slime","floor":11,"turns":3},{"damage":0,"enemies":"Exordium Wildlife","floor":12,"turns":1},{"damage":6,"enemies":"3 Sentries","floor":13,"turns":3},{"damage":16,"enemies":"The Guardian","floor":16,"turns":9},{"damage":2,"enemies":"Shell Parasite","floor":18,"turns":4},{"damage":3,"enemies":"2 Thieves","floor":20,"turns":2},{"damage":0,"enemies":"Snake Plant","floor":22,"turns":3},{"damage":11,"enemies":"Book of Stabbing","floor":23,"turns":4},{"damage":0,"enemies":"Gremlin Leader","floor":25,"turns":3},{"damage":0,"enemies":"Slavers","floor":27,"turns":4},{"damage":0,"enemies":"3 Cultists","floor":29,"turns":3},{"damage":0,"enemies":"Snecko","floor":30,"turns":1},{"damage":0,"enemies":"Colosseum Slavers","floor":31,"turns":2},{"damage":0,"enemies":"Colosseum Nobs","floor":31,"turns":3},{"damage":13,"enemies":"Collector","floor":33,"turns":4},{"damage":0,"enemies":"Orb Walker","floor":35,"turns":1},{"damage":0,"enemies":"3 Shapes","floor":37,"turns":1},{"damage":0,"enemies":"Transient","floor":39,"turns":6},{"damage":0,"enemies":"Nemesis","floor":40,"turns":1},{"damage":0,"enemies":"4 Shapes","floor":41,"turns":2},{"damage":0,"enemies":"Reptomancer","floor":42,"turns":2},{"damage":0,"enemies":"Giant Head","floor":44,"turns":2},{"damage":0,"enemies":"Reptomancer","floor":46,"turns":2},{"damage":0,"enemies":"Writhing Mass","floor":48,"turns":2},{"damage":0,"enemies":"Awakened One","floor":50,"turns":3},{"damage":0,"enemies":"Shield and Spear","floor":54,"turns":2},{"damage":13,"enemies":"The Heart","floor":55,"turns":6}],"seed_played":"4302961399636548807","potions_obtained":[{"floor":5,"key":"DistilledChaos"},{"floor":7,"key":"AttackPotion"},{"floor":11,"key":"SteroidPotion"},{"floor":14,"key":"ColorlessPotion"},{"floor":16,"key":"Block Potion"},{"floor":18,"key":"Block Potion"},{"floor":25,"key":"DuplicationPotion"},{"floor":31,"key":"PowerPotion"},{"floor":33,"key":"Poison Potion"}],"is_trial":false,"path_per_floor":["M","?","M","?","M","R","E","$","T","R","M","M","E","?","R","B",null,"M","T","M","$","M","E","R","E","T","E","$","M","M","?","R","B",null,"M","$","M","?","M","E","M","E","T","E","?","E","$","M","R","B",null,"R","$","E","B",null],"character_chosen":"THE_SILENT","items_purchased":["TwistedFunnel","SkillPotion"],"campfire_rested":0,"item_purchase_floors":[53,53],"current_hp_per_floor":[65,65,65,65,63,63,54,54,54,54,54,54,48,48,48,32,62,60,60,57,57,57,46,46,46,46,46,46,46,46,46,46,45,65,65,65,65,65,65,65,65,65,65,65,65,65,68,68,68,68,68,68,68,68,55],"gold":70,"neow_bonus":"TEN_PERCENT_HP_BONUS","is_daily":false,"chose_seed":false,"campfire_upgraded":6,"win_rate":0.0,"timestamp":1609583580,"path_taken":["M","?","M","?","?","R","E","?","T","R","M","M","E","?","R","BOSS","M","?","M","$","M","E","R","E","T","E","$","?","M","?","R","BOSS","M","$","M","?","M","E","M","E","T","E","?","E","$","M","R","BOSS","R","$","E","BOSS"],"items_purchased_type":["Relic","Potion"],"build_version":"2020-12-22","purchased_purges":5,"victory":true,"max_hp_per_floor":[72,72,72,72,72,72,72,72,72,72,72,72,72,72,72,72,72,72,72,72,72,72,72,72,72,72,72,72,72,72,72,72,72,72,72,72,72,72,72,72,72,72,72,72,68,68,68,68,68,68,68,68,68,68,68],"card_choices":[{"not_picked":["Dagger Throw","Catalyst"],"picked":"Dagger Spray","floor":1},{"not_picked":["Accuracy","Bane"],"picked":"Blade Dance","floor":3},{"not_picked":["Acrobatics","Dodge and Roll"],"picked":"Adrenaline","floor":5},{"not_picked":["Expertise","Quick Slash"],"picked":"Acrobatics","floor":7},{"not_picked":["Tactician","Infinite Blades"],"picked":"Cloak And Dagger","floor":11},{"not_picked":["Dagger Spray","PiercingWail"],"picked":"Skewer","floor":12},{"not_picked":["Predator","Quick Slash"],"picked":"Backflip","floor":13},{"not_picked":["Adrenaline","Storm of Steel"],"picked":"After Image","floor":16},{"not_picked":["Dodge and Roll","Deflect"],"picked":"Accuracy","floor":18},{"not_picked":["Crippling Poison","Deflect","Leg Sweep"],"picked":"SKIP","floor":20},{"not_picked":["Outmaneuver","Dagger Spray","Blade Dance"],"picked":"SKIP","floor":22},{"not_picked":["Deflect+1","Noxious Fumes"],"picked":"Terror+1","floor":23},{"not_picked":["Leg Sweep+1","Dash+1","Storm of Steel+1"],"picked":"SKIP","floor":25},{"not_picked":["Acrobatics+1","Dodge and Roll+1","Flechettes+1"],"picked":"SKIP","floor":27},{"not_picked":["Skewer","Expertise+1","Caltrops"],"picked":"SKIP","floor":29},{"not_picked":["Noxious Fumes","Expertise+1","Quick Slash"],"picked":"SKIP","floor":30},{"not_picked":["A Thousand Cuts","Envenom"],"picked":"After Image","floor":33},{"not_picked":["Sucker Punch+1","Flying Knee","Endless Agony+1"],"picked":"SKIP","floor":35},{"not_picked":["Terror+1","Slice","Quick Slash"],"picked":"SKIP","floor":37},{"not_picked":["Flechettes+1","Deadly Poison+1","Blade Dance+1"],"picked":"SKIP","floor":39},{"not_picked":["All Out Attack+1","Blade Dance+1","Acrobatics+1"],"picked":"SKIP","floor":40},{"not_picked":["Bane+1","Dagger Throw","Choke"],"picked":"SKIP","floor":41},{"not_picked":["Die Die Die","Dagger Spray","Prepared+1"],"picked":"SKIP","floor":42},{"not_picked":["Dodge and Roll+1","Choke+1"],"picked":"Tactician+1","floor":44},{"not_picked":["Acrobatics+1","Leg Sweep+1","Terror+1"],"picked":"SKIP","floor":46},{"not_picked":["Setup+1","Sucker Punch+1","PiercingWail+1"],"picked":"SKIP","floor":48},{"not_picked":["Calculated Gamble+1","Unload","Slice"],"picked":"SKIP","floor":54}],"player_experience":194240,"relics_obtained":[{"floor":7,"key":"StrikeDummy"},{"floor":9,"key":"Shuriken"},{"floor":13,"key":"Ninja Scroll"},{"floor":19,"key":"Anchor"},{"floor":23,"key":"Toxic Egg 2"},{"floor":23,"key":"Lantern"},{"floor":25,"key":"Pen Nib"},{"floor":25,"key":"Matryoshka"},{"floor":26,"key":"Happy Flower"},{"floor":27,"key":"Ornamental Fan"},{"floor":27,"key":"Meat on the Bone"},{"floor":31,"key":"Tough Bandages"},{"floor":31,"key":"Mummified Hand"},{"floor":40,"key":"Bottled Tornado"},{"floor":40,"key":"InkBottle"},{"floor":42,"key":"MealTicket"},{"floor":42,"key":"Frozen Egg 2"},{"floor":43,"key":"Juzu Bracelet"},{"floor":43,"key":"HornCleat"},{"floor":44,"key":"Du-Vu Doll"},{"floor":44,"key":"War Paint"},{"floor":46,"key":"CeramicFish"},{"floor":46,"key":"The Specimen"},{"floor":54,"key":"Bottled Lightning"},{"floor":54,"key":"Centennial Puzzle"}],"event_choices":[{"cards_removed":["Defend_G"],"damage_healed":0,"gold_gain":0,"player_choice":"Card Removal","damage_taken":0,"max_hp_gain":0,"max_hp_loss":0,"event_name":"The Cleric","floor":2,"gold_loss":75},{"damage_healed":0,"gold_gain":0,"player_choice":"Forge","damage_taken":0,"max_hp_gain":0,"max_hp_loss":0,"event_name":"Accursed Blacksmith","floor":4,"gold_loss":0,"cards_upgraded":["Blade Dance"]},{"damage_healed":0,"gold_gain":0,"player_choice":"Bought 1 Potion","damage_taken":0,"max_hp_gain":0,"max_hp_loss":0,"event_name":"The Woman in Blue","floor":14,"gold_loss":0},{"damage_healed":0,"gold_gain":0,"player_choice":"Fight","damage_taken":0,"max_hp_gain":0,"max_hp_loss":0,"event_name":"Colosseum","floor":31,"gold_loss":0},{"damage_healed":0,"gold_gain":0,"player_choice":"Fought Nobs","damage_taken":0,"max_hp_gain":0,"max_hp_loss":0,"event_name":"Colosseum","floor":31,"gold_loss":0},{"cards_removed":["Strike_G"],"damage_healed":0,"gold_gain":0,"player_choice":"Removed Attack","damage_taken":0,"max_hp_gain":0,"max_hp_loss":0,"event_name":"Falling","floor":38,"gold_loss":0},{"damage_healed":0,"gold_gain":0,"player_choice":"Max HP","damage_taken":0,"max_hp_gain":0,"max_hp_loss":4,"event_name":"Winding Halls","floor":45,"gold_loss":0}],"is_beta":false,"boss_relics":[{"not_picked":["WristBlade","SacredBark"],"picked":"Black Star"},{"not_picked":["Velvet Choker","Astrolabe"],"picked":"Empty Cage"}],"items_purged_floors":[8,21,28,36,47],"is_endless":false,"potions_floor_spawned":[5,7,11,16,18,20,25,31,31,33,39,41,46,48,54],"ascension_level":19}}