{"host":"kh6fvhxn285ncg0o","time":1609556953,"event":{"mods":["Act Like it!","BaseMod","Colored Map","Friendly Minions","Keyboard Shortcuts","Minty Spire (QoL Compilation)","Quick Restart","Relic Stats","StSLib","SuperFastMode"],"gold_per_floor":[15,15,15,90,103,103,128,146,146,170,201,215,242,254,254,328,328,348,348,362,362,379,379,379],"floor_reached":23,"playtime":680,"items_purged":[],"score":472,"play_id":"5bcd5fd0-56b4-4ed9-b0a4-34fa0bd51812","local_time":"20210102120913","is_ascension_mode":true,"campfire_choices":[{"data":"Eruption","floor":6.0,"key":"SMITH"},{"data":"TalkToTheHand","floor":15.0,"key":"SMITH"}],"circlet_count":0,"master_deck":["AscendersBane","Strike_P+1","Strike_P","Strike_P","Defend_P","Defend_P","Eruption+1","Vigilance+1","Fasting2","Wallop","TalkToTheHand+1","FlyingSleeves","MentalFortress","Omniscience","LessonLearned","FlurryOfBlows+1"],"relics":["PureWater","Ice Cream","Ginger","Odd Mushroom","Orichalcum","Turnip","Fusion Hammer","MutagenicStrength"],"acts_visited":["Exordium","TheCity"],"potions_floor_usage":[22],"damage_taken":[{"damage":0.0,"enemies":"Small Slimes","floor":1.0,"turns":2.0},{"damage":0.0,"enemies":"2 Louse","floor":5.0,"turns":2.0},{"damage":16.0,"enemies":"Gremlin Nob","floor":7.0,"turns":3.0},{"damage":0.0,"enemies":"Cultist","floor":8.0,"turns":3.0},{"damage":0.0,"enemies":"The Mushroom Lair","floor":10.0,"turns":3.0},{"damage":21.0,"enemies":"3 Sentries","floor":11.0,"turns":3.0},{"damage":5.0,"enemies":"Blue Slaver","floor":12.0,"turns":4.0},{"damage":0.0,"enemies":"Lagavulin","floor":13.0,"turns":4.0},{"damage":6.0,"enemies":"Large Slime","floor":14.0,"turns":3.0},{"damage":1.0,"enemies":"Hexaghost","floor":16.0,"turns":7.0},{"damage":16.0,"enemies":"3 Byrds","floor":18.0,"turns":4.0},{"damage":24,"enemies":"2 Thieves","floor":20,"turns":3},{"damage":0,"enemies":"Snecko","floor":22,"turns":4},{"damage":30,"enemies":"Book of Stabbing","floor":23,"turns":6}],"seed_played":"6070172679416561508","potions_obtained":[{"floor":7.0,"key":"LiquidMemories"},{"floor":8.0,"key":"ColorlessPotion"},{"floor":12.0,"key":"Ancient Potion"},{"floor":13.0,"key":"FearPotion"},{"floor":14.0,"key":"SteroidPotion"},{"floor":16.0,"key":"Weak Potion"},{"floor":18.0,"key":"Swift Potion"},{"floor":22,"key":"Dexterity Potion"}],"is_trial":false,"path_per_floor":["M","?","?","?","M","R","E","M","T","?","E","M","E","M","R","B",null,"M","?","M","?","M","E"],"character_chosen":"WATCHER","items_purchased":[],"campfire_rested":0,"item_purchase_floors":[],"current_hp_per_floor":[61,61,61,50,50,50,34,34,34,34,13,8,8,2,2,1,51,35,49,25,25,25,0,0],"gold":379,"neow_bonus":"TRANSFORM_TWO_CARDS","is_daily":false,"chose_seed":false,"campfire_upgraded":2,"win_rate":0.0,"timestamp":1609556953,"path_taken":["M","?","?","?","M","R","E","M","T","?","E","M","E","M","R","BOSS","M","?","M","?","M","E"],"items_purchased_type":[],"build_version":"2020-12-22","purchased_purges":0,"victory":false,"max_hp_per_floor":[68,68,68,68,68,68,68,68,68,68,68,68,68,68,68,68,68,68,68,68,68,68,68,68],"relic_stats":{"counters":[14,51],"Turnip":[0],"Ginger":[4],"Orichalcum":[36],"obtain_stats":[{"Ice Cream":7,"MutagenicStrength":21,"Turnip":13,"Fusion Hammer":17,"Ginger":9,"PureWater":0,"Odd Mushroom":10,"Orichalcum":11},{"Ice Cream":3,"MutagenicStrength":12,"Turnip":8,"Fusion Hammer":10,"Ginger":4,"PureWater":0,"Odd Mushroom":5,"Orichalcum":6},{"Ice Cream":7,"MutagenicStrength":41,"Turnip":24,"Fusion Hammer":34,"Ginger":10,"PureWater":0,"Odd Mushroom":13,"Orichalcum":16}]},"card_choices":[{"not_picked":["Protect","Halt"],"picked":"TalkToTheHand","floor":1.0},{"not_picked":["FollowUp","SignatureMove","Evaluate"],"picked":"SKIP","floor":5.0},{"not_picked":["WindmillStrike","ReachHeaven","Prostrate"],"picked":"SKIP","floor":7.0},{"not_picked":["SashWhip","ClearTheMind"],"picked":"FlyingSleeves","floor":8.0},{"not_picked":["PathToVictory","Evaluate"],"picked":"MentalFortress","floor":11.0},{"not_picked":["BowlingBash","Conclude","ThirdEye"],"picked":"SKIP","floor":12.0},{"not_picked":["FollowUp","Protect"],"picked":"Omniscience","floor":13.0},{"not_picked":["Crescendo","Study","Wallop"],"picked":"SKIP","floor":14.0},{"not_picked":["SpiritShield","DevaForm"],"picked":"LessonLearned","floor":16.0},{"not_picked":["Halt","WindmillStrike","ThirdEye"],"picked":"SKIP","floor":18.0},{"not_picked":["SandsOfTime","FlyingSleeves"],"picked":"FlurryOfBlows","floor":20},{"not_picked":["Pray","Vengeance","ThirdEye"],"picked":"SKIP","floor":22}],"player_experience":3345682,"relics_obtained":[{"floor":7.0,"key":"Ice Cream"},{"floor":9.0,"key":"Ginger"},{"floor":10.0,"key":"Odd Mushroom"},{"floor":11.0,"key":"Orichalcum"},{"floor":13.0,"key":"Turnip"}],"event_choices":[{"cards_removed":["Defend_P"],"damage_healed":0.0,"max_hp_gain":0.0,"max_hp_loss":0.0,"gold_gain":0.0,"event_name":"Living Wall","player_choice":"Forget","floor":2.0,"gold_loss":0.0,"damage_taken":0.0},{"damage_healed":0.0,"max_hp_gain":0.0,"max_hp_loss":0.0,"gold_gain":0.0,"event_name":"Liars Game","player_choice":"Ignored","floor":3.0,"gold_loss":0.0,"damage_taken":0.0},{"damage_healed":0.0,"max_hp_gain":0.0,"max_hp_loss":0.0,"gold_gain":75.0,"event_name":"World of Goop","player_choice":"Gather Gold","floor":4.0,"gold_loss":0.0,"damage_taken":11.0},{"damage_healed":0.0,"max_hp_gain":0.0,"max_hp_loss":0.0,"gold_gain":0.0,"event_name":"Mushrooms","player_choice":"Fought Mushrooms","floor":10.0,"gold_loss":0.0,"damage_taken":0.0},{"damage_healed":14,"gold_gain":0,"player_choice":"Heal","damage_taken":0,"max_hp_gain":0,"max_hp_loss":0,"event_name":"The Library","floor":19,"gold_loss":0},{"damage_healed":0,"gold_gain":0,"player_choice":"Inject Mutagens","damage_taken":0,"relics_obtained":["MutagenicStrength"],"max_hp_gain":0,"max_hp_loss":0,"event_name":"Drug Dealer","floor":21,"gold_loss":0}],"is_beta":false,"boss_relics":[{"not_picked":["Pandora\u0027s Box","Black Star"],"picked":"Fusion Hammer"}],"items_purged_floors":[],"is_endless":false,"potions_floor_spawned":[7,8,12,13,14,16,18,22],"killed_by":"Book of Stabbing","ascension_level":20}}