{"host":"t7mx8yfj1no5p62f","time":1609621493,"event":{"mods":["BaseMod","Colored Map","Colored Powertips","Minty Spire (QoL Compilation)","Relic Stats","StSLib"],"gold_per_floor":[118,138,138,150,165,165,198,213,288,288,288,320,338,338,338,414,414,434,180,180,196,209,209,209,209],"floor_reached":24,"playtime":842,"items_purged":["Strike_G"],"score":416,"play_id":"bab60a4a-62ab-4521-b46e-61c2af268939","local_time":"20210102160453","is_ascension_mode":true,"campfire_choices":[{"data":"Dagger Throw","floor":6,"key":"SMITH"},{"data":"Quick Slash","floor":10,"key":"SMITH"},{"data":"Footwork","floor":15,"key":"SMITH"},{"data":"Malaise","floor":23,"key":"SMITH"}],"circlet_count":0,"master_deck":["AscendersBane","Strike_G","Strike_G","Strike_G","Strike_G","Defend_G","Defend_G","Defend_G","Defend_G","Defend_G","Survivor","Neutralize","Choke+1","Dagger Throw+1","Blade Dance","Quick Slash+1","PiercingWail","Deadly Poison","PiercingWail","Footwork+1","Malaise+1","Footwork","Deflect"],"relics":["Ring of the Snake","Akabeko","Pantograph","StoneCalendar","Runic Pyramid","Membership Card"],"acts_visited":["Exordium","TheCity"],"potions_floor_usage":[7,16,24],"damage_taken":[{"damage":0,"enemies":"Jaw Worm","floor":1,"turns":6},{"damage":2,"enemies":"2 Louse","floor":2,"turns":4},{"damage":2,"enemies":"Small Slimes","floor":4,"turns":5},{"damage":11,"enemies":"Looter","floor":5,"turns":3},{"damage":22,"enemies":"3 Sentries","floor":7,"turns":9},{"damage":0,"enemies":"3 Louse","floor":8,"turns":3},{"damage":27,"enemies":"Lagavulin","floor":12,"turns":7},{"damage":0,"enemies":"2 Fungi Beasts","floor":13,"turns":3},{"damage":15,"enemies":"Hexaghost","floor":16,"turns":9},{"damage":16,"enemies":"Shell Parasite","floor":18,"turns":7},{"damage":0,"enemies":"Chosen","floor":21,"turns":6},{"damage":19,"enemies":"Sentry and Sphere","floor":22,"turns":8},{"damage":8,"enemies":"Masked Bandits","floor":24,"turns":3}],"seed_played":"8284771319381000370","potions_obtained":[{"floor":1,"key":"DuplicationPotion"},{"floor":4,"key":"SpeedPotion"},{"floor":8,"key":"Regen Potion"},{"floor":16,"key":"Swift Potion"}],"is_trial":false,"path_per_floor":["M","M","?","M","M","R","E","M","T","R","?","E","M","?","R","B",null,"M","$","?","M","M","R","?"],"character_chosen":"THE_SILENT","items_purchased":["Membership Card","Footwork"],"campfire_rested":0,"item_purchase_floors":[19,19],"current_hp_per_floor":[65,63,68,66,55,55,33,33,33,33,33,6,6,6,6,25,64,48,48,26,26,7,7,0,0],"gold":209,"neow_bonus":"TEN_PERCENT_HP_BONUS","is_daily":false,"chose_seed":false,"campfire_upgraded":4,"win_rate":0.0,"timestamp":1609621493,"path_taken":["M","M","?","M","M","R","E","M","T","R","?","E","M","?","R","BOSS","M","$","?","M","M","R","?"],"items_purchased_type":["Relic","Card"],"build_version":"2020-12-22","purchased_purges":1,"victory":false,"max_hp_per_floor":[72,72,77,77,77,77,77,77,77,77,77,77,77,77,77,77,77,77,77,82,82,82,82,82,82],"relic_stats":{"counters":[13,73],"Pantograph":25,"StoneCalendar":[78],"obtain_stats":[{"Pantograph":9,"StoneCalendar":12,"Membership Card":19,"Akabeko":7,"Ring of the Snake":0,"Runic Pyramid":17},{"Pantograph":6,"StoneCalendar":7,"Membership Card":10,"Akabeko":5,"Ring of the Snake":0,"Runic Pyramid":9},{"Pantograph":30,"StoneCalendar":37,"Membership Card":56,"Akabeko":27,"Ring of the Snake":0,"Runic Pyramid":49}],"Ring of the Snake":[26]},"card_choices":[{"not_picked":["Eviscerate","Backflip"],"picked":"Choke","floor":1},{"not_picked":["Infinite Blades","Outmaneuver"],"picked":"Dagger Throw","floor":2},{"not_picked":["Escape Plan","Underhanded Strike"],"picked":"Blade Dance","floor":4},{"not_picked":["Storm of Steel","Blade Dance"],"picked":"Quick Slash","floor":5},{"not_picked":["Quick Slash","Poisoned Stab"],"picked":"PiercingWail","floor":7},{"not_picked":["PiercingWail","Crippling Poison"],"picked":"Deadly Poison","floor":8},{"not_picked":["Masterful Stab","Doppelganger"],"picked":"PiercingWail","floor":12},{"not_picked":["Backflip","Cloak And Dagger"],"picked":"Footwork","floor":13},{"not_picked":["Venomology","Tools of the Trade"],"picked":"Malaise","floor":16},{"not_picked":["Underhanded Strike","Accuracy+1","Quick Slash"],"picked":"SKIP","floor":18},{"not_picked":["Skewer","Setup","Underhanded Strike"],"picked":"SKIP","floor":21},{"not_picked":["Prepared","Dagger Throw"],"picked":"Deflect","floor":22}],"player_experience":1639382,"relics_obtained":[{"floor":7,"key":"Akabeko"},{"floor":9,"key":"Pantograph"},{"floor":12,"key":"StoneCalendar"}],"event_choices":[{"damage_healed":0,"gold_gain":0,"player_choice":"Donut","damage_taken":0,"max_hp_gain":5,"max_hp_loss":0,"event_name":"Big Fish","floor":3,"gold_loss":0},{"damage_healed":0,"gold_gain":0,"player_choice":"Grow","damage_taken":0,"max_hp_gain":0,"max_hp_loss":0,"event_name":"Living Wall","floor":11,"gold_loss":0,"cards_upgraded":["Choke"]},{"damage_healed":0,"gold_gain":0,"player_choice":"Fled","damage_taken":0,"max_hp_gain":0,"max_hp_loss":0,"event_name":"Scrap Ooze","floor":14,"gold_loss":0},{"damage_healed":0,"gold_gain":0,"player_choice":"Shed Blood","damage_taken":27,"max_hp_gain":5,"max_hp_loss":0,"event_name":"Forgotten Altar","floor":20,"gold_loss":0},{"damage_healed":0,"gold_gain":0,"player_choice":"Fought Bandits","damage_taken":0,"max_hp_gain":0,"max_hp_loss":0,"event_name":"Masked Bandits","floor":24,"gold_loss":0}],"is_beta":false,"boss_relics":[{"not_picked":["HoveringKite","Snecko Eye"],"picked":"Runic Pyramid"}],"items_purged_floors":[19],"is_endless":false,"potions_floor_spawned":[1,4,5,8,16,18],"killed_by":"Masked Bandits","ascension_level":20}}