{"host":"yludllxm6rzdxpbb","time":1609613755,"event":{"mods":["AchievementEnabler","BaseMod","Better Third Choice","BetterRewards","Colored Map","Colored Powertips","Hermit","Hubris","Infinite Spire","Minty Spire (QoL Compilation)","Quick Restart","Replay The Spire","StSLib","The Hierophant","The Necromancer"],"gold_per_floor":[119,138,138,154,154,154,168,168,191,120,120,152,4,29,29,131,131,143,155,155,155,165,196,209,229,256,256,290,290,303,303,303,407,407,422,442,455,455,455],"floor_reached":38,"playtime":2348,"items_purged":[],"score":601,"play_id":"d6c1fbe4-4948-4c15-a164-d1a2d0f5bbd7","local_time":"20210102215555","is_ascension_mode":false,"campfire_choices":[{"floor":6,"key":"REST"},{"floor":8,"key":"REST"},{"floor":11,"key":"RECALL"},{"floor":15,"key":"REST"},{"data":"Electrodynamics","floor":27,"key":"SMITH"},{"floor":32,"key":"REST"}],"circlet_count":0,"master_deck":["Strike_B","Strike_B","Strike_B","Strike_B","Defend_B","Defend_B","Defend_B","Defend_B","Zap","Dualcast","FIFO Queue","Lockon","Coolheaded","Compile Driver+1","Skim","Panic Button","Conserve Battery","Crystallizer","Sweeping Beam","White Noise","Core Surge","Genetic Algorithm+1","Electrodynamics+1","Languid","Bash","Jack Of All Trades","infinitespire:Starlight","hubris:Ukulele","Streamline","BootSequence","Ball Lightning+1","Melter","Hello World","Creative AI","Force Field","Barrage"],"relics":["Cracked Core","TheAbacus","Centennial Puzzle","hubris:TenFootPole","StoneCalendar","hubris:Macrotransations","infinitespire:Lucky Rock","Odd Mushroom","Toy Ornithopter","ClockworkSouvenir","infinitespire:Freezer","ReplayTheSpireMod:SealedPack","MutagenicStrength","infinitespire:Lychee Nut","ReplayTheSpireMod:TigerMarble","Replay:Rubber Ducky","ReplayTheSpireMod:Shallot","Black Star"],"acts_visited":["Exordium","TheCity","TheBeyond"],"potions_floor_usage":[7,28,28,36],"damage_taken":[{"damage":0,"enemies":"Small Slimes","floor":1,"turns":3},{"damage":0,"enemies":"2 Louse","floor":2,"turns":2},{"damage":0,"enemies":"Jaw Worm","floor":4,"turns":4},{"damage":18,"enemies":"3 Louse","floor":7,"turns":3},{"damage":17,"enemies":"3 Sentries","floor":12,"turns":6},{"damage":28,"enemies":"Lagavulin","floor":14,"turns":6},{"damage":19,"enemies":"Hexaghost","floor":16,"turns":10},{"damage":13,"enemies":"Shell Parasite","floor":18,"turns":7},{"damage":6,"enemies":"Chosen","floor":19,"turns":4},{"damage":7,"enemies":"3 Cultists","floor":22,"turns":3},{"damage":17,"enemies":"Replay:Snechameleon","floor":23,"turns":7},{"damage":17,"enemies":"Chosen and Byrds","floor":24,"turns":7},{"damage":2,"enemies":"Snake Plant","floor":25,"turns":5},{"damage":34,"enemies":"Gremlin Leader","floor":28,"turns":7},{"damage":23,"enemies":"Shelled Parasite and Fungi","floor":30,"turns":3},{"damage":23,"enemies":"Champ","floor":33,"turns":10},{"damage":0,"enemies":"3 Shapes","floor":35,"turns":2},{"damage":0,"enemies":"Orb Walker","floor":36,"turns":3},{"damage":11,"enemies":"4 Shapes","floor":37,"turns":6},{"damage":71,"enemies":"Maw","floor":38,"turns":8}],"seed_played":"86960331737384842","potions_obtained":[{"floor":1,"key":"SkillPotion"},{"floor":12,"key":"Ancient Potion"},{"floor":14,"key":"Weak Potion"},{"floor":18,"key":"Adrenaline Potion"},{"floor":30,"key":"Block Potion"},{"floor":36,"key":"Fruit Juice"},{"floor":37,"key":"PowerPotion"}],"is_trial":false,"path_per_floor":["M","M","?","M","?","R","M","R","T","$","R","E","$","E","R","B",null,"M","M","?","?","M","E","M","M","T","R","E","?","M","AVR","R","B",null,"M","M","M","M"],"character_chosen":"DEFECT","items_purchased":["TheAbacus","Centennial Puzzle","hubris:TenFootPole","FIFO Queue","Lockon","Coolheaded","Compile Driver+1","Skim","White Noise","ClockworkSouvenir"],"campfire_rested":4,"item_purchase_floors":[0,0,0,0,0,0,0,0,10,13],"current_hp_per_floor":[23,23,23,23,23,45,27,49,49,49,49,32,32,4,26,7,75,71,65,65,65,58,51,49,54,54,54,31,29,21,21,39,32,61,61,66,55,0,0],"gold":455,"neow_bonus":"","is_daily":false,"chose_seed":false,"campfire_upgraded":1,"win_rate":0.0,"timestamp":1609613755,"path_taken":["M","M","?","M","?","R","M","R","T","?","R","E","$","E","R","BOSS","M","M","?","?","M","E","M","?","T","R","E","?","M","AVR","R","BOSS","M","M","M","M"],"items_purchased_type":["Relic","Relic","Relic","Card","Card","Card","Card","Card","Card","Relic"],"build_version":"2020-12-22","purchased_purges":0,"victory":false,"max_hp_per_floor":[75,75,75,75,75,75,75,75,75,75,75,75,75,75,75,75,75,75,75,75,75,75,56,56,56,56,56,56,61,61,61,61,61,61,61,66,66,66,66],"card_choices":[{"not_picked":["Doom and Gloom","Coolheaded"],"picked":"Panic Button","floor":1},{"not_picked":["Streamline","Biased Cognition"],"picked":"Conserve Battery","floor":2},{"not_picked":["Consume","Turbo"],"picked":"Crystallizer","floor":4},{"not_picked":["Gash","Beam Cell"],"picked":"Sweeping Beam","floor":7},{"not_picked":["ReplayTheSpireMod:Calculation Training","Gash"],"picked":"Core Surge","floor":12},{"not_picked":["Coolheaded","hubris:Ukulele"],"picked":"Genetic Algorithm","floor":14},{"not_picked":["Machine Learning","Meteor Strike"],"picked":"Electrodynamics","floor":16},{"not_picked":["Vigilance","Eruption"],"picked":"Bash","floor":17},{"not_picked":["Swift Strike","Impatience"],"picked":"Jack Of All Trades","floor":17},{"not_picked":["infinitespire:Fortify","ReplayTheSpireMod:??????????????????????"],"picked":"infinitespire:Starlight","floor":17},{"not_picked":["Redo","Cold Snap+1"],"picked":"hubris:Ukulele","floor":18},{"not_picked":["Sweeping Beam+1","Aggregate"],"picked":"Streamline","floor":19},{"not_picked":["Sweeping Beam+1","Beam Cell"],"picked":"BootSequence","floor":22},{"not_picked":["Turbo","Reprogram","Seek"],"picked":"SKIP","floor":23},{"not_picked":["Fusion+1","Blizzard+1"],"picked":"Ball Lightning+1","floor":24},{"not_picked":["Rebound","Go for the Eyes+1"],"picked":"Melter","floor":25},{"not_picked":["Rebound","Compile Driver+1"],"picked":"Hello World","floor":28},{"not_picked":["Heatsinks","FIFO Queue","Coolheaded"],"picked":"SKIP","floor":30},{"not_picked":["Thunder Strike","ReplayTheSpireMod:Fabricate Wheel"],"picked":"Creative AI","floor":33},{"not_picked":["Stack","Conserve Battery"],"picked":"Force Field","floor":35},{"not_picked":["ReplayTheSpireMod:System Scan+1","Cold Snap+1"],"picked":"Barrage","floor":36},{"not_picked":["Panic Button","Cold Snap","Turbo"],"picked":"SKIP","floor":37}],"player_experience":334845,"relics_obtained":[{"floor":12,"key":"Toy Ornithopter"},{"floor":14,"key":"infinitespire:Freezer"},{"floor":23,"key":"infinitespire:Lychee Nut"},{"floor":26,"key":"ReplayTheSpireMod:TigerMarble"},{"floor":28,"key":"Replay:Rubber Ducky"}],"event_choices":[{"damage_healed":23,"gold_gain":0,"player_choice":"Leave","damage_taken":0,"max_hp_gain":0,"max_hp_loss":75,"event_name":"betterThird:BetterShining","floor":5,"gold_loss":0},{"damage_healed":0,"gold_gain":0,"player_choice":"Inject Mutagens","damage_taken":0,"relics_obtained":["MutagenicStrength"],"max_hp_gain":0,"max_hp_loss":0,"event_name":"Drug Dealer","floor":20,"gold_loss":0},{"damage_healed":0,"gold_gain":0,"player_choice":"Upgraded","damage_taken":0,"max_hp_gain":0,"max_hp_loss":0,"event_name":"Upgrade Shrine","floor":21,"gold_loss":0,"cards_upgraded":["Genetic Algorithm"]},{"damage_healed":0,"gold_gain":0,"player_choice":"Shed Blood","damage_taken":14,"max_hp_gain":5,"max_hp_loss":0,"event_name":"Forgotten Altar","floor":29,"gold_loss":0}],"is_beta":false,"boss_relics":[{"not_picked":["ReplayTheSpireMod:DimensionalGlitch","hubris:HollowSoul"],"picked":"ReplayTheSpireMod:SealedPack"},{"not_picked":["Tiny House","Replay:Drink Me"],"picked":"Black Star"}],"items_purged_floors":[],"is_endless":false,"potions_floor_spawned":[1,12,14,18,23,24,30,36,37],"killed_by":"Maw","ascension_level":0}}