{"host":"w9yruvs4bqht6bhw","time":1609621010,"event":{"mods":["BaseMod","Colored Powertips","Minty Spire (QoL Compilation)"],"gold_per_floor":[111,125,143,156,36,71,83,109,132,166,23,23,0,18,18,115,115,125,125,135,147,160,191,204,219,268,268,268],"floor_reached":27,"playtime":933,"items_purged":[],"score":350,"play_id":"336f35d7-c7ae-48b3-83d8-d4684d325090","local_time":"20210102155650","is_ascension_mode":true,"campfire_choices":[{"floor":15,"key":"REST"}],"circlet_count":0,"master_deck":["Strike_R","Strike_R","Strike_R","Strike_R","Defend_R","Defend_R","Defend_R","Bash","Clash","Thunderclap","Twin Strike","Shrug It Off","Headbutt","Cleave","Twin Strike","Rampage","Flex","Burning Pact","Warcry","Disarm","Ghostly Armor","Clash","Double Tap","Shrug It Off","Sever Soul","Warcry+1","Seeing Red","Thunderclap+1"],"relics":["Burning Blood","NeowsBlessing","Smiling Mask","Prayer Wheel","Red Skull","Lantern","Orrery","Busted Crown","Bag of Marbles","Regal Pillow"],"acts_visited":["Exordium","TheCity"],"potions_floor_usage":[4,8,8,20,21,23,25],"damage_taken":[{"damage":0,"enemies":"Jaw Worm","floor":1,"turns":1},{"damage":0,"enemies":"2 Louse","floor":2,"turns":1},{"damage":0,"enemies":"Cultist","floor":3,"turns":1},{"damage":11,"enemies":"Red Slaver","floor":4,"turns":5},{"damage":31,"enemies":"Gremlin Nob","floor":6,"turns":5},{"damage":6,"enemies":"Blue Slaver","floor":7,"turns":3},{"damage":30,"enemies":"Lagavulin","floor":8,"turns":5},{"damage":16,"enemies":"Gremlin Nob","floor":10,"turns":3},{"damage":0,"enemies":"Exordium Wildlife","floor":14,"turns":2},{"damage":31,"enemies":"Hexaghost","floor":16,"turns":9},{"damage":21,"enemies":"Spheric Guardian","floor":18,"turns":4},{"damage":4,"enemies":"3 Byrds","floor":20,"turns":4},{"damage":20,"enemies":"Centurion and Healer","floor":21,"turns":5},{"damage":17,"enemies":"3 Cultists","floor":22,"turns":4},{"damage":29,"enemies":"Gremlin Leader","floor":23,"turns":4},{"damage":0,"enemies":"Snecko","floor":24,"turns":2},{"damage":6,"enemies":"Shelled Parasite and Fungi","floor":25,"turns":2},{"damage":14,"enemies":"Book of Stabbing","floor":27,"turns":2}],"seed_played":"-5652657264402041912","potions_obtained":[{"floor":3,"key":"Explosive Potion"},{"floor":4,"key":"Explosive Potion"},{"floor":6,"key":"Regen Potion"},{"floor":16,"key":"GamblersBrew"},{"floor":18,"key":"EssenceOfSteel"},{"floor":22,"key":"LiquidBronze"},{"floor":24,"key":"DuplicationPotion"}],"is_trial":false,"path_per_floor":["M","M","M","M","$","E","M","E","T","E","$","?","?","M","R","B",null,"M","?","M","M","M","E","M","M","T","E"],"character_chosen":"IRONCLAD","items_purchased":["Shrug It Off","CultistPotion","Orrery"],"campfire_rested":1,"item_purchase_floors":[5,5,11],"current_hp_per_floor":[78,80,80,75,75,50,50,40,40,30,30,30,30,36,60,35,69,54,54,56,42,31,8,14,14,14,0,0],"gold":268,"neow_bonus":"THREE_ENEMY_KILL","is_daily":false,"chose_seed":false,"campfire_upgraded":0,"win_rate":0.0,"timestamp":1609621010,"path_taken":["M","M","M","M","$","E","M","E","T","E","$","?","?","M","R","BOSS","M","?","M","?","M","E","M","M","T","E"],"items_purchased_type":["Card","Potion","Relic"],"build_version":"2020-12-22","purchased_purges":0,"victory":false,"max_hp_per_floor":[80,80,80,80,80,80,80,80,80,80,80,80,80,80,80,80,80,80,80,80,80,80,80,80,80,80,80,80],"card_choices":[{"not_picked":["Shockwave","Flex"],"picked":"Clash","floor":1},{"not_picked":["Whirlwind","Perfected Strike"],"picked":"Thunderclap","floor":2},{"not_picked":["Second Wind","Metallicize","Pommel Strike"],"picked":"SKIP","floor":3},{"not_picked":["Flex","Shockwave"],"picked":"Twin Strike","floor":4},{"not_picked":["Sever Soul","Warcry"],"picked":"Headbutt","floor":6},{"not_picked":["Anger","Ghostly Armor"],"picked":"Cleave","floor":7},{"not_picked":["Iron Wave","Body Slam","Searing Blow"],"picked":"SKIP","floor":8},{"not_picked":["Carnage","Heavy Blade"],"picked":"Twin Strike","floor":10},{"not_picked":["Metallicize","Inflame"],"picked":"Rampage","floor":11},{"not_picked":["Anger","Clothesline"],"picked":"Flex","floor":11},{"not_picked":["Entrench","Sword Boomerang"],"picked":"Burning Pact","floor":11},{"not_picked":["Flame Barrier","Second Wind"],"picked":"Warcry","floor":11},{"not_picked":["Cleave","Impervious"],"picked":"Disarm","floor":11},{"not_picked":["Body Slam","Metallicize"],"picked":"Ghostly Armor","floor":14},{"not_picked":["Heavy Blade","Warcry"],"picked":"Clash","floor":14},{"not_picked":["Barricade","Impervious"],"picked":"Double Tap","floor":16},{"not_picked":[],"picked":"Shrug It Off","floor":18},{"not_picked":["Heavy Blade"],"picked":"SKIP","floor":18},{"not_picked":[],"picked":"Warcry+1","floor":20},{"not_picked":["Wild Strike"],"picked":"SKIP","floor":20},{"not_picked":[],"picked":"Seeing Red","floor":21},{"not_picked":["Metallicize+1"],"picked":"SKIP","floor":21},{"not_picked":["Clothesline"],"picked":"SKIP","floor":22},{"not_picked":["Power Through"],"picked":"SKIP","floor":22},{"not_picked":["Headbutt"],"picked":"SKIP","floor":23},{"not_picked":["Perfected Strike"],"picked":"SKIP","floor":24},{"not_picked":["Havoc"],"picked":"SKIP","floor":24},{"not_picked":[],"picked":"Thunderclap+1","floor":25},{"not_picked":["Thunderclap"],"picked":"SKIP","floor":25}],"player_experience":266660,"relics_obtained":[{"floor":6,"key":"Smiling Mask"},{"floor":8,"key":"Prayer Wheel"},{"floor":9,"key":"Red Skull"},{"floor":10,"key":"Lantern"},{"floor":23,"key":"Bag of Marbles"},{"floor":26,"key":"Regal Pillow"}],"event_choices":[{"cards_removed":["Strike_R"],"damage_healed":0,"gold_gain":0,"player_choice":"Forget","damage_taken":0,"max_hp_gain":0,"max_hp_loss":0,"event_name":"Living Wall","floor":12,"gold_loss":0},{"damage_healed":0,"gold_gain":0,"player_choice":"Left Gold","damage_taken":0,"max_hp_gain":0,"max_hp_loss":0,"event_name":"World of Goop","floor":13,"gold_loss":23},{"damage_healed":0,"gold_gain":0,"cards_transformed":["Defend_R"],"player_choice":"Transformed","damage_taken":0,"max_hp_gain":0,"max_hp_loss":0,"event_name":"Transmorgrifier","floor":19,"gold_loss":0,"cards_obtained":["Sever Soul"]}],"is_beta":false,"boss_relics":[{"not_picked":["Ectoplasm","Fusion Hammer"],"picked":"Busted Crown"}],"items_purged_floors":[],"is_endless":false,"potions_floor_spawned":[3,4,6,7,16,18,22,24],"killed_by":"Book of Stabbing","ascension_level":7}}