{"host":"344lv32hnei0mdhu","time":1609546009,"event":{"mods":["Act Like it!","BaseMod","Better Match","Better Sensory Stone","Better Skull","Better Third Choice","Better Vampires","Colored Powertips","Highlight Path","Minty Spire (QoL Compilation)","Quick Restart","Random Character Button","Rare Cards Sparkle","StSLib"],"gold_per_floor":[109,109,109,122,138,138,157,229,297,297,357,374,374,108,108,209,209,223,238,238,238],"floor_reached":20,"playtime":764,"items_purged":[],"score":310,"play_id":"f89fe571-c73d-43de-9620-06cba975d28a","local_time":"20210101180649","is_ascension_mode":true,"campfire_choices":[{"data":"ReachHeaven","floor":6,"key":"SMITH"},{"data":"ForeignInfluence","floor":13,"key":"SMITH"},{"data":"SashWhip","floor":15,"key":"SMITH"}],"circlet_count":0,"master_deck":["Strike_P","Strike_P","Strike_P","Strike_P","Defend_P","Defend_P","Defend_P","Defend_P","Eruption+1","Vigilance","SashWhip+1","ForeignInfluence+1","ReachHeaven+1","InnerPeace","Prostrate","Evaluate","DevaForm","LikeWater"],"relics":["PureWater","NeowsBlessing","White Beast Statue","Mercury Hourglass","Potion Belt","Membership Card","Eternal Feather","SlaversCollar"],"acts_visited":["Exordium","TheCity"],"potions_floor_usage":[7,16,18,19],"damage_taken":[{"damage":0,"enemies":"Small Slimes","floor":1,"turns":1},{"damage":0,"enemies":"2 Louse","floor":4,"turns":1},{"damage":0,"enemies":"Cultist","floor":5,"turns":1},{"damage":0,"enemies":"Exordium Thugs","floor":7,"turns":2},{"damage":20,"enemies":"Lagavulin Event","floor":11,"turns":3},{"damage":0,"enemies":"2 Fungi Beasts","floor":12,"turns":2},{"damage":0,"enemies":"Slime Boss","floor":16,"turns":3},{"damage":7,"enemies":"Chosen","floor":18,"turns":4},{"damage":40,"enemies":"2 Thieves","floor":19,"turns":5},{"damage":46,"enemies":"Masked Bandits","floor":20,"turns":3}],"seed_played":"4890211494112544216","potions_obtained":[{"floor":4,"key":"EssenceOfSteel"},{"floor":5,"key":"Fire Potion"},{"floor":11,"key":"Dexterity Potion"},{"floor":12,"key":"ColorlessPotion"},{"floor":16,"key":"Regen Potion"},{"floor":18,"key":"Fruit Juice"},{"floor":19,"key":"SteroidPotion"}],"is_trial":false,"path_per_floor":["M","?","?","M","M","R","M","T","T","?","?","M","R","$","R","B",null,"M","M","?"],"character_chosen":"WATCHER","items_purchased":["Membership Card","Eternal Feather"],"campfire_rested":0,"item_purchase_floors":[14,14],"current_hp_per_floor":[65,70,70,70,70,70,70,70,70,70,50,50,50,50,59,59,73,71,43,0,0],"gold":238,"neow_bonus":"THREE_ENEMY_KILL","is_daily":false,"chose_seed":false,"campfire_upgraded":3,"win_rate":0.0,"timestamp":1609546009,"path_taken":["M","?","?","M","?","R","M","?","T","?","?","?","R","$","R","BOSS","M","M","?"],"items_purchased_type":["Relic","Relic"],"build_version":"2020-12-22","purchased_purges":0,"victory":false,"max_hp_per_floor":[72,77,77,77,77,77,77,77,77,77,77,77,77,77,77,77,77,82,82,82,82],"card_choices":[{"not_picked":["Halt","PathToVictory"],"picked":"SashWhip","floor":1},{"not_picked":["Crescendo","WindmillStrike"],"picked":"ForeignInfluence","floor":4},{"not_picked":["Prostrate","EmptyBody"],"picked":"ReachHeaven","floor":5},{"not_picked":["WindmillStrike","FlyingSleeves"],"picked":"InnerPeace","floor":7},{"not_picked":["FlyingSleeves","PathToVictory"],"picked":"Prostrate","floor":11},{"not_picked":["BowlingBash","ClearTheMind"],"picked":"Evaluate","floor":12},{"not_picked":["DeusExMachina","Wish"],"picked":"DevaForm","floor":16},{"not_picked":["FollowUp","Evaluate","EmptyBody+1"],"picked":"SKIP","floor":18},{"not_picked":["Consecrate","Evaluate"],"picked":"LikeWater","floor":19}],"player_experience":296996,"relics_obtained":[{"floor":8,"key":"White Beast Statue"},{"floor":9,"key":"Mercury Hourglass"},{"floor":11,"key":"Potion Belt"}],"event_choices":[{"damage_healed":0,"gold_gain":0,"player_choice":"Donut","damage_taken":0,"max_hp_gain":5,"max_hp_loss":0,"event_name":"Big Fish","floor":2,"gold_loss":0},{"damage_healed":0,"gold_gain":0,"player_choice":"Forge","damage_taken":0,"max_hp_gain":0,"max_hp_loss":0,"event_name":"Accursed Blacksmith","floor":3,"gold_loss":0,"cards_upgraded":["Eruption"]},{"damage_healed":0,"gold_gain":0,"player_choice":"Leave","damage_taken":0,"max_hp_gain":0,"max_hp_loss":0,"event_name":"The Cleric","floor":10,"gold_loss":0},{"damage_healed":0,"gold_gain":0,"player_choice":"Searched \u00272\u0027 times","damage_taken":0,"max_hp_gain":0,"max_hp_loss":0,"event_name":"Dead Adventurer","floor":11,"gold_loss":0},{"damage_healed":0,"gold_gain":0,"player_choice":"Fought Bandits","damage_taken":0,"max_hp_gain":0,"max_hp_loss":0,"event_name":"Masked Bandits","floor":20,"gold_loss":0}],"is_beta":false,"boss_relics":[{"not_picked":["Fusion Hammer","Sozu"],"picked":"SlaversCollar"}],"items_purged_floors":[],"is_endless":false,"potions_floor_spawned":[4,5,11,12,16,18,19],"killed_by":"Masked Bandits","ascension_level":9}}