{"host":"d2y4rmbezebiv8aj","time":1609628375,"event":{"mods":["AchievementEnabler","BaseMod","BetterRewards","Colored Map","Colored Powertips","Custom Start","Highlight Path","Minty Spire (QoL Compilation)","Rare Cards Sparkle","Shop Mod","StSLib","SuperFastMode","Synergy Search"],"gold_per_floor":[117,127,138,152,27,53,53,53,53,82,99,110,129,145,145,250,250,265,20,35,54,54,84,84,84,132,132,149,149,174,449,449,553,553,565,206,221,238,251,251,268,293,293,95,121,137,151,181,181,181],"floor_reached":51,"playtime":2923,"items_purged":["Regret"],"score":838,"play_id":"0affbe12-ede2-4e44-b6ec-c9c4d971b48f","local_time":"20210102235935","is_ascension_mode":false,"campfire_choices":[{"data":"Storm of Steel","floor":7,"key":"SMITH"},{"floor":15,"key":"REST"},{"data":"Infinite Blades","floor":27,"key":"SMITH"},{"data":"Infinite Blades","floor":29,"key":"SMITH"},{"data":"Envenom","floor":32,"key":"SMITH"},{"data":"Accuracy","floor":40,"key":"SMITH"},{"data":"Envenom","floor":49,"key":"SMITH"}],"circlet_count":0,"master_deck":["Strike_G+1","Strike_G+1","Strike_G+1","Strike_G+1","Strike_G+1","Defend_G+1","Defend_G+1","Defend_G+1","Defend_G+1","Defend_G+1","Survivor","Neutralize","Storm of Steel+1","PiercingWail","Blade Dance","Backflip","Endless Agony+1","Accuracy+1","Dramatic Entrance+1","Dash","Adrenaline","Infinite Blades+1","Infinite Blades+1","Prepared","PiercingWail","Sucker Punch","Envenom+1","PiercingWail","Dark Shackles","Sucker Punch+1","Footwork","Sucker Punch+1","Envenom+1","Outmaneuver+1","Accuracy+1","Dramatic Entrance","Backflip+1","PiercingWail+1","Caltrops+1","Blade Dance","Outmaneuver","Terror","Dagger Spray+1"],"relics":["Ring of the Snake","Dream Catcher","Eternal Feather","Thread and Needle","Coffee Dripper","Snake Skull","Bag of Preparation","Whetstone","Shuriken","Runic Pyramid","HandDrill","Mummified Hand","Strawberry","Orrery","MealTicket","Bag of Marbles"],"acts_visited":["Exordium","TheCity","TheBeyond"],"potions_floor_usage":[6,6,6,50,50,50],"damage_taken":[{"damage":9,"enemies":"Cultist","floor":1,"turns":4},{"damage":0,"enemies":"2 Louse","floor":2,"turns":2},{"damage":5,"enemies":"Small Slimes","floor":3,"turns":3},{"damage":0,"enemies":"Red Slaver","floor":4,"turns":7},{"damage":28,"enemies":"Gremlin Nob","floor":6,"turns":6},{"damage":15,"enemies":"Lagavulin","floor":10,"turns":5},{"damage":0,"enemies":"Looter","floor":11,"turns":3},{"damage":0,"enemies":"Lots of Slimes","floor":12,"turns":1},{"damage":0,"enemies":"Exordium Wildlife","floor":13,"turns":3},{"damage":0,"enemies":"Large Slime","floor":14,"turns":5},{"damage":3,"enemies":"The Guardian","floor":16,"turns":11},{"damage":0,"enemies":"3 Byrds","floor":18,"turns":5},{"damage":0,"enemies":"Chosen","floor":20,"turns":4},{"damage":1,"enemies":"3 Cultists","floor":21,"turns":5},{"damage":32,"enemies":"Book of Stabbing","floor":23,"turns":7},{"damage":0,"enemies":"Snake Plant","floor":28,"turns":5},{"damage":18,"enemies":"Gremlin Leader","floor":30,"turns":6},{"damage":16,"enemies":"Champ","floor":33,"turns":8},{"damage":4,"enemies":"Orb Walker","floor":35,"turns":3},{"damage":18,"enemies":"3 Shapes","floor":37,"turns":3},{"damage":0,"enemies":"Jaw Worm Horde","floor":38,"turns":4},{"damage":5,"enemies":"Maw","floor":39,"turns":5},{"damage":22,"enemies":"Sphere and 2 Shapes","floor":41,"turns":3},{"damage":0,"enemies":"Giant Head","floor":42,"turns":5},{"damage":6,"enemies":"Jaw Worm Horde","floor":46,"turns":3},{"damage":4,"enemies":"Maw","floor":47,"turns":4},{"damage":1,"enemies":"Reptomancer","floor":48,"turns":4},{"damage":55,"enemies":"Awakened One","floor":50,"turns":8}],"seed_played":"-1443314612049508884","potions_obtained":[{"floor":2,"key":"Dexterity Potion"},{"floor":3,"key":"EssenceOfSteel"},{"floor":4,"key":"SteroidPotion"},{"floor":10,"key":"Poison Potion"},{"floor":13,"key":"PowerPotion"},{"floor":18,"key":"Ancient Potion"},{"floor":23,"key":"BlessingOfTheForge"}],"is_trial":false,"path_per_floor":["M","M","M","M","$","E","R","?","T","E","M","M","M","M","R","B",null,"M","$","M","M","$","E","?","?","T","R","M","R","E","?","R","B",null,"M","$","M","M","M","R","M","E","T","$","T","M","M","E","R","B",null],"character_chosen":"THE_SILENT","items_purchased":["Accuracy","Dramatic Entrance","Dark Shackles","Snake Skull","Accuracy","HandDrill","Dramatic Entrance","Orrery","Outmaneuver"],"campfire_rested":1,"item_purchase_floors":[5,5,19,19,36,36,36,44,44],"current_hp_per_floor":[61,61,56,56,56,28,28,28,28,13,13,13,13,13,49,46,70,70,70,70,69,69,37,37,37,37,55,55,70,52,52,70,54,70,66,66,48,48,43,64,42,42,49,49,49,43,39,38,62,7],"gold":181,"neow_bonus":"ONE_RANDOM_RARE_CARD","is_daily":false,"chose_seed":false,"campfire_upgraded":6,"win_rate":0.0,"timestamp":1609628375,"path_taken":["M","M","M","M","$","E","R","?","T","E","M","M","M","M","R","BOSS","M","$","M","M","?","E","?","?","T","R","?","R","E","?","R","BOSS","M","$","M","M","M","R","M","E","T","$","?","M","M","E","R","BOSS"],"items_purchased_type":["Card","Card","Card","Relic","Card","Relic","Card","Relic","Card"],"build_version":"2020-12-22","purchased_purges":1,"victory":true,"max_hp_per_floor":[70,70,70,70,70,70,70,70,70,70,70,70,70,70,70,70,70,70,70,70,70,70,70,70,70,70,70,70,70,70,70,70,70,70,70,70,70,70,70,70,70,70,77,77,77,77,77,77,77,77],"card_choices":[{"not_picked":["Poisoned Stab","Dagger Spray"],"picked":"PiercingWail","floor":1},{"not_picked":["Terror","Reflex"],"picked":"Blade Dance","floor":2},{"not_picked":["Underhanded Strike","Catalyst"],"picked":"Backflip","floor":3},{"not_picked":["Eviscerate","Dodge and Roll"],"picked":"Endless Agony","floor":4},{"not_picked":["Predator","Prepared"],"picked":"Dash","floor":6},{"not_picked":["Backflip","Dagger Spray"],"picked":"Adrenaline","floor":10},{"not_picked":["Bane","Blade Dance"],"picked":"Infinite Blades","floor":11},{"not_picked":["Reflex","Eviscerate"],"picked":"Infinite Blades","floor":12},{"not_picked":["Wraith Form v2","Acrobatics"],"picked":"Prepared","floor":13},{"not_picked":["Skewer","Outmaneuver"],"picked":"PiercingWail","floor":14},{"not_picked":["Acrobatics","Catalyst"],"picked":"Sucker Punch","floor":15},{"not_picked":["Unload","Bullet Time"],"picked":"Envenom","floor":16},{"not_picked":["Dodge and Roll","Escape Plan+1"],"picked":"PiercingWail","floor":18},{"not_picked":["Outmaneuver","Dodge and Roll"],"picked":"Sucker Punch+1","floor":20},{"not_picked":["Outmaneuver","Deadly Poison+1"],"picked":"Footwork","floor":21},{"not_picked":["Choke+1","Quick Slash"],"picked":"Sucker Punch+1","floor":23},{"not_picked":["Choke","Well Laid Plans","Cloak And Dagger"],"picked":"SKIP","floor":28},{"not_picked":["Wraith Form v2","Unload","Sucker Punch"],"picked":"SKIP","floor":30},{"not_picked":["Doppelganger","Venomology"],"picked":"Envenom","floor":33},{"not_picked":["PiercingWail+1","Flying Knee+1"],"picked":"Outmaneuver+1","floor":35},{"not_picked":["Dagger Throw","Wraith Form v2"],"picked":"Backflip+1","floor":37},{"not_picked":["Sucker Punch+1","Well Laid Plans+1"],"picked":"PiercingWail+1","floor":38},{"not_picked":["Catalyst+1","Acrobatics+1","Calculated Gamble"],"picked":"SKIP","floor":39},{"not_picked":["Sucker Punch+1","Dagger Throw+1","Noxious Fumes"],"picked":"SKIP","floor":41},{"not_picked":["Venomology","Expertise+1","Underhanded Strike+1"],"picked":"SKIP","floor":42},{"not_picked":["Blade Dance","Well Laid Plans+1"],"picked":"Caltrops+1","floor":44},{"not_picked":["Phantasmal Killer","Quick Slash"],"picked":"Blade Dance","floor":44},{"not_picked":["Quick Slash+1","Concentrate+1","Sucker Punch"],"picked":"SKIP","floor":46},{"not_picked":["Escape Plan+1","Acrobatics+1"],"picked":"Terror","floor":47},{"not_picked":["Underhanded Strike+1","Expertise"],"picked":"Dagger Spray+1","floor":48}],"player_experience":317198,"relics_obtained":[{"floor":6,"key":"Dream Catcher"},{"floor":9,"key":"Eternal Feather"},{"floor":10,"key":"Thread and Needle"},{"floor":23,"key":"Bag of Preparation"},{"floor":26,"key":"Whetstone"},{"floor":30,"key":"Shuriken"},{"floor":42,"key":"Mummified Hand"},{"floor":43,"key":"Strawberry"},{"floor":45,"key":"MealTicket"},{"floor":48,"key":"Bag of Marbles"}],"event_choices":[{"damage_healed":0,"gold_gain":0,"player_choice":"Upgraded","damage_taken":0,"max_hp_gain":0,"max_hp_loss":0,"event_name":"Upgrade Shrine","floor":8,"gold_loss":0,"cards_upgraded":["Accuracy"]},{"damage_healed":0,"gold_gain":0,"player_choice":"Simplicity","damage_taken":0,"max_hp_gain":0,"max_hp_loss":0,"event_name":"Back to Basics","floor":24,"gold_loss":0,"cards_upgraded":["Strike_G","Strike_G","Strike_G","Strike_G","Strike_G","Defend_G","Defend_G","Defend_G","Defend_G","Defend_G"]},{"damage_healed":0,"gold_gain":0,"player_choice":"Ignored","damage_taken":0,"max_hp_gain":0,"max_hp_loss":0,"event_name":"NoteForYourself","floor":25,"gold_loss":0},{"damage_healed":0,"gold_gain":275,"player_choice":"Desecrate","damage_taken":0,"max_hp_gain":0,"max_hp_loss":0,"event_name":"Golden Shrine","floor":31,"gold_loss":0,"cards_obtained":["Regret"]}],"is_beta":false,"boss_relics":[{"not_picked":["SlaversCollar","Ring of the Serpent"],"picked":"Coffee Dripper"},{"not_picked":["SacredBark","Astrolabe"],"picked":"Runic Pyramid"}],"items_purged_floors":[36],"is_endless":false,"potions_floor_spawned":[2,3,4,10,13,18,23,30,33,35,41,46],"ascension_level":0}}