{"host":"enpah696raxjhbxd","time":1609573951,"event":{"mods":["BaseMod","Challenge The Spire","Chen","Colored Powertips","Friendly Minions","Minty Spire (QoL Compilation)","Replay The Spire","StSLib","TestMod","The Bladedancer","The Poker Player","UnlockEverythingMod","vexMod"],"gold_per_floor":[118,118,118,118,128,163,163,238,264,264,278,291,301,311,311,416,416,436,281,221,236,255,282,301,313,313,325,355,355,41,52,52,52,52],"floor_reached":33,"playtime":942,"items_purged":[],"score":366,"play_id":"4de56943-cc73-494e-917e-98971b8e5f36","local_time":"20210102155231","is_ascension_mode":false,"campfire_choices":[{"floor":7.0,"key":"RECALL"},{"data":"blademaster:Strike","floor":10.0,"key":"SMITH"},{"data":"blademaster:AncestralHealing","floor":15.0,"key":"SMITH"},{"data":"blademaster:Defend","floor":32.0,"key":"SMITH"}],"circlet_count":0,"master_deck":["blademaster:Strike+1","blademaster:Strike+1","blademaster:Strike+1","blademaster:Strike+1","blademaster:Defend+1","blademaster:Defend+1","blademaster:Defend+1","blademaster:Defend","blademaster:RagingBlow+1","blademaster:HighVoltage+1","blademaster:Flurry+1","blademaster:Vortex+1","blademaster:ThunderingOpener+1","blademaster:LeechingStrike+1","blademaster:AncestralHealing+1","blademaster:Empower+1","blademaster:BladeMastery+1","blademaster:BladeCross+1","blademaster:Blindside+1","blademaster:Safeguard+1","Writhe","blademaster:BrainBloom+1"],"relics":["blademaster:DancersAmulet","testmod-TestBox","NeowsBlessing","testmod-BloodSacrificeSpiritualization","Shuriken","Blood Vial","vexMod:BigBerry","Orichalcum","testmod-BouquetWithThorns","HornCleat","testmod-IntensifyImprint"],"acts_visited":["Exordium","TheCity"],"potions_floor_usage":[],"damage_taken":[{"damage":7.0,"enemies":"2 Louse","floor":1.0,"turns":1.0},{"damage":7.0,"enemies":"Small Slimes","floor":5.0,"turns":1.0},{"damage":7.0,"enemies":"Gremlin Nob","floor":6.0,"turns":1.0},{"damage":3.0,"enemies":"Jaw Worm","floor":11.0,"turns":2.0},{"damage":9.0,"enemies":"Exordium Thugs","floor":12.0,"turns":2.0},{"damage":6.0,"enemies":"2 Fungi Beasts","floor":13.0,"turns":2.0},{"damage":7.0,"enemies":"Large Slime","floor":14.0,"turns":2.0},{"damage":23.0,"enemies":"Hexaghost","floor":16.0,"turns":5.0},{"damage":10.0,"enemies":"Spheric Guardian","floor":18.0,"turns":3.0},{"damage":16.0,"enemies":"Shell Parasite","floor":21.0,"turns":2.0},{"damage":20.0,"enemies":"Centurion and Healer","floor":22.0,"turns":3.0},{"damage":21.0,"enemies":"Slavers","floor":23.0,"turns":3.0},{"damage":17.0,"enemies":"3 Cultists","floor":24.0,"turns":4.0},{"damage":10.0,"enemies":"Cultist and Chosen","floor":25.0,"turns":2.0},{"damage":10.0,"enemies":"Shelled Parasite and Fungi","floor":27.0,"turns":2.0},{"damage":11.0,"enemies":"Replay:Snechameleon","floor":28.0,"turns":3.0},{"damage":10.0,"enemies":"3 Cultists","floor":31.0,"turns":2.0},{"damage":0,"enemies":"Pondfish","floor":33,"turns":1}],"seed_played":"3055560375104169439","potions_obtained":[{"floor":13.0,"key":"Block Potion"},{"floor":16.0,"key":"Energy Potion"},{"floor":18.0,"key":"Venom Potion"},{"floor":23.0,"key":"FairyPotion"},{"floor":24.0,"key":"Weak Potion"},{"floor":31.0,"key":"Cursed Concoction"}],"is_trial":false,"path_per_floor":["M","?","$","?","M","E","R","?","T","R","M","M","M","M","R","B",null,"M","$","?","M","M","E","M","M","T","M","E","?","$","M","R","B"],"character_chosen":"THE_BLADEMASTER","items_purchased":["Orichalcum","testmod-IntensifyImprint"],"campfire_rested":0,"item_purchase_floors":[19,30],"current_hp_per_floor":[68,68,68,68,61,54,54,43,43,43,42,35,31,26,26,16,105,98,98,98,84,84,90,98,90,90,82,73,73,73,79,79,81,81],"gold":52,"neow_bonus":"THREE_ENEMY_KILL","is_daily":false,"chose_seed":false,"campfire_upgraded":3,"win_rate":0.0,"timestamp":1609573951,"path_taken":["M","?","$","?","M","E","R","?","T","R","M","M","M","M","R","BOSS","M","$","?","M","M","E","M","M","T","M","E","?","$","?","R","BOSS"],"items_purchased_type":["Relic","Relic"],"build_version":"2020-12-22","purchased_purges":0,"victory":false,"max_hp_per_floor":[75,75,75,75,75,75,75,75,75,75,75,75,75,75,75,75,105,105,105,105,105,105,105,105,105,105,105,105,105,105,105,105,105,105],"card_choices":[{"not_picked":["blademaster:Stability","blademaster:Stormstrike"],"picked":"blademaster:Flurry","floor":1.0},{"not_picked":["blademaster:Safeguard","blademaster:Blindside"],"picked":"blademaster:Vortex","floor":5.0},{"not_picked":["blademaster:UnrelentingWind","blademaster:AspectOfLightning","blademaster:ChargingUp"],"picked":"SKIP","floor":6.0},{"not_picked":["blademaster:CombatPrep","blademaster:Slice"],"picked":"blademaster:ThunderingOpener","floor":11.0},{"not_picked":["blademaster:DancingEdge","blademaster:BladeCross","blademaster:Cut"],"picked":"SKIP","floor":12.0},{"not_picked":["blademaster:AspectOfLightning","blademaster:Flash"],"picked":"blademaster:LeechingStrike","floor":13.0},{"not_picked":["blademaster:Reversal","blademaster:DancingEdge"],"picked":"blademaster:AncestralHealing","floor":14.0},{"not_picked":["blademaster:EnchantedCuirass","blademaster:ThreePointStrike"],"picked":"blademaster:Empower","floor":16.0},{"not_picked":["blademaster:Quickstep","blademaster:CombatPrep","blademaster:Stability"],"picked":"SKIP","floor":18.0},{"not_picked":["blademaster:Sunder","blademaster:Reversal","blademaster:FuriousStrike"],"picked":"SKIP","floor":21.0},{"not_picked":["blademaster:CombatPrep","blademaster:Breeze"],"picked":"blademaster:BladeMastery","floor":22.0},{"not_picked":["blademaster:Slice","blademaster:DragonStrike"],"picked":"blademaster:BladeCross+1","floor":23.0},{"not_picked":["blademaster:Quickstep","blademaster:Cut","blademaster:AspectOfLightning"],"picked":"SKIP","floor":24.0},{"not_picked":["blademaster:Thrust+1","blademaster:Reversal"],"picked":"blademaster:Blindside","floor":25.0},{"not_picked":["blademaster:Momentum","blademaster:SlyStabs","blademaster:Rupture"],"picked":"SKIP","floor":27.0},{"not_picked":["blademaster:DeadlyDance","blademaster:CullingStrike"],"picked":"blademaster:Safeguard","floor":28.0},{"not_picked":["blademaster:Sharpen","blademaster:Cut+1"],"picked":"blademaster:BrainBloom+1","floor":31.0}],"player_experience":205147,"relics_obtained":[{"floor":6.0,"key":"Shuriken"},{"floor":6.0,"key":"blademaster:LightningChargePerk"},{"floor":9.0,"key":"Blood Vial"},{"floor":23.0,"key":"blademaster:RandomBladePerk"},{"floor":28.0,"key":"testmod-BouquetWithThorns"},{"floor":28.0,"key":"blademaster:ComboEveryTurnPerk"}],"event_choices":[{"damage_healed":0.0,"max_hp_gain":0.0,"max_hp_loss":0.0,"gold_gain":0.0,"event_name":"The Cleric","player_choice":"Leave","floor":2.0,"gold_loss":0.0,"damage_taken":0.0},{"damage_healed":0.0,"max_hp_gain":0.0,"max_hp_loss":0.0,"gold_gain":75.0,"event_name":"World of Goop","player_choice":"Gather Gold","floor":8.0,"gold_loss":0.0,"damage_taken":11.0},{"damage_healed":0.0,"max_hp_gain":0.0,"max_hp_loss":0.0,"gold_gain":0.0,"event_name":"The Mausoleum","player_choice":"Opened","floor":29.0,"gold_loss":0.0,"damage_taken":0.0,"relics_obtained":["HornCleat"],"cards_obtained":["Writhe"]}],"is_beta":false,"boss_relics":[{"not_picked":["Snecko Eye","Fusion Hammer"],"picked":"vexMod:BigBerry"}],"items_purged_floors":[],"is_endless":false,"potions_floor_spawned":[13,16,18,23,24,31],"killed_by":"Pondfish","ascension_level":0}}