{"host":"dgf4n6lo35jtjz0c","time":1609625518,"event":{"mods":["AchievementEnabler","BaseMod","Bestiary","Colored Powertips","Minty Spire (QoL Compilation)"],"gold_per_floor":[110,123,141,160,171,171,183,183,183,203,220,220,45,45,45,141,141,159,12,12,23,43,43,57,77,100,120,140,140,140,3,3,3,3],"floor_reached":33,"playtime":1747,"items_purged":["Parasite","Pain"],"score":270,"play_id":"abebdbb1-cf07-4874-9660-81a3f06a530f","local_time":"20210103091158","is_ascension_mode":false,"campfire_choices":[{"data":"Twin Strike","floor":6,"key":"SMITH"},{"data":"Ghostly Armor","floor":8,"key":"SMITH"},{"data":"Shrug It Off","floor":15,"key":"SMITH"},{"floor":23,"key":"REST"},{"floor":29,"key":"REST"},{"data":"Disarm","floor":32,"key":"SMITH"}],"circlet_count":0,"master_deck":["Strike_R","Strike_R","Strike_R","Strike_R","Strike_R","Defend_R","Defend_R","Defend_R","Defend_R","Bash","Cleave","Cleave","Twin Strike+1","Anger","Disarm+1","Ghostly Armor+1","Clothesline","Blood for Blood","Shrug It Off+1","Headbutt","Feed","CurseOfTheBell","Heavy Blade+1","Shrug It Off","Armaments","Searing Blow","Flame Barrier","Iron Wave","Headbutt+1","Shockwave","Reaper"],"relics":["Busted Crown","InkBottle","WarpedTongs","Calling Bell","Regal Pillow","Paper Frog","CaptainsWheel","Juzu Bracelet"],"acts_visited":["Exordium","TheCity"],"potions_floor_usage":[25,25,33,33,33],"damage_taken":[{"damage":0,"enemies":"Small Slimes","floor":1,"turns":3},{"damage":1,"enemies":"Jaw Worm","floor":2,"turns":3},{"damage":0,"enemies":"Cultist","floor":3,"turns":2},{"damage":0,"enemies":"Gremlin Gang","floor":4,"turns":2},{"damage":7,"enemies":"Blue Slaver","floor":5,"turns":3},{"damage":11,"enemies":"Exordium Wildlife","floor":7,"turns":4},{"damage":0,"enemies":"Exordium Thugs","floor":10,"turns":3},{"damage":0,"enemies":"Looter","floor":11,"turns":3},{"damage":30,"enemies":"The Guardian","floor":16,"turns":9},{"damage":4,"enemies":"3 Byrds","floor":18,"turns":5},{"damage":12,"enemies":"Spheric Guardian","floor":21,"turns":6},{"damage":9,"enemies":"Centurion and Healer","floor":22,"turns":7},{"damage":10,"enemies":"Snake Plant","floor":24,"turns":6},{"damage":30,"enemies":"Chosen and Byrds","floor":25,"turns":8},{"damage":14,"enemies":"Snecko","floor":27,"turns":6},{"damage":5,"enemies":"Snake Plant","floor":28,"turns":4},{"damage":90,"enemies":"Champ","floor":33,"turns":15}],"seed_played":"8959717806871346117","potions_obtained":[{"floor":2,"key":"Swift Potion"},{"floor":3,"key":"LiquidBronze"},{"floor":7,"key":"Weak Potion"},{"floor":10,"key":"Fire Potion"},{"floor":25,"key":"BloodPotion"},{"floor":28,"key":"Block Potion"}],"is_trial":false,"path_per_floor":["M","M","M","M","M","R","M","R","T","M","M","?","$","?","R","B",null,"M","$","$","M","M","R","M","M","T","M","M","R","?","$","R","B"],"character_chosen":"IRONCLAD","items_purchased":["Shrug It Off","Headbutt","Shrug It Off","Reaper"],"campfire_rested":2,"item_purchase_floors":[13,13,19,31],"current_hp_per_floor":[80,79,79,79,72,72,61,61,61,61,61,80,77,77,77,47,77,76,76,76,68,59,84,74,65,65,51,49,91,73,73,73,0,0],"gold":3,"neow_bonus":"BOSS_RELIC","is_daily":false,"chose_seed":false,"campfire_upgraded":4,"win_rate":0.0,"timestamp":1609625518,"path_taken":["M","M","M","M","M","R","M","R","T","M","M","?","$","?","R","BOSS","M","?","$","M","M","R","?","M","T","M","M","R","?","$","R","BOSS"],"items_purchased_type":["Card","Card","Card","Card"],"build_version":"2020-12-22","purchased_purges":2,"victory":false,"max_hp_per_floor":[80,80,80,80,80,80,80,80,80,80,80,80,77,77,77,77,77,80,80,80,84,84,84,84,88,88,88,91,91,96,96,96,96,96],"card_choices":[{"not_picked":[],"picked":"Cleave","floor":1},{"not_picked":[],"picked":"Cleave","floor":2},{"not_picked":[],"picked":"Twin Strike","floor":3},{"not_picked":[],"picked":"Anger","floor":4},{"not_picked":[],"picked":"Disarm","floor":5},{"not_picked":[],"picked":"Ghostly Armor","floor":7},{"not_picked":[],"picked":"Clothesline","floor":10},{"not_picked":[],"picked":"Blood for Blood","floor":11},{"not_picked":[],"picked":"Feed","floor":16},{"not_picked":[],"picked":"Heavy Blade+1","floor":18},{"not_picked":[],"picked":"Armaments","floor":21},{"not_picked":[],"picked":"Searing Blow","floor":22},{"not_picked":[],"picked":"Flame Barrier","floor":24},{"not_picked":[],"picked":"Iron Wave","floor":25},{"not_picked":[],"picked":"Headbutt+1","floor":27},{"not_picked":[],"picked":"Shockwave","floor":28}],"player_experience":27019,"relics_obtained":[{"floor":9,"key":"InkBottle"},{"floor":17,"key":"Regal Pillow"},{"floor":17,"key":"Paper Frog"},{"floor":17,"key":"CaptainsWheel"},{"floor":26,"key":"Juzu Bracelet"}],"event_choices":[{"damage_healed":20,"gold_gain":0,"player_choice":"Healed and dodged fight","damage_taken":0,"max_hp_gain":0,"max_hp_loss":0,"event_name":"Mushrooms","floor":12,"gold_loss":0,"cards_obtained":["Parasite"]},{"damage_healed":0,"gold_gain":0,"player_choice":"Rummage","damage_taken":0,"relics_obtained":["WarpedTongs"],"max_hp_gain":0,"max_hp_loss":0,"event_name":"Accursed Blacksmith","floor":14,"gold_loss":0,"cards_obtained":["Pain"]},{"damage_healed":0,"gold_gain":0,"player_choice":"Shed Blood","damage_taken":23,"max_hp_gain":5,"max_hp_loss":0,"event_name":"Forgotten Altar","floor":30,"gold_loss":0}],"is_beta":false,"boss_relics":[{"not_picked":["Cursed Key","Ectoplasm"],"picked":"Calling Bell"}],"items_purged_floors":[13,19],"is_endless":false,"potions_floor_spawned":[2,3,7,10,18,24,25,28],"killed_by":"Champ","ascension_level":0}}