{"host":"7sy3dyg71hje4mzx","time":1609592001,"event":{"mods":["BaseMod","Marisa????????","Minty Spire (QoL Compilation)","StSLib"],"gold_per_floor":[118,193,209,189,199,227,246,260,333,333,333,344,370,283,283,378,378,397,397,397,2,15,50,50,0,48,64,13,30,30,65,65,162,162,178,0,14,14,25,25,25],"floor_reached":40,"playtime":1863,"items_purged":["Strike_R"],"score":483,"play_id":"d4882bcc-7f4c-403d-b9f9-2dbd1c9a015f","local_time":"20210102235321","is_ascension_mode":true,"campfire_choices":[{"data":"Body Slam","floor":11,"key":"SMITH"},{"floor":15,"key":"REST"},{"data":"J.A.X.","floor":24,"key":"SMITH"},{"floor":30,"key":"REST"},{"floor":32,"key":"REST"}],"circlet_count":0,"master_deck":["Strike_R","Strike_R","Strike_R","Strike_R","Defend_R","Defend_R","Defend_R","Defend_R","Bash","Rampage","Anger","Anger","Body Slam+1","Anger","Metallicize","Dark Shackles","Double Tap+1","Anger","J.A.X.+1","Reaper","Metallicize+1","Heavy Blade+1","Double Tap+1","Reaper","Carnage+1","Flex+1"],"relics":["Black Blood","MealTicket","Kunai","Thread and Needle","Toxic Egg 2","Smiling Mask","Blood Vial","Oddly Smooth Stone","Sozu","Red Mask"],"acts_visited":["Exordium","TheCity","TheBeyond"],"potions_floor_usage":[13,16,16,16,31,31],"damage_taken":[{"damage":14.0,"enemies":"Jaw Worm","floor":1.0,"turns":4.0},{"damage":7.0,"enemies":"Small Slimes","floor":3.0,"turns":3.0},{"damage":6.0,"enemies":"Cultist","floor":5.0,"turns":3.0},{"damage":39.0,"enemies":"Lagavulin","floor":6.0,"turns":6.0},{"damage":9.0,"enemies":"2 Fungi Beasts","floor":7.0,"turns":3.0},{"damage":0,"enemies":"Large Slime","floor":8,"turns":4},{"damage":13,"enemies":"Exordium Wildlife","floor":12,"turns":4},{"damage":16,"enemies":"3 Sentries","floor":13,"turns":8},{"damage":48,"enemies":"The Guardian","floor":16,"turns":10},{"damage":5,"enemies":"Shell Parasite","floor":18,"turns":6},{"damage":20,"enemies":"Chosen","floor":22,"turns":6},{"damage":69,"enemies":"Slavers","floor":23,"turns":8},{"damage":28,"enemies":"Shelled Parasite and Fungi","floor":27,"turns":8},{"damage":22,"enemies":"Sentry and Sphere","floor":29,"turns":6},{"damage":58,"enemies":"Book of Stabbing","floor":31,"turns":6},{"damage":74,"enemies":"Automaton","floor":33,"turns":9},{"damage":53,"enemies":"3 Darklings","floor":35,"turns":8},{"damage":16,"enemies":"Orb Walker","floor":37,"turns":4},{"damage":39,"enemies":"Sphere and 2 Shapes","floor":39,"turns":5},{"damage":140,"enemies":"Giant Head","floor":40,"turns":9}],"seed_played":"-5106326026444322014","potions_obtained":[{"floor":1.0,"key":"PowerPotion"},{"floor":4.0,"key":"ColorlessPotion"},{"floor":6.0,"key":"Swift Potion"},{"floor":13,"key":"Explosive Potion"},{"floor":16,"key":"FearPotion"},{"floor":27,"key":"ColorlessPotion"},{"floor":31,"key":"FairyPotion"}],"is_trial":false,"path_per_floor":["M","?","M","?","M","E","M","M","T","?","R","M","E","$","R","B",null,"M","?","?","$","M","E","R","$","T","M","$","M","R","E","R","B",null,"M","?","M","?","M","E"],"character_chosen":"IRONCLAD","items_purchased":["Dark Shackles","Toxic Egg 2","Reaper","BloodPotion"],"campfire_rested":3,"item_purchase_floors":[14,21,21,28],"current_hp_per_floor":[80,69,68,68,68,35,32,38,38,43,43,36,26,41,68,26,93,93,93,93,93,88,43,43,58,58,44,59,51,78,52,79,41,93,82,82,80,80,70,0,0],"gold":25,"neow_bonus":"TEN_PERCENT_HP_BONUS","is_daily":false,"chose_seed":false,"campfire_upgraded":2,"win_rate":0.0,"timestamp":1609592001,"path_taken":["M","?","M","?","M","E","M","?","T","?","R","M","E","$","R","BOSS","M","?","?","$","M","E","R","?","T","M","$","M","R","E","R","BOSS","M","?","M","?","?","E"],"items_purchased_type":["Card","Relic","Card","Potion"],"build_version":"2020-12-22","purchased_purges":1,"victory":false,"max_hp_per_floor":[88,88,88,88,88,88,88,88,88,93,93,93,93,93,93,93,93,93,93,93,93,93,93,93,93,93,93,93,93,93,93,93,93,93,93,93,93,93,93,93,93],"card_choices":[{"not_picked":["Disarm","Infernal Blade"],"picked":"Rampage","floor":1.0},{"not_picked":["Warcry","Uppercut"],"picked":"Anger","floor":3.0},{"not_picked":["Flame Barrier","Dark Embrace","Burning Pact"],"picked":"SKIP","floor":5.0},{"not_picked":["Disarm","Clothesline"],"picked":"Anger","floor":6.0},{"not_picked":["Warcry","Clothesline"],"picked":"Body Slam","floor":7.0},{"not_picked":["Perfected Strike","Seeing Red"],"picked":"Anger","floor":8},{"not_picked":["Searing Blow","Sentinel","Sword Boomerang"],"picked":"SKIP","floor":12},{"not_picked":["Rampage","Pommel Strike"],"picked":"Metallicize","floor":13},{"not_picked":["Impervious","Brutality"],"picked":"Double Tap","floor":16},{"not_picked":["Perfected Strike","Cleave"],"picked":"Anger","floor":18},{"not_picked":["Disarm+1","Perfected Strike","Cleave"],"picked":"SKIP","floor":22},{"not_picked":["Flame Barrier+1","Fiend Fire"],"picked":"Metallicize+1","floor":23},{"not_picked":["Body Slam","Clothesline+1"],"picked":"Heavy Blade+1","floor":27},{"not_picked":["Perfected Strike+1","Havoc+1","Iron Wave"],"picked":"SKIP","floor":29},{"not_picked":["Warcry+1","Clothesline"],"picked":"Double Tap+1","floor":31},{"not_picked":["Offering+1","Bludgeon"],"picked":"Reaper","floor":33},{"not_picked":["Perfected Strike+1","Headbutt","Fire Breathing"],"picked":"SKIP","floor":35},{"not_picked":["Pommel Strike","Twin Strike"],"picked":"Carnage+1","floor":37},{"not_picked":["True Grit+1","Twin Strike"],"picked":"Flex+1","floor":39}],"player_experience":132291,"relics_obtained":[{"floor":6.0,"key":"MealTicket"},{"floor":9,"key":"Kunai"},{"floor":13,"key":"Thread and Needle"},{"floor":23,"key":"Smiling Mask"},{"floor":26,"key":"Blood Vial"},{"floor":31,"key":"Oddly Smooth Stone"}],"event_choices":[{"damage_healed":0.0,"max_hp_gain":0.0,"max_hp_loss":0.0,"gold_gain":75.0,"event_name":"World of Goop","player_choice":"Gather Gold","floor":2.0,"gold_loss":0.0,"damage_taken":11.0},{"damage_healed":0.0,"max_hp_gain":0.0,"max_hp_loss":0.0,"gold_gain":0.0,"event_name":"The Woman in Blue","player_choice":"Bought 1 Potion","floor":4.0,"gold_loss":0.0,"damage_taken":0.0},{"damage_healed":0,"gold_gain":0,"player_choice":"Donut","damage_taken":0,"max_hp_gain":5,"max_hp_loss":0,"event_name":"Big Fish","floor":10,"gold_loss":0},{"damage_healed":0,"gold_gain":0,"player_choice":"Obtain J.A.X.","damage_taken":0,"max_hp_gain":0,"max_hp_loss":0,"event_name":"Drug Dealer","floor":19,"gold_loss":0,"cards_obtained":["J.A.X."]},{"damage_healed":0,"gold_gain":0,"player_choice":"Ignored","damage_taken":0,"max_hp_gain":0,"max_hp_loss":0,"event_name":"Vampires","floor":20,"gold_loss":0},{"damage_healed":0,"gold_gain":0,"player_choice":"Paid","damage_taken":0,"relics_obtained":["Red Mask"],"max_hp_gain":0,"max_hp_loss":0,"event_name":"Tomb of Lord Red Mask","floor":36,"gold_loss":178},{"damage_healed":0,"gold_gain":0,"player_choice":"Upgraded","damage_taken":0,"max_hp_gain":0,"max_hp_loss":0,"event_name":"Upgrade Shrine","floor":38,"gold_loss":0,"cards_upgraded":["Double Tap"]}],"is_beta":false,"boss_relics":[{"not_picked":["Empty Cage","Philosopher\u0027s Stone"],"picked":"Black Blood"},{"not_picked":["Runic Dome","Mark of Pain"],"picked":"Sozu"}],"items_purged_floors":[25],"is_endless":false,"potions_floor_spawned":[1,6,7,13,16,27,31],"killed_by":"Giant Head","ascension_level":1}}