{"host":"w4b7hmige5bnqipq","time":1609575073,"event":{"mods":["2.2 Compatiblity","BaseMod","Colored Map","DeckTracker","Keyboard Shortcuts","Minty Spire (QoL Compilation)","Permanent Neow","Rare Cards Sparkle","SuperFastMode","everything is the same but u backflip on backflip","slay the spire mod where everything is the same but ironclad has a cowboy hat"],"gold_per_floor":[109,128,141,41,59,59,92,92,92,103,114,143,163,194,194,194,194],"floor_reached":16,"playtime":474,"items_purged":[],"score":228,"play_id":"2db44264-1c03-4c08-af05-747df67e8450","local_time":"20210102171113","is_ascension_mode":true,"campfire_choices":[{"data":"Madness","floor":6.0,"key":"SMITH"},{"data":"Juggernaut","floor":8.0,"key":"SMITH"},{"floor":15.0,"key":"REST"}],"circlet_count":0,"master_deck":["AscendersBane","Strike_R","Strike_R","Strike_R","Strike_R","Strike_R","Defend_R","Defend_R","Defend_R","Defend_R","Bash","Burning Pact","Juggernaut+1","Madness+1","Cleave","Battle Trance","Shrug It Off","Shrug It Off","Feel No Pain"],"relics":["Burning Blood","Bronze Scales","Omamori","Ancient Tea Set","Odd Mushroom","Sundial"],"acts_visited":[],"potions_floor_usage":[16],"damage_taken":[{"damage":7.0,"enemies":"Cultist","floor":1.0,"turns":4.0},{"damage":11.0,"enemies":"2 Louse","floor":2.0,"turns":2.0},{"damage":12.0,"enemies":"Small Slimes","floor":3.0,"turns":4.0},{"damage":24.0,"enemies":"Red Slaver","floor":5.0,"turns":4.0},{"damage":10.0,"enemies":"3 Sentries","floor":7.0,"turns":6.0},{"damage":11.0,"enemies":"Looter","floor":10.0,"turns":3.0},{"damage":6.0,"enemies":"Blue Slaver","floor":11.0,"turns":4.0},{"damage":10.0,"enemies":"The Mushroom Lair","floor":12.0,"turns":3.0},{"damage":0.0,"enemies":"Large Slime","floor":13.0,"turns":5.0},{"damage":26.0,"enemies":"Lagavulin","floor":14.0,"turns":8.0},{"damage":45,"enemies":"Slime Boss","floor":16,"turns":9}],"seed_played":"7400309533020379869","potions_obtained":[{"floor":3.0,"key":"AttackPotion"},{"floor":5.0,"key":"BloodPotion"},{"floor":10.0,"key":"HeartOfIron"}],"is_trial":false,"path_per_floor":["M","M","M","$","M","R","E","R","T","M","M","?","M","E","R","B"],"character_chosen":"IRONCLAD","items_purchased":["Madness"],"campfire_rested":1,"item_purchase_floors":[4],"current_hp_per_floor":[67,62,56,56,38,38,34,34,34,29,29,25,31,11,33,3,3],"gold":194,"neow_bonus":"RANDOM_COMMON_RELIC","is_daily":false,"chose_seed":false,"campfire_upgraded":2,"win_rate":0.0,"timestamp":1609575073,"path_taken":["M","M","M","?","M","R","E","R","T","M","?","?","M","E","R","BOSS"],"items_purchased_type":["Card"],"build_version":"2020-12-22","purchased_purges":0,"victory":false,"max_hp_per_floor":[75,75,75,75,75,75,75,75,75,75,75,75,75,75,75,75,75],"card_choices":[{"not_picked":["Cleave","Thunderclap"],"picked":"Burning Pact","floor":1.0},{"not_picked":["True Grit","Clothesline","Searing Blow"],"picked":"SKIP","floor":2.0},{"not_picked":["Dual Wield","Rage"],"picked":"Juggernaut","floor":3.0},{"not_picked":["Havoc","Iron Wave"],"picked":"Cleave","floor":5.0},{"not_picked":["Flex","Fire Breathing"],"picked":"Battle Trance","floor":7.0},{"not_picked":["Warcry","Iron Wave"],"picked":"Shrug It Off","floor":10.0},{"not_picked":["Armaments","Clothesline","Perfected Strike"],"picked":"SKIP","floor":11.0},{"not_picked":["Havoc","Flame Barrier"],"picked":"Shrug It Off","floor":12.0},{"not_picked":["Reaper","Anger","Havoc"],"picked":"SKIP","floor":13.0},{"not_picked":["Twin Strike","Juggernaut"],"picked":"Feel No Pain","floor":14.0}],"player_experience":452380,"relics_obtained":[{"floor":7.0,"key":"Omamori"},{"floor":9.0,"key":"Ancient Tea Set"},{"floor":12.0,"key":"Odd Mushroom"},{"floor":14.0,"key":"Sundial"}],"event_choices":[{"damage_healed":0.0,"max_hp_gain":0.0,"max_hp_loss":0.0,"gold_gain":0.0,"event_name":"Mushrooms","player_choice":"Fought Mushrooms","floor":12.0,"gold_loss":0.0,"damage_taken":0.0}],"is_beta":false,"boss_relics":[],"items_purged_floors":[],"is_endless":false,"potions_floor_spawned":[3,5,10],"killed_by":"Slime Boss","ascension_level":20}}