{"host":"u4pncpybdtxxvw4r","time":1609596585,"event":{"mods":["AchievementEnabler","BaseMod","Block Reminder","Colored Powertips","Downfall","Marisa£®ÏF”Í°°ƒß¿Ì…≥£©","Minty Spire (QoL Compilation)","Permanent Neow","Potion Indicator Mod","Rare Cards Sparkle","StSLib","SuperFastMode"],"gold_per_floor":[0,13,27,40,25,39,39,24,41,41,41,41,54,70,88,88,88,88],"floor_reached":16,"playtime":919,"items_purged":[],"score":96,"play_id":"d642c226-ddfc-41e7-9d90-15c41c47483f","local_time":"20210102220945","is_ascension_mode":false,"campfire_choices":[{"floor":1,"key":"RECALL"},{"floor":10,"key":"REST"},{"data":"hexamod:TimeWarp","floor":12,"key":"SMITH"}],"circlet_count":0,"master_deck":["hexamod:Strike","hexamod:Strike","hexamod:Strike","hexamod:Strike","hexamod:Defend","hexamod:Defend","hexamod:Defend","hexamod:Defend","hexamod:Sear","hexamod:Float","hexamod:TimeWarp+1","hexamod:StepThrough","hexamod:BurningTouch","hexamod:ThirdSeal","hexamod:SwordOfDarkness","hexamod:ShieldOfDarkness","hexamod:SpectersWail","hexamod:Firestarter","hexamod:TurnItUp","hexamod:GhostOfSpireFuture","hexamod:HeatShield","hexamod:ShieldOfDarkness","hexamod:Incineration","hexamod:RadiantFlame","hexamod:EmpoweringStance"],"relics":["hexamod:SpiritBrand","Ornamental Fan"],"acts_visited":["Exordium"],"potions_floor_usage":[15],"damage_taken":[{"damage":4,"enemies":"Cultist","floor":2,"turns":4},{"damage":0,"enemies":"Jaw Worm","floor":3,"turns":3},{"damage":9,"enemies":"2 Louse","floor":4,"turns":3},{"damage":0,"enemies":"downfall:FleeingMerchant","floor":5,"turns":4},{"damage":5,"enemies":"Large Slime","floor":6,"turns":4},{"damage":0,"enemies":"downfall:FleeingMerchant","floor":8,"turns":4},{"damage":4,"enemies":"Blue Slaver","floor":9,"turns":4},{"damage":0,"enemies":"Red Slaver","floor":13,"turns":5},{"damage":0,"enemies":"Large Slime","floor":14,"turns":4},{"damage":19,"enemies":"3 Louse","floor":15,"turns":3},{"damage":55,"enemies":"downfall:Defect","floor":16,"turns":6}],"seed_played":"-7403225681536383631","potions_obtained":[{"floor":2,"key":"Dexterity Potion"},{"floor":6,"key":"SteroidPotion"},{"floor":9,"key":"Explosive Potion"},{"floor":13,"key":"Ancient Potion"},{"floor":15,"key":"Block Potion"}],"is_trial":false,"path_per_floor":["R","M","M","M","$","M","T","$","M","R","?","R","M","M","M","B"],"character_chosen":"THE_SPIRIT","items_purchased":[],"campfire_rested":1,"item_purchase_floors":[],"current_hp_per_floor":[70,66,66,57,57,52,52,52,48,69,69,69,69,69,50,0,0,0],"gold":88,"neow_bonus":"THREE_RARE_CARDS","is_daily":false,"chose_seed":false,"campfire_upgraded":1,"win_rate":0.0,"timestamp":1609596585,"path_taken":["R","M","M","?","$","?","T","$","M","R","?","R","M","M","M","BOSS"],"items_purchased_type":[],"build_version":"2020-12-22","purchased_purges":0,"victory":false,"max_hp_per_floor":[70,70,70,70,70,70,70,70,70,70,70,70,70,70,70,70,70,70],"card_choices":[{"not_picked":["hexamod:EmpoweringStance","hexamod:ParanormalForm"],"picked":"hexamod:TimeWarp","floor":0},{"not_picked":["hexamod:GhostOfSpirePresent","hexamod:SwordOfDarkness"],"picked":"hexamod:StepThrough","floor":2},{"not_picked":["hexamod:ThermalTransfer","hexamod:GhostOfSpirePast"],"picked":"hexamod:BurningTouch","floor":3},{"not_picked":["hexamod:RetreatToShadows","hexamod:FourthSeal"],"picked":"hexamod:ThirdSeal","floor":4},{"not_picked":["hexamod:GhostOfSpireFuture","hexamod:StepThrough"],"picked":"hexamod:SwordOfDarkness","floor":5},{"not_picked":["hexamod:HauntingEcho","hexamod:ThirdSeal"],"picked":"hexamod:ShieldOfDarkness","floor":5},{"not_picked":["hexamod:FourthSeal","hexamod:FastForward"],"picked":"hexamod:SpectersWail","floor":6},{"not_picked":["hexamod:AdvancingGuard","hexamod:ThirdSeal"],"picked":"hexamod:Firestarter","floor":6},{"not_picked":["hexamod:BurningTouch","hexamod:HeatCrush"],"picked":"hexamod:TurnItUp","floor":8},{"not_picked":["hexamod:AdvancingGuard","hexamod:RetreatToShadows"],"picked":"hexamod:GhostOfSpireFuture","floor":8},{"not_picked":["hexamod:CatchUp","hexamod:NightmareStrike"],"picked":"hexamod:HeatShield","floor":9},{"not_picked":["hexamod:Firestarter","hexamod:GhostShield"],"picked":"hexamod:ShieldOfDarkness","floor":9},{"not_picked":["hexamod:RainOfEmbers","hexamod:AdvancingGuard"],"picked":"hexamod:Incineration","floor":13},{"not_picked":["hexamod:Hexaguard","hexamod:RainOfEmbers"],"picked":"hexamod:RadiantFlame","floor":14},{"not_picked":["hexamod:GhostOfSpirePresent","hexamod:ShieldOfDarkness"],"picked":"hexamod:EmpoweringStance","floor":15}],"player_experience":6527,"relics_obtained":[{"floor":7,"key":"Ornamental Fan"}],"event_choices":[],"is_beta":false,"boss_relics":[],"items_purged_floors":[],"is_endless":false,"potions_floor_spawned":[2,6,9,13,15],"killed_by":"downfall:Defect","ascension_level":0}}