{"host":"k6u7q08ihsmpx7o5","time":1609554387,"event":{"mods":["BaseMod","Bestiary","Minty Spire (QoL Compilation)","StSLib"],"gold_per_floor":[112,112,130,130,280,280,315,328,328,355,365,365,401,49,49,49,49],"floor_reached":16,"playtime":688,"items_purged":["Doubt"],"score":286,"play_id":"8f2fe181-c8d5-4de4-860c-c2cd83b2b7e0","local_time":"20210102032627","is_ascension_mode":true,"campfire_choices":[{"data":"Bash","floor":6.0,"key":"SMITH"},{"data":"Armaments","floor":15,"key":"SMITH"}],"circlet_count":0,"master_deck":["AscendersBane","Strike_R","Strike_R","Strike_R","Strike_R","Strike_R","Defend_R","Defend_R","Defend_R","Defend_R","Bash+1","Pommel Strike+1","Sword Boomerang","Sever Soul+1","Whirlwind+1","Shrug It Off","Armaments+1","Dramatic Entrance+1","True Grit"],"relics":["Burning Blood","NeowsBlessing","Molten Egg 2","Meat on the Bone","Ornamental Fan","Matryoshka","CeramicFish","Blood Vial"],"acts_visited":["Exordium"],"potions_floor_usage":[10,10,13,16],"damage_taken":[{"damage":0.0,"enemies":"Small Slimes","floor":1.0,"turns":1.0},{"damage":0.0,"enemies":"Cultist","floor":3.0,"turns":1.0},{"damage":0.0,"enemies":"Lagavulin","floor":7.0,"turns":3.0},{"damage":2.0,"enemies":"2 Louse","floor":8.0,"turns":3.0},{"damage":32,"enemies":"Gremlin Nob","floor":10,"turns":4},{"damage":18,"enemies":"Large Slime","floor":11,"turns":3},{"damage":18,"enemies":"3 Sentries","floor":13,"turns":5},{"damage":44,"enemies":"The Guardian","floor":16,"turns":11}],"seed_played":"1789673711435881577","potions_obtained":[{"floor":1.0,"key":"EntropicBrew"},{"floor":3.0,"key":"LiquidBronze"}],"is_trial":false,"path_per_floor":["M","?","M","$","?","R","E","M","T","E","M","?","E","$","R","B"],"character_chosen":"IRONCLAD","items_purchased":["Blood Vial","Dramatic Entrance+1","True Grit"],"campfire_rested":0,"item_purchase_floors":[14,14,14],"current_hp_per_floor":[74,74,75,75,75,75,75,75,75,49,49,38,38,38,38,0,0],"gold":49,"neow_bonus":"THREE_ENEMY_KILL","is_daily":false,"chose_seed":false,"campfire_upgraded":2,"win_rate":0.0,"timestamp":1609554387,"path_taken":["M","?","?","?","?","R","E","M","T","E","M","?","E","$","R","BOSS"],"items_purchased_type":["Relic","Card","Card"],"build_version":"2020-12-22","purchased_purges":1,"victory":false,"max_hp_per_floor":[75,75,75,75,75,75,75,75,75,75,75,75,75,75,75,75,75],"card_choices":[{"not_picked":["Rage","Combust"],"picked":"Pommel Strike","floor":1.0},{"not_picked":["Dropkick","Heavy Blade"],"picked":"Sword Boomerang","floor":3.0},{"not_picked":["Clash+1","Armaments"],"picked":"Sever Soul+1","floor":7.0},{"not_picked":["Headbutt+1","Havoc"],"picked":"Whirlwind+1","floor":8.0},{"not_picked":["Twin Strike+1","Juggernaut"],"picked":"Shrug It Off","floor":10},{"not_picked":["Dual Wield","Seeing Red","Clash+1"],"picked":"SKIP","floor":11},{"not_picked":["Entrench","Ghostly Armor"],"picked":"Armaments","floor":13}],"player_experience":1916522,"relics_obtained":[{"floor":7.0,"key":"Molten Egg 2"},{"floor":9.0,"key":"Meat on the Bone"},{"floor":10,"key":"Ornamental Fan"},{"floor":13,"key":"CeramicFish"}],"event_choices":[{"damage_healed":0.0,"max_hp_gain":0.0,"max_hp_loss":0.0,"gold_gain":0.0,"event_name":"Upgrade Shrine","player_choice":"Upgraded","floor":2.0,"gold_loss":0.0,"damage_taken":0.0,"cards_upgraded":["Pommel Strike"]},{"damage_healed":0.0,"max_hp_gain":0.0,"max_hp_loss":0.0,"gold_gain":150.0,"event_name":"Liars Game","player_choice":"AGREE","floor":5.0,"gold_loss":0.0,"damage_taken":0.0,"cards_obtained":["Doubt"]},{"damage_healed":0,"gold_gain":0,"player_choice":"Success","damage_taken":11,"relics_obtained":["Matryoshka"],"max_hp_gain":0,"max_hp_loss":0,"event_name":"Scrap Ooze","floor":12,"gold_loss":0}],"is_beta":false,"boss_relics":[],"items_purged_floors":[14],"is_endless":false,"potions_floor_spawned":[1,3,8],"killed_by":"The Guardian","ascension_level":20}}