{"host":"i0avyit1s6jb1siw","time":1609607175,"event":{"mods":["BaseMod","DeckTracker","Dota2Spire","Highlight Path","Minty Spire (QoL Compilation)","Quick Restart","Replay The Spire","StSLib","SuperFastMode"],"gold_per_floor":[117,130,145,20,20,20,46,63,141,160,160,172,72,87,87,160,160,178,228,243,243,243],"floor_reached":21,"playtime":460,"items_purged":["Strike_R","Strike_R"],"score":466,"play_id":"5dfa8f98-f9c5-40b9-83f1-9deaa41a4eaf","local_time":"20210102180615","is_ascension_mode":true,"campfire_choices":[{"data":"Shockwave","floor":6,"key":"SMITH"},{"floor":11,"key":"REST"},{"data":"Demon Form","floor":15,"key":"SMITH"}],"circlet_count":0,"master_deck":["AscendersBane","Strike_R","Strike_R","Strike_R","Defend_R","Defend_R","Defend_R","Defend_R","Bash","Demon Form+1","Shockwave+1","Pommel Strike","Shrug It Off","Evolve","Carnage","Disarm","Shrug It Off","Corruption","Feel No Pain","Sword Boomerang"],"relics":["Black Blood","Dota2Spire:MonkeyKingBar","Dota2Spire:ArcaneBoots","Bottled Tornado"],"acts_visited":["Exordium","TheCity"],"potions_floor_usage":[7,16],"damage_taken":[{"damage":6,"enemies":"Cultist","floor":1,"turns":4},{"damage":7,"enemies":"Small Slimes","floor":2,"turns":4},{"damage":6,"enemies":"Jaw Worm","floor":3,"turns":7},{"damage":32,"enemies":"3 Sentries","floor":7,"turns":7},{"damage":4,"enemies":"Large Slime","floor":8,"turns":5},{"damage":18,"enemies":"2 Fungi Beasts","floor":10,"turns":5},{"damage":9,"enemies":"Looter","floor":12,"turns":3},{"damage":8,"enemies":"Blue Slaver","floor":14,"turns":4},{"damage":12,"enemies":"Slime Boss","floor":16,"turns":6},{"damage":45,"enemies":"3 Byrds","floor":18,"turns":12},{"damage":2,"enemies":"Shell Parasite","floor":20,"turns":4},{"damage":35,"enemies":"Centurion and Healer","floor":21,"turns":6}],"seed_played":"5172224572495874741","potions_obtained":[{"floor":2,"key":"AttackPotion"},{"floor":12,"key":"Death Potion"},{"floor":16,"key":"GamblersBrew"}],"is_trial":false,"path_per_floor":["M","M","M","$","T","R","E","M","T","M","R","M","$","M","R","B",null,"M","?","M","M"],"character_chosen":"IRONCLAD","items_purchased":["Shrug It Off"],"campfire_rested":1,"item_purchase_floors":[4],"current_hp_per_floor":[50,49,49,49,49,49,23,25,25,13,35,32,32,30,30,24,62,29,22,32,0,0],"gold":243,"neow_bonus":"THREE_RARE_CARDS","is_daily":false,"chose_seed":false,"campfire_upgraded":2,"win_rate":0.0,"timestamp":1609607175,"path_taken":["M","M","M","$","?","R","E","M","T","?","R","M","$","M","R","BOSS","M","?","?","M"],"items_purchased_type":["Card"],"build_version":"2020-12-22","purchased_purges":2,"victory":false,"max_hp_per_floor":[75,75,75,75,75,75,75,75,75,75,75,75,75,75,75,75,75,75,75,75,75,75],"card_choices":[{"not_picked":["Hemogenesis","Replay:Many Hands"],"picked":"Demon Form","floor":0},{"not_picked":["Clothesline","Searing Blow","True Grit"],"picked":"SKIP","floor":1},{"not_picked":["Havoc","Metallicize"],"picked":"Shockwave","floor":2},{"not_picked":["Thunderclap","Metallicize"],"picked":"Pommel Strike","floor":3},{"not_picked":["Pummel","Run Through"],"picked":"Evolve","floor":7},{"not_picked":["Body Slam","Replay:Undeath\u0027s Touch"],"picked":"Carnage","floor":8},{"not_picked":["ReplayTheSpireMod:Limb From Limb","Wild Strike","Evolve"],"picked":"SKIP","floor":10},{"not_picked":["Dark Embrace","Juggernaut"],"picked":"Disarm","floor":12},{"not_picked":["Inflame","Disarm"],"picked":"Shrug It Off","floor":14},{"not_picked":["Barricade","Feed"],"picked":"Corruption","floor":16},{"not_picked":["Sever Soul","Rampage"],"picked":"Feel No Pain","floor":18},{"not_picked":["Perfected Strike+1","Run Through"],"picked":"Sword Boomerang","floor":20}],"player_experience":2164920,"relics_obtained":[{"floor":5,"key":"Dota2Spire:MonkeyKingBar"},{"floor":7,"key":"Dota2Spire:ArcaneBoots"},{"floor":9,"key":"Bottled Tornado"}],"event_choices":[{"damage_healed":0,"gold_gain":50,"player_choice":"Touch","damage_taken":7,"max_hp_gain":0,"max_hp_loss":0,"event_name":"FaceTrader","floor":19,"gold_loss":0}],"is_beta":false,"boss_relics":[{"not_picked":["Ring of Chaos","Replay:Drink Me"],"picked":"Black Blood"}],"items_purged_floors":[4,13],"is_endless":false,"potions_floor_spawned":[2,12,16],"killed_by":"Centurion and Healer","ascension_level":20}}