{"host":"k0hp5rzz2oj0nliz","time":1609578545,"event":{"mods":["BaseMod","Colored Powertips","Minty Spire (QoL Compilation)","MostiFishMod","StSLib","The Bug Knight","noobMod"],"gold_per_floor":[110,130,130,148,161,161,178,207,207,100,100,175,175,189,189,286,-1114,0,0,10,10,10,10,109,128,128,35,64,64,84,96,96,200,200,213,213,262,262,262,262,274,274,274,287,302,352,352,369,369,369],"floor_reached":51,"playtime":2337,"items_purged":[],"score":765,"play_id":"36aef031-190d-4746-a47f-31a37f83e577","local_time":"20210102170905","is_ascension_mode":false,"campfire_choices":[{"data":"HollowMod:NewGlowingWomb","floor":6,"key":"SMITH"},{"data":"HollowMod:NewGlowingWomb","floor":11,"key":"SMITH"},{"data":"HollowMod:CycloneSlash","floor":13,"key":"SMITH"},{"data":"HollowMod:Grubsong","floor":15,"key":"SMITH"},{"data":"HollowMod:SoulMaster","floor":23,"key":"SMITH"},{"data":"HollowMod:BaldurShell","floor":29,"key":"SMITH"},{"data":"HollowMod:DesolateDive","floor":32,"key":"SMITH"},{"data":"HollowMod:AwokenDreamNail","floor":40,"key":"SMITH"},{"data":"HollowMod:ZotesMagnificence","floor":42,"key":"SMITH"},{"data":"HollowMod:MothsMistake","floor":49,"key":"SMITH"}],"circlet_count":0,"master_deck":["HollowMod:NailStrikeStart","HollowMod:NailStrikeStart","HollowMod:NailStrikeStart","HollowMod:QuickDashStart","HollowMod:QuickDashStart","HollowMod:QuickDashStart","HollowMod:FocusHealStart","HollowMod:PogoStrike","HollowMod:DesolateDive+1","HollowMod:MothsMistake+1","HollowMod:CycloneSlash+1","HollowMod:NewGlowingWomb+1","HollowMod:ZotesMagnificence+1","HollowMod:Grubsong+1","HollowMod:GoodIntentions","HollowMod:NewGlowingWomb+1","HollowMod:GoodIntentions","HollowMod:SoulMaster+1","HollowMod:SoulEater+1","Shame","HollowMod:BaldurShell+1","Blind","HollowMod:SoulStrike","HollowMod:ChannelNail+1","HollowMod:VengefulSpirit","HollowMod:AwokenDreamNail+1","HollowMod:CycloneSlash+1","HollowMod:DungDefenderAura+1","Madness","Madness","HollowMod:SharpenedNail","HollowMod:NewJinnsSoul+1","HollowMod:HowlingWraiths+1","HollowMod:SoulVessel+1"],"relics":["HollowMod:VesselMask","DaveBox","ice","NeowsBlessing","SynthV:TestCard","ThornShield","Blue Candle","Ginger","SynthV:MejaisSoulstealer","Letter Opener","Lizard Tail","StoneCalendar","JellyFishMachine","ArrowTower","Bottled Flame","Frozen Egg 2","Ice Cream"],"acts_visited":["Exordium","TheCity","TheBeyond"],"potions_floor_usage":[16],"damage_taken":[{"damage":0,"enemies":"Jaw Worm","floor":1,"turns":1},{"damage":0,"enemies":"Cultist","floor":2,"turns":1},{"damage":0,"enemies":"Small Slimes","floor":4,"turns":1},{"damage":11,"enemies":"Looter","floor":5,"turns":3},{"damage":10,"enemies":"3 Louse","floor":7,"turns":2},{"damage":34,"enemies":"Lagavulin","floor":8,"turns":7},{"damage":25,"enemies":"Blue Slaver","floor":14,"turns":4},{"damage":37,"enemies":"Slime Boss","floor":16,"turns":7},{"damage":56,"enemies":"2 Thieves","floor":18,"turns":5},{"damage":25,"enemies":"Spheric Guardian","floor":20,"turns":5},{"damage":3,"enemies":"Chosen and Byrds","floor":25,"turns":4},{"damage":1,"enemies":"HollowMod:Nosk","floor":28,"turns":4},{"damage":0,"enemies":"Centurion and Healer","floor":30,"turns":3},{"damage":16,"enemies":"Snecko","floor":31,"turns":3},{"damage":8,"enemies":"Champ","floor":33,"turns":6},{"damage":1,"enemies":"Orb Walker","floor":35,"turns":2},{"damage":29,"enemies":"2 Orb Walkers","floor":37,"turns":4},{"damage":13,"enemies":"3 Shapes","floor":41,"turns":2},{"damage":1,"enemies":"Transient","floor":44,"turns":5},{"damage":35,"enemies":"Jaw Worm Horde","floor":45,"turns":3},{"damage":4,"enemies":"Mind Bloom Boss Battle","floor":46,"turns":5},{"damage":1,"enemies":"Spire Growth","floor":48,"turns":3},{"damage":38,"enemies":"HollowMod:Radiance","floor":50,"turns":7}],"seed_played":"-1394850518260736517","potions_obtained":[{"floor":3,"key":"BlessingOfTheForge"},{"floor":3,"key":"Strength Potion"},{"floor":3,"key":"PowerPotion"},{"floor":16,"key":"DuplicationPotion"},{"floor":48,"key":"BlessingOfTheForge"}],"is_trial":false,"path_per_floor":["M","M","?","M","M","R","M","E","T","$","R","?","R","M","R","B",null,"M","?","M","?","?","R","?","M","T","$","E","R","M","M","R","B",null,"M","?","?","T","?","R","M","R","T","M","M","?","?","M","R","B",null],"character_chosen":"THE_BUGKNIGHT","items_purchased":["HollowMod:GoodIntentions","HollowMod:NewGlowingWomb","Blind"],"campfire_rested":0,"item_purchase_floors":[10,10,27],"current_hp_per_floor":[75,75,75,75,70,70,60,32,32,32,32,21,21,2,2,44,77,27,27,88,71,71,71,71,74,74,74,83,83,89,73,73,71,108,109,109,86,86,72,72,59,59,59,64,35,37,37,42,42,10],"gold":369,"neow_bonus":"THREE_ENEMY_KILL","is_daily":false,"chose_seed":false,"campfire_upgraded":10,"win_rate":0.0,"timestamp":1609578545,"path_taken":["M","M","?","?","M","R","M","E","T","$","R","?","R","M","R","BOSS","M","?","M","?","?","R","?","M","T","$","E","R","M","?","R","BOSS","M","?","?","?","?","R","?","R","T","M","M","?","?","M","R","BOSS"],"items_purchased_type":["Card","Card","Card"],"build_version":"2020-12-22","purchased_purges":0,"victory":true,"max_hp_per_floor":[75,75,75,75,75,75,75,75,75,75,75,75,75,75,75,77,77,83,83,88,93,93,93,93,100,100,100,103,103,104,105,105,108,108,109,109,114,114,114,114,117,117,117,122,127,140,140,142,142,146],"card_choices":[{"not_picked":["HollowMod:NewLittleFool","HollowMod:CornifersMapStart"],"picked":"HollowMod:DesolateDive","floor":1},{"not_picked":["HollowMod:InfectedAttack","HollowMod:DashSlash","HollowMod:VengefulVoid","HollowMod:SoulSplash"],"picked":"HollowMod:MothsMistake","floor":2},{"not_picked":["HollowMod:GreatSlash","HollowMod:InfectedAttack","HollowMod:VengefulVoid","HollowMod:SiblingsSouls"],"picked":"HollowMod:CycloneSlash","floor":4},{"not_picked":["HollowMod:CornifersMapStart","HollowMod:VengefulVoid","HollowMod:DescendingDark","HollowMod:MantisMark"],"picked":"HollowMod:NewGlowingWomb","floor":5},{"not_picked":["HollowMod:GrimmsGift","HollowMod:HowlingWraiths","HollowMod:SoulEater","HollowMod:MothsMistake"],"picked":"HollowMod:ZotesMagnificence","floor":7},{"not_picked":["HollowMod:PureNailStrike","HollowMod:SoulEater","HollowMod:theNailsmith","HollowMod:GreatSlash"],"picked":"HollowMod:Grubsong","floor":8},{"not_picked":["HollowMod:InfectedAttack","HollowMod:NewLittleFool","HollowMod:TaintedHusks","HollowMod:ShadowDash"],"picked":"HollowMod:GoodIntentions","floor":14},{"not_picked":["HollowMod:theNailsmith","HollowMod:Hiveblood","HollowMod:ElderbugsWisdom","HollowMod:HornetsHelp"],"picked":"HollowMod:SoulMaster","floor":16},{"not_picked":["HollowMod:SiblingsSouls+1","HollowMod:CornifersMapStart","HollowMod:DashSlash","HollowMod:InfectedAttack"],"picked":"HollowMod:SoulEater+1","floor":18},{"not_picked":["HollowMod:CrystalDash","HollowMod:MawleksShell+1","HollowMod:CoiledNail","HollowMod:SoulSplash","HollowMod:PureNailStrike"],"picked":"SKIP","floor":20},{"not_picked":["HollowMod:NewLittleFool","HollowMod:GoodIntentions","HollowMod:ShadowDash","HollowMod:QuirrelsAssistance"],"picked":"HollowMod:BaldurShell","floor":25},{"not_picked":["HollowMod:SharpenedShadows","HollowMod:LifebloodCore","HollowMod:TaintedHusks","HollowMod:DreamGate"],"picked":"HollowMod:SoulStrike","floor":28},{"not_picked":["HollowMod:MantisMark","HollowMod:FallenFury","HollowMod:DoubleDash","HollowMod:CycloneSlash"],"picked":"HollowMod:ChannelNail+1","floor":30},{"not_picked":["HollowMod:DungDefenderAura+1","HollowMod:QuirrelsAssistance","HollowMod:AbyssShriek","HollowMod:GoodIntentions"],"picked":"HollowMod:VengefulSpirit","floor":31},{"not_picked":["HollowMod:VoidDash","HollowMod:LifebloodCore","HollowMod:theNailsmith","HollowMod:SlysStrikes"],"picked":"HollowMod:AwokenDreamNail","floor":33},{"not_picked":["HollowMod:NewLittleFool+1","HollowMod:SharpenedNail","HollowMod:HeavyBlow","HollowMod:VengefulVoid"],"picked":"HollowMod:CycloneSlash+1","floor":35},{"not_picked":["HollowMod:WraithStrike+1","HollowMod:FastStrike","HollowMod:CornifersMapStart","HollowMod:HeavyBlow+1"],"picked":"HollowMod:DungDefenderAura+1","floor":37},{"not_picked":["HollowMod:DreamGate","HollowMod:ShadowDash","HollowMod:GoodIntentions+1","HollowMod:FastStrike+1","HollowMod:TaintedHusks+1"],"picked":"SKIP","floor":41},{"not_picked":["HollowMod:NewLittleFool+1","HollowMod:RecoilStrike+1","HollowMod:DungDefenderAura","HollowMod:InfectedAttack+1"],"picked":"HollowMod:SharpenedNail","floor":44},{"not_picked":["HollowMod:theNailsmith","HollowMod:NewLittleFool","HollowMod:SiblingsSouls","HollowMod:CycloneSlash"],"picked":"HollowMod:NewJinnsSoul+1","floor":45},{"not_picked":["HollowMod:MawleksShell","HollowMod:SiblingsSouls","HollowMod:InfectedAttack+1","HollowMod:MonarchWings"],"picked":"HollowMod:HowlingWraiths+1","floor":46},{"not_picked":["HollowMod:QuirrelsAssistance+1","HollowMod:GoodIntentions","HollowMod:WraithStrike+1","HollowMod:CornifersMapStart"],"picked":"HollowMod:SoulVessel+1","floor":48}],"player_experience":177391,"relics_obtained":[{"floor":1,"key":"SynthV:TestCard"},{"floor":8,"key":"Blue Candle"},{"floor":9,"key":"Ginger"},{"floor":26,"key":"Lizard Tail"},{"floor":28,"key":"StoneCalendar"},{"floor":37,"key":"ArrowTower"},{"floor":38,"key":"Bottled Flame"},{"floor":43,"key":"Frozen Egg 2"},{"floor":46,"key":"Ice Cream"}],"event_choices":[{"damage_healed":0,"gold_gain":0,"player_choice":"Got Potions","damage_taken":0,"max_hp_gain":0,"max_hp_loss":0,"event_name":"Lab","floor":3,"gold_loss":0},{"damage_healed":0,"gold_gain":75,"player_choice":"Gather Gold","damage_taken":11,"max_hp_gain":0,"max_hp_loss":0,"event_name":"World of Goop","floor":12,"gold_loss":0},{"damage_healed":0,"gold_gain":0,"player_choice":"Ignored","damage_taken":0,"max_hp_gain":0,"max_hp_loss":0,"event_name":"Ghosts","floor":19,"gold_loss":0},{"damage_healed":0,"gold_gain":0,"player_choice":"Shed Blood","damage_taken":22,"max_hp_gain":5,"max_hp_loss":0,"event_name":"Forgotten Altar","floor":21,"gold_loss":0},{"damage_healed":0,"gold_gain":0,"player_choice":"Stole Relic","damage_taken":0,"relics_obtained":["Letter Opener"],"max_hp_gain":0,"max_hp_loss":0,"event_name":"Addict","floor":22,"gold_loss":0,"cards_obtained":["Shame"]},{"damage_healed":0,"gold_gain":99,"player_choice":"Stole From Cult","damage_taken":0,"max_hp_gain":0,"max_hp_loss":0,"event_name":"Nest","floor":24,"gold_loss":0},{"damage_healed":0,"gold_gain":0,"player_choice":"Fight","damage_taken":0,"max_hp_gain":0,"max_hp_loss":0,"event_name":"Mysterious Sphere","floor":37,"gold_loss":0},{"damage_healed":0,"gold_gain":0,"player_choice":"Embrace Madness","damage_taken":14,"max_hp_gain":0,"max_hp_loss":0,"event_name":"Winding Halls","floor":39,"gold_loss":0,"cards_obtained":["Madness","Madness"]},{"damage_healed":0,"gold_gain":0,"player_choice":"Fight","damage_taken":0,"max_hp_gain":0,"max_hp_loss":0,"event_name":"MindBloom","floor":46,"gold_loss":0},{"cards_removed":["HollowMod:QuickDashStart"],"damage_healed":0,"gold_gain":0,"player_choice":"Removed Skill","damage_taken":0,"max_hp_gain":0,"max_hp_loss":0,"event_name":"Falling","floor":47,"gold_loss":0}],"is_beta":false,"boss_relics":[{"not_picked":["RhineSuit","Sozu"],"picked":"SynthV:MejaisSoulstealer"},{"not_picked":["Philosopher\u0027s Stone","GreenFoldingFan"],"picked":"JellyFishMachine"}],"items_purged_floors":[],"is_endless":false,"potions_floor_spawned":[8,14,16,20,25,28,30,37,41,46,48],"ascension_level":0}}