{"host":"x52zk6e1f2bye2h7","time":1609591221,"event":{"mods":["AchievementEnabler","BaseMod","Highlight Path","Minty Spire (QoL Compilation)","everything is the same but u backflip on backflip"],"gold_per_floor":[111,111,121,71,81,81,109,34,116,116,36,48,48,82,82,185,185,201,201,213,227,45,45,73,83,108,176,187,187,263,263,263],"floor_reached":31,"playtime":2145,"items_purged":["Strike_G","Strike_G"],"score":265,"play_id":"c124f759-9b8c-4218-a089-059771c5b53f","local_time":"20210102124021","is_ascension_mode":false,"campfire_choices":[{"data":"Footwork","floor":6,"key":"SMITH"},{"floor":10,"key":"REST"},{"data":"Noxious Fumes","floor":15,"key":"SMITH"},{"data":"Footwork","floor":23,"key":"SMITH"},{"data":"Prepared","floor":29,"key":"SMITH"}],"circlet_count":0,"master_deck":["Strike_G","Defend_G","Defend_G","Defend_G","Defend_G","Defend_G","Survivor","Neutralize","Acrobatics","Deadly Poison","Prepared","Footwork+1","Escape Plan","Noxious Fumes+1","Backflip","Poisoned Stab+1","Reflex+1","Footwork+1","Prepared+1","Reflex+1"],"relics":["Ring of the Snake","Potion Belt","The Specimen","InkBottle","Matryoshka","StoneCalendar","Empty Cage","SsserpentHead","Omamori","Boot","Ornamental Fan","Snake Skull","Bag of Preparation"],"acts_visited":["Exordium","TheCity"],"potions_floor_usage":[18,24,31],"damage_taken":[{"damage":0,"enemies":"Cultist","floor":1,"turns":4},{"damage":0,"enemies":"Small Slimes","floor":3,"turns":3},{"damage":0,"enemies":"2 Louse","floor":5,"turns":3},{"damage":61,"enemies":"Gremlin Nob","floor":7,"turns":6},{"damage":2,"enemies":"Lots of Slimes","floor":12,"turns":6},{"damage":2,"enemies":"3 Sentries","floor":14,"turns":8},{"damage":13,"enemies":"Slime Boss","floor":16,"turns":9},{"damage":18,"enemies":"2 Thieves","floor":18,"turns":5},{"damage":6,"enemies":"Spheric Guardian","floor":20,"turns":5},{"damage":7,"enemies":"Shelled Parasite and Fungi","floor":21,"turns":6},{"damage":18,"enemies":"Book of Stabbing","floor":24,"turns":7},{"damage":1,"enemies":"Cultist and Chosen","floor":25,"turns":7},{"damage":0,"enemies":"Centurion and Healer","floor":27,"turns":7},{"damage":7,"enemies":"Snake Plant","floor":28,"turns":6},{"damage":18,"enemies":"Gremlin Leader","floor":31,"turns":2}],"seed_played":"6541741395427672725","potions_obtained":[{"floor":1,"key":"GamblersBrew"},{"floor":12,"key":"AttackPotion"},{"floor":14,"key":"CultistPotion"},{"floor":20,"key":"Weak Potion"},{"floor":27,"key":"Ancient Potion"}],"is_trial":false,"path_per_floor":["M","T","M","$","M","R","E","$","T","R","$","M","?","E","R","B",null,"M","?","M","M","$","R","E","M","T","M","M","R","T","E"],"character_chosen":"THE_SILENT","items_purchased":["Prepared","Noxious Fumes","Footwork"],"campfire_rested":1,"item_purchase_floors":[4,11,22],"current_hp_per_floor":[70,70,70,70,70,70,9,9,9,30,30,28,33,31,31,18,75,57,57,51,44,44,44,26,25,25,25,18,18,18,0,0],"gold":263,"neow_bonus":"RANDOM_COMMON_RELIC","is_daily":false,"chose_seed":false,"campfire_upgraded":4,"win_rate":0.0,"timestamp":1609591221,"path_taken":["M","?","M","$","M","R","E","$","T","R","?","M","?","E","R","BOSS","M","?","M","M","$","R","E","M","T","?","M","R","?","E"],"items_purchased_type":["Card","Card","Card"],"build_version":"2020-12-22","purchased_purges":2,"victory":false,"max_hp_per_floor":[70,70,70,70,70,70,70,70,70,70,70,70,75,75,75,75,75,75,75,75,75,75,75,75,75,75,75,75,75,75,75,75],"card_choices":[{"not_picked":["Calculated Gamble","Slice"],"picked":"Acrobatics","floor":1},{"not_picked":["Outmaneuver","Blade Dance"],"picked":"Deadly Poison","floor":3},{"not_picked":["Caltrops","Deflect"],"picked":"Footwork","floor":5},{"not_picked":["Distraction","Quick Slash"],"picked":"Escape Plan","floor":7},{"not_picked":["Blur","Predator"],"picked":"Backflip","floor":12},{"not_picked":["Acrobatics","Flying Knee","Calculated Gamble"],"picked":"SKIP","floor":14},{"not_picked":["Outmaneuver","Backstab","Predator"],"picked":"SKIP","floor":18},{"not_picked":["Bane","Blur"],"picked":"Poisoned Stab+1","floor":20},{"not_picked":["Poisoned Stab","Deflect"],"picked":"Reflex+1","floor":21},{"not_picked":["Endless Agony+1","Backstab","Leg Sweep+1"],"picked":"SKIP","floor":24},{"not_picked":["Well Laid Plans","Sucker Punch"],"picked":"Prepared","floor":25},{"not_picked":["Quick Slash","Deadly Poison","Eviscerate+1"],"picked":"SKIP","floor":27},{"not_picked":["Sucker Punch","Calculated Gamble+1"],"picked":"Reflex+1","floor":28}],"player_experience":43284,"relics_obtained":[{"floor":2,"key":"The Specimen"},{"floor":7,"key":"InkBottle"},{"floor":9,"key":"Matryoshka"},{"floor":14,"key":"StoneCalendar"},{"floor":24,"key":"Omamori"},{"floor":26,"key":"Boot"},{"floor":26,"key":"Ornamental Fan"},{"floor":30,"key":"Snake Skull"},{"floor":30,"key":"Bag of Preparation"}],"event_choices":[{"damage_healed":0,"gold_gain":0,"player_choice":"Donut","damage_taken":0,"max_hp_gain":5,"max_hp_loss":0,"event_name":"Big Fish","floor":13,"gold_loss":0},{"damage_healed":0,"gold_gain":0,"player_choice":"Trade","damage_taken":0,"relics_obtained":["SsserpentHead"],"max_hp_gain":0,"max_hp_loss":0,"event_name":"FaceTrader","floor":19,"gold_loss":0}],"is_beta":false,"boss_relics":[{"not_picked":["Cursed Key","Black Star"],"picked":"Empty Cage"}],"items_purged_floors":[8,22],"is_endless":false,"potions_floor_spawned":[1,12,14,20,27],"killed_by":"Gremlin Leader","ascension_level":0}}