{"host":"sfqxmtwcpkqrvrbt","time":1609613581,"event":{"mods":["AchievementEnabler","BaseMod","DeckTracker","Minty Spire (QoL Compilation)"],"gold_per_floor":[99,99,99,99,49,49,49,49,49,49,49,49,49,49,49,49,49,49,49,49,0,0,0,0,0,0,0,0,0,0,0,0,0,0,0,0,0,0,0,0,0,0,0,0,0,0,0,0,0,0,0],"floor_reached":50,"playtime":2782,"items_purged":[],"score":731,"play_id":"cce56872-b55b-43a0-a36d-78a29836a133","local_time":"20210103035301","is_ascension_mode":true,"campfire_choices":[{"data":"Masterful Stab","floor":7.0,"key":"SMITH"},{"floor":13.0,"key":"REST"},{"floor":15.0,"key":"REST"},{"floor":23.0,"key":"REST"},{"data":"Blade Dance","floor":28.0,"key":"SMITH"},{"floor":32.0,"key":"REST"},{"data":"Noxious Fumes","floor":40.0,"key":"SMITH"},{"data":"PiercingWail","floor":42.0,"key":"SMITH"},{"data":"Blur","floor":49.0,"key":"SMITH"}],"circlet_count":0,"master_deck":["Strike_G","Strike_G","Strike_G","Defend_G+1","Defend_G","Defend_G","Defend_G","Defend_G","Survivor","Neutralize","Backflip","Quick Slash","Masterful Stab+1","Poisoned Stab","Noxious Fumes+1","PiercingWail+1","PiercingWail+1","Predator","Calculated Gamble","Tools of the Trade+1","Prepared+1","Blade Dance+1","Blade Dance","Calculated Gamble","Cloak And Dagger","Footwork+1","Blur+1","Adrenaline","Acrobatics+1","Escape Plan+1","Backflip+1","Parasite","Backflip+1","Footwork+1"],"relics":["Ectoplasm","Golden Idol","Question Card","Shuriken","War Paint","Philosopher\u0027s Stone","Ornamental Fan","Frozen Egg 2","Coffee Dripper","Orichalcum","InkBottle"],"acts_visited":["Exordium","TheCity","TheBeyond"],"potions_floor_usage":[50,50,50],"damage_taken":[{"damage":2.0,"enemies":"Jaw Worm","floor":1.0,"turns":5.0},{"damage":1.0,"enemies":"2 Louse","floor":2.0,"turns":3.0},{"damage":2.0,"enemies":"Small Slimes","floor":4.0,"turns":4.0},{"damage":31.0,"enemies":"Lagavulin","floor":6.0,"turns":8.0},{"damage":0.0,"enemies":"Exordium Wildlife","floor":8.0,"turns":3.0},{"damage":12.0,"enemies":"Lots of Slimes","floor":10.0,"turns":4.0},{"damage":0.0,"enemies":"3 Louse","floor":11.0,"turns":3.0},{"damage":13.0,"enemies":"Gremlin Nob","floor":12.0,"turns":3.0},{"damage":0.0,"enemies":"Exordium Wildlife","floor":14.0,"turns":3.0},{"damage":7.0,"enemies":"The Guardian","floor":16.0,"turns":9.0},{"damage":17.0,"enemies":"Shell Parasite","floor":18.0,"turns":4.0},{"damage":12.0,"enemies":"2 Thieves","floor":21.0,"turns":4.0},{"damage":5.0,"enemies":"Cultist and Chosen","floor":24.0,"turns":6.0},{"damage":2.0,"enemies":"Book of Stabbing","floor":25.0,"turns":4.0},{"damage":4.0,"enemies":"Snake Plant","floor":27.0,"turns":5.0},{"damage":0.0,"enemies":"Snecko","floor":31.0,"turns":6.0},{"damage":19.0,"enemies":"Automaton","floor":33.0,"turns":9.0},{"damage":11.0,"enemies":"3 Darklings","floor":35.0,"turns":5.0},{"damage":0.0,"enemies":"3 Shapes","floor":39.0,"turns":4.0},{"damage":15.0,"enemies":"Nemesis","floor":41.0,"turns":7.0},{"damage":10.0,"enemies":"Writhing Mass","floor":44.0,"turns":6.0},{"damage":4.0,"enemies":"Sphere and 2 Shapes","floor":45.0,"turns":3.0},{"damage":1.0,"enemies":"Maw","floor":47.0,"turns":6.0},{"damage":23,"enemies":"Time Eater","floor":50,"turns":6}],"seed_played":"-4154714725253440606","potions_obtained":[{"floor":4.0,"key":"SkillPotion"},{"floor":8.0,"key":"GamblersBrew"},{"floor":10.0,"key":"DuplicationPotion"},{"floor":11.0,"key":"SkillPotion"},{"floor":12.0,"key":"GamblersBrew"},{"floor":16.0,"key":"SkillPotion"},{"floor":18.0,"key":"LiquidMemories"},{"floor":24.0,"key":"BlessingOfTheForge"},{"floor":27.0,"key":"Block Potion"},{"floor":33.0,"key":"GamblersBrew"},{"floor":41.0,"key":"Dexterity Potion"},{"floor":44.0,"key":"LiquidBronze"},{"floor":47.0,"key":"Block Potion"}],"is_trial":false,"path_per_floor":["M","M","?","M","?","E","R","M","T","M","M","E","R","M","R","B",null,"M","?","?","M","$","R","M","E","T","M","R","$","?","M","R","B",null,"M","?","$","?","M","R","E","R","T","M","M","$","M","?","R","B"],"character_chosen":"THE_SILENT","items_purchased":[],"campfire_rested":4,"item_purchase_floors":[],"current_hp_per_floor":[61,60,60,58,58,27,27,27,27,15,15,2,21,21,40,33,57,40,40,40,28,28,47,42,40,40,36,36,36,36,36,55,36,58,47,47,47,47,47,47,32,32,32,22,18,18,17,17,17,0,0],"gold":0,"neow_bonus":"BOSS_RELIC","is_daily":false,"chose_seed":false,"campfire_upgraded":5,"win_rate":0.0,"timestamp":1609613581,"path_taken":["M","M","?","M","?","E","R","M","T","M","M","E","R","M","R","BOSS","M","?","?","M","$","R","M","E","T","?","R","$","?","M","R","BOSS","M","?","$","?","M","R","E","R","T","?","M","?","M","?","R","BOSS"],"items_purchased_type":[],"build_version":"2020-12-22","purchased_purges":0,"victory":false,"max_hp_per_floor":[70,70,65,65,65,65,65,65,65,65,65,65,65,65,65,65,65,65,65,65,65,65,65,65,65,65,65,65,65,65,65,65,65,65,65,65,65,65,65,65,65,65,65,65,65,65,65,62,62,62,62],"card_choices":[{"not_picked":["Reflex","Slice"],"picked":"Backflip","floor":1.0},{"not_picked":["Backflip","Acrobatics"],"picked":"Quick Slash","floor":2.0},{"not_picked":["Cloak And Dagger","Reflex"],"picked":"Masterful Stab","floor":4.0},{"not_picked":["Cloak And Dagger","A Thousand Cuts"],"picked":"Poisoned Stab","floor":6.0},{"not_picked":["Flechettes","Deadly Poison","Choke"],"picked":"Noxious Fumes","floor":8.0},{"not_picked":["Accuracy","Noxious Fumes","Tactician"],"picked":"PiercingWail","floor":10.0},{"not_picked":["Dodge and Roll","Deadly Poison","Expertise"],"picked":"PiercingWail","floor":11.0},{"not_picked":["Setup","Noxious Fumes","Riddle With Holes"],"picked":"Predator","floor":12.0},{"not_picked":["Sucker Punch","Bane","Dagger Throw"],"picked":"Calculated Gamble","floor":14.0},{"not_picked":["Wraith Form v2","Venomology","Envenom"],"picked":"Tools of the Trade","floor":16.0},{"not_picked":["Dash","Setup","Deflect"],"picked":"Prepared+1","floor":18.0},{"not_picked":["Poisoned Stab","Quick Slash","Setup"],"picked":"Blade Dance","floor":21.0},{"not_picked":["Dagger Spray","Bane","Prepared"],"picked":"Blade Dance","floor":24.0},{"not_picked":["Slice","Poisoned Stab","Sucker Punch"],"picked":"Calculated Gamble","floor":25.0},{"not_picked":["Unload","Underhanded Strike","Dagger Spray"],"picked":"Cloak And Dagger","floor":27.0},{"not_picked":["Eviscerate","Outmaneuver+1","Predator"],"picked":"Blur","floor":31.0},{"not_picked":["Doppelganger","Glass Knife","Wraith Form v2+1"],"picked":"Adrenaline","floor":33.0},{"not_picked":["Choke+1","All Out Attack","Accuracy+1"],"picked":"Acrobatics+1","floor":35.0},{"not_picked":["Tactician+1","Riddle With Holes","Finisher"],"picked":"Escape Plan+1","floor":39.0},{"not_picked":["Underhanded Strike+1","Terror","Expertise"],"picked":"Backflip+1","floor":41.0},{"not_picked":["Acrobatics+1","Bouncing Flask","Poisoned Stab+1"],"picked":"Backflip+1","floor":44.0},{"not_picked":["Dagger Throw","Flechettes","Outmaneuver","Backflip"],"picked":"SKIP","floor":45.0},{"not_picked":["Flechettes+1","Storm of Steel","Poisoned Stab+1"],"picked":"Footwork+1","floor":47.0}],"player_experience":49780,"relics_obtained":[{"floor":6.0,"key":"Question Card"},{"floor":9.0,"key":"Shuriken"},{"floor":12.0,"key":"War Paint"},{"floor":25.0,"key":"Ornamental Fan"},{"floor":26.0,"key":"Frozen Egg 2"},{"floor":41.0,"key":"Orichalcum"},{"floor":43.0,"key":"InkBottle"}],"event_choices":[{"damage_healed":0.0,"max_hp_gain":0.0,"max_hp_loss":5.0,"gold_gain":0.0,"event_name":"Golden Idol","player_choice":"Lose Max HP","floor":3.0,"gold_loss":0.0,"damage_taken":0.0,"relics_obtained":["Golden Idol"]},{"cards_removed":["Strike_G"],"damage_healed":0.0,"max_hp_gain":0.0,"max_hp_loss":0.0,"gold_gain":0.0,"event_name":"The Cleric","player_choice":"Card Removal","floor":5.0,"gold_loss":50.0,"damage_taken":0.0},{"damage_healed":0.0,"max_hp_gain":0.0,"max_hp_loss":0.0,"gold_gain":0.0,"event_name":"Ghosts","player_choice":"Ignored","floor":19.0,"gold_loss":0.0,"damage_taken":0.0},{"damage_healed":0.0,"max_hp_gain":0.0,"max_hp_loss":0.0,"gold_gain":0.0,"event_name":"Accursed Blacksmith","player_choice":"Forge","floor":20.0,"gold_loss":0.0,"damage_taken":0.0,"cards_upgraded":["Tools of the Trade"]},{"damage_healed":0.0,"max_hp_gain":0.0,"max_hp_loss":0.0,"gold_gain":0.0,"event_name":"The Library","player_choice":"Read","floor":30.0,"gold_loss":0.0,"damage_taken":0.0,"cards_obtained":["Footwork"]},{"damage_healed":0.0,"max_hp_gain":0.0,"max_hp_loss":0.0,"gold_gain":0.0,"event_name":"The Moai Head","player_choice":"Ignored","floor":36.0,"gold_loss":0.0,"damage_taken":0.0},{"cards_removed":["Strike_G"],"damage_healed":0.0,"max_hp_gain":0.0,"max_hp_loss":0.0,"gold_gain":0.0,"event_name":"Bonfire Elementals","player_choice":"Offered Basic","floor":38.0,"gold_loss":0.0,"damage_taken":0.0},{"damage_healed":0.0,"max_hp_gain":0.0,"max_hp_loss":3.0,"gold_gain":0.0,"event_name":"Winding Halls","player_choice":"Max HP","floor":48.0,"gold_loss":0.0,"damage_taken":0.0}],"is_beta":false,"boss_relics":[{"not_picked":["Tiny House","Runic Dome"],"picked":"Philosopher\u0027s Stone"},{"not_picked":["Runic Pyramid","Snecko Eye"],"picked":"Coffee Dripper"}],"items_purged_floors":[],"is_endless":false,"potions_floor_spawned":[4,8,10,11,12,16,18,24,27,33,41,44,47],"killed_by":"Time Eater","ascension_level":9}}