{"host":"cgaibh95wzkurumv","time":1609594668,"event":{"mods":["BaseMod","Minty Spire (QoL Compilation)","Replay The Spire","StSLib","The Runesmith"],"gold_per_floor":[114,129,144,219,234,234,264,264,264,279,294,294,309,84,84,184,184,199,124,139,154,154,154,184,184,259,9,24,39,54,31,31,131,181,196,211,226,226,241,241,121,121,146,161,176,176,191,221,221,221],"floor_reached":51,"playtime":2242,"items_purged":["Choke"],"score":830,"play_id":"0f20dc85-8686-44b6-9ec9-ddec924c14c8","local_time":"20210102103748","daily_mods":["Insanity","Uncertain Future","Binary"],"is_ascension_mode":false,"campfire_choices":[{"data":"Footwork","floor":6,"key":"SMITH"},{"data":"Cloak And Dagger","floor":8,"key":"SMITH"},{"data":"Terror","floor":15,"key":"SMITH"},{"data":"A Thousand Cuts","floor":23,"key":"SMITH"},{"data":"Slice","floor":25,"key":"SMITH"},{"floor":32,"key":"REST"},{"data":"Die Die Die","floor":40,"key":"SMITH"},{"data":"After Image","floor":42,"key":"SMITH"},{"data":"After Image","floor":49,"key":"SMITH"}],"circlet_count":0,"master_deck":["Heel Hook","Sucker Punch","Deadly Poison","Prepared","Acrobatics","Leg Sweep","Deflect","Toxin Wave","Outmaneuver","Dagger Throw","Terror+1","Accuracy","Dagger Spray","Dagger Throw","Calculated Gamble","Hidden Blade","Reflex","Riddle With Holes","Hidden Blade","Dagger Spray","Flechettes","PiercingWail","Footwork+1","Infinite Blades","Flechettes+1","Hidden Blade","Outmaneuver","PiercingWail","Blade Dance","PiercingWail","Dagger Spray","Masterful Stab","Sucker Punch","Slice+1","Cloak And Dagger+1","Backflip","Dagger Throw","Poisoned Stab","Blur","Backflip","Distraction","Bane","Prepared","Deadly Poison","Poisoned Stab","Choke","Blade Dance","Flying Knee","Blade Dance","Corpse Explosion","Cloak And Dagger","Cloak And Dagger","A Thousand Cuts+1","Die Die Die+1","Backflip","Adrenaline+1","Noxious Fumes+1","After Image+1","After Image+1","Doubt","Tactician+1"],"relics":["Ring of the Snake","Art of War","Letter Opener","Ornamental Fan","Anchor","Runic Pyramid","ReplayTheSpireMod:Ring of Addiction","Chameleon Ring","White Beast Statue","ReplayTheSpireMod:Lightbulb","Shuriken","Kunai","Tiny House","Replay:Baseball","PreservedInsect"],"acts_visited":["Exordium","TheCity","TheBeyond"],"potions_floor_usage":[13,21,24,24,29,33,36,37,39,44,44,45,50,50],"damage_taken":[{"damage":0,"enemies":"Cultist","floor":1,"turns":2},{"damage":5,"enemies":"Jaw Worm","floor":2,"turns":3},{"damage":0,"enemies":"2 Louse","floor":3,"turns":2},{"damage":9,"enemies":"Blue Slaver","floor":5,"turns":4},{"damage":16,"enemies":"Replay:BlueRogue","floor":7,"turns":8},{"damage":0,"enemies":"2 Fungi Beasts","floor":10,"turns":2},{"damage":3,"enemies":"Lots of Slimes","floor":11,"turns":2},{"damage":0,"enemies":"Looter","floor":13,"turns":2},{"damage":0,"enemies":"Slime Boss","floor":16,"turns":3},{"damage":14,"enemies":"Spheric Guardian","floor":18,"turns":4},{"damage":4,"enemies":"2 Thieves","floor":20,"turns":2},{"damage":15,"enemies":"Shelled Parasite and Fungi","floor":21,"turns":5},{"damage":0,"enemies":"Gremlin Leader","floor":24,"turns":4},{"damage":13,"enemies":"Snecko","floor":28,"turns":4},{"damage":3,"enemies":"Centurion and Healer","floor":29,"turns":4},{"damage":0,"enemies":"Sentry and Sphere","floor":30,"turns":5},{"damage":39,"enemies":"Automaton","floor":33,"turns":10},{"damage":0,"enemies":"Orb Walker","floor":35,"turns":2},{"damage":1,"enemies":"3 Darklings","floor":36,"turns":5},{"damage":9,"enemies":"Jaw Worm Horde","floor":37,"turns":4},{"damage":12,"enemies":"Writhing Mass","floor":39,"turns":4},{"damage":35,"enemies":"Spire Growth","floor":44,"turns":6},{"damage":8,"enemies":"4 Shapes","floor":45,"turns":4},{"damage":16,"enemies":"Sphere and 2 Shapes","floor":47,"turns":4},{"damage":31,"enemies":"Nemesis","floor":48,"turns":7},{"damage":49,"enemies":"Donu and Deca","floor":50,"turns":11}],"seed_played":"-4486375853315586652","potions_obtained":[{"floor":1,"key":"SmokeBomb"},{"floor":2,"key":"Weak Potion"},{"floor":7,"key":"Strength Potion"},{"floor":11,"key":"DuplicationPotion"},{"floor":20,"key":"Dexterity Potion"},{"floor":21,"key":"SpeedPotion"},{"floor":22,"key":"Adrenaline Potion"},{"floor":22,"key":"CunningPotion"},{"floor":24,"key":"Weak Potion"},{"floor":28,"key":"Strength Potion"},{"floor":29,"key":"LiquidBronze"},{"floor":33,"key":"Adrenaline Potion"},{"floor":36,"key":"BlessingOfTheForge"},{"floor":37,"key":"Strength Potion"},{"floor":39,"key":"PowerPotion"},{"floor":44,"key":"LiquidBronze"},{"floor":45,"key":"Milkshake"},{"floor":47,"key":"FairyPotion"},{"floor":48,"key":"AttackPotion"}],"is_trial":false,"path_per_floor":["M","M","M","?","M","R","E","R","T","M","M","T","M","$","R","B",null,"M","?","M","M","?","R","E","R","T","$","M","M","M","$","R","B",null,"M","M","M","?","M","R","$","R","T","M","M","?","M","E","R","B",null],"character_chosen":"THE_SILENT","items_purchased":["Anchor","Kunai","Backflip","After Image"],"campfire_rested":1,"item_purchase_floors":[14,27,31,41],"current_hp_per_floor":[70,65,65,54,45,45,29,29,29,29,26,26,26,26,26,26,70,56,56,52,37,37,37,37,37,37,37,24,21,21,21,41,2,71,71,70,61,61,49,49,49,49,49,14,6,69,53,22,22,4],"gold":221,"neow_bonus":"","is_daily":true,"chose_seed":false,"campfire_upgraded":8,"win_rate":0.0,"timestamp":1609594668,"path_taken":["M","M","?","?","M","R","E","R","T","M","M","?","M","$","R","BOSS","M","?","M","M","?","R","E","R","T","?","M","M","M","$","R","BOSS","M","M","M","?","?","R","$","R","T","M","M","?","M","E","R","BOSS"],"items_purchased_type":["Relic","Relic","Card","Card"],"build_version":"2020-12-22","purchased_purges":1,"victory":true,"max_hp_per_floor":[70,70,70,70,70,70,70,70,70,70,70,70,70,70,70,70,70,70,70,70,70,70,70,70,70,70,70,68,68,68,68,68,66,71,71,71,71,71,71,71,71,71,69,69,69,69,69,69,67,67],"card_choices":[{"not_picked":["Prepared"],"picked":"Blade Dance","floor":1},{"not_picked":["Hidden Blade","Catalyst"],"picked":"SKIP","floor":2},{"not_picked":["Dagger Spray","Acrobatics"],"picked":"SKIP","floor":3},{"not_picked":["Bane"],"picked":"Corpse Explosion","floor":5},{"not_picked":["Expertise","Outmaneuver"],"picked":"SKIP","floor":7},{"not_picked":["Prepared","ReplayTheSpireMod:Scrap Shanks"],"picked":"SKIP","floor":10},{"not_picked":["Deflect"],"picked":"Cloak And Dagger","floor":11},{"not_picked":["Bane"],"picked":"Cloak And Dagger","floor":13},{"not_picked":["Storm of Steel"],"picked":"A Thousand Cuts","floor":16},{"not_picked":["Blade Dance+1","Underhanded Strike"],"picked":"SKIP","floor":18},{"not_picked":["Hidden Blade","Infinite Blades"],"picked":"SKIP","floor":20},{"not_picked":["Cloak And Dagger","Infinite Blades+1"],"picked":"SKIP","floor":21},{"not_picked":["Night Terror"],"picked":"Die Die Die","floor":24},{"not_picked":["Deadly Poison","Choke+1"],"picked":"SKIP","floor":28},{"not_picked":["Acrobatics","Caltrops"],"picked":"SKIP","floor":29},{"not_picked":["Deadly Poison","Expertise"],"picked":"SKIP","floor":30},{"not_picked":["Wraith Form v2"],"picked":"Adrenaline","floor":33},{"not_picked":["Infinite Blades","Predator+1"],"picked":"SKIP","floor":35},{"not_picked":["Slice","Backflip+1"],"picked":"SKIP","floor":36},{"not_picked":["Setup","Riddle With Holes+1"],"picked":"SKIP","floor":37},{"not_picked":["Cloak And Dagger"],"picked":"Noxious Fumes+1","floor":39},{"not_picked":["Choke","Fluid Movement"],"picked":"SKIP","floor":44},{"not_picked":["Outmaneuver+1","Prepared"],"picked":"SKIP","floor":45},{"not_picked":["Backflip+1","Infinite Blades"],"picked":"SKIP","floor":47},{"not_picked":["Outmaneuver+1"],"picked":"Tactician+1","floor":48}],"player_experience":259565,"relics_obtained":[{"floor":7,"key":"Art of War"},{"floor":9,"key":"Letter Opener"},{"floor":12,"key":"Ornamental Fan"},{"floor":22,"key":"ReplayTheSpireMod:Ring of Addiction"},{"floor":22,"key":"Chameleon Ring"},{"floor":22,"key":"White Beast Statue"},{"floor":24,"key":"ReplayTheSpireMod:Lightbulb"},{"floor":26,"key":"Shuriken"},{"floor":43,"key":"Replay:Baseball"},{"floor":48,"key":"PreservedInsect"}],"event_choices":[{"damage_healed":0,"gold_gain":75,"player_choice":"Gather Gold","damage_taken":11,"max_hp_gain":0,"max_hp_loss":0,"event_name":"World of Goop","floor":4,"gold_loss":0},{"cards_removed":["Hidden Blade"],"damage_healed":0,"gold_gain":0,"player_choice":"Gave Gold","damage_taken":0,"max_hp_gain":0,"max_hp_loss":0,"event_name":"Beggar","floor":19,"gold_loss":75},{"damage_healed":0,"gold_gain":0,"player_choice":"Forge","damage_taken":0,"max_hp_gain":0,"max_hp_loss":0,"event_name":"Accursed Blacksmith","floor":38,"gold_loss":0,"cards_upgraded":["Adrenaline"]},{"damage_healed":63,"gold_gain":0,"player_choice":"Heal","damage_taken":0,"max_hp_gain":0,"max_hp_loss":0,"event_name":"MindBloom","floor":46,"gold_loss":0,"cards_obtained":["Doubt"]}],"is_beta":false,"boss_relics":[{"not_picked":["Busted Crown","Velvet Choker"],"picked":"Runic Pyramid"},{"not_picked":["Ring of the Serpent","Runic Dome"],"picked":"Tiny House"}],"items_purged_floors":[14],"is_endless":false,"potions_floor_spawned":[1,2,7,11,20,21,24,28,29,30,33,35,36,37,39,44,45,47,48],"ascension_level":0}}