{"host":"knghpd923z1q8993","time":1609622628,"event":{"mods":["BaseMod","Colored Map","Colored Powertips","Minty Spire (QoL Compilation)","StSLib"],"gold_per_floor":[115,67,81,97,111,137,137,137,137,137,102,142,156,174,174,299,299,312,335,335,335,267,267,280,303,303,317,317,40,56,74,74,200,200,218,218,178,201,201,201],"floor_reached":39,"playtime":4270,"items_purged":[],"score":420,"play_id":"05342693-eec9-4458-91ca-e7badef9d3fa","local_time":"20210102222348","is_ascension_mode":false,"campfire_choices":[{"data":"Redo","floor":7.0,"key":"SMITH"},{"data":"Zap","floor":15.0,"key":"SMITH"},{"data":"Machine Learning","floor":23,"key":"SMITH"},{"floor":28,"key":"REST"},{"floor":32,"key":"REST"}],"circlet_count":0,"master_deck":["Strike_B+1","Strike_B+1","Strike_B+1","Strike_B+1","Defend_B+1","Defend_B+1","Defend_B+1","Defend_B+1","Zap+1","Dualcast","Go for the Eyes","Beam Cell","Cold Snap","Doom and Gloom","Machine Learning+1","Redo+1","Steam","Leap","Steam","All For One","Genetic Algorithm","Redo+1","Reboot","Chill","Leap+1","Gash+1","Go for the Eyes","Purity","Creative AI+1","Seek","Tempest+1","Amplify","Gash+1","Thinking Ahead","Flash of Steel","Purity","Gash"],"relics":["FrozenCore","NeowsBlessing","Ancient Tea Set","Potion Belt","Golden Idol","Kunai","Darkstone Periapt","Runic Pyramid"],"acts_visited":["Exordium","TheCity","TheBeyond"],"potions_floor_usage":[27,30,31,33,39,39],"damage_taken":[{"damage":0.0,"enemies":"Jaw Worm","floor":1.0,"turns":1.0},{"damage":0.0,"enemies":"Small Slimes","floor":3.0,"turns":1.0},{"damage":0.0,"enemies":"Cultist","floor":4.0,"turns":1.0},{"damage":21.0,"enemies":"Large Slime","floor":5.0,"turns":5.0},{"damage":22.0,"enemies":"Gremlin Nob","floor":6.0,"turns":5.0},{"damage":15.0,"enemies":"3 Sentries","floor":12.0,"turns":4.0},{"damage":13.0,"enemies":"Lots of Slimes","floor":13.0,"turns":2.0},{"damage":2.0,"enemies":"Exordium Thugs","floor":14.0,"turns":5.0},{"damage":13,"enemies":"Slime Boss","floor":16,"turns":10},{"damage":4,"enemies":"Chosen","floor":18,"turns":8},{"damage":14,"enemies":"Spheric Guardian","floor":19,"turns":6},{"damage":10,"enemies":"Snake Plant","floor":24,"turns":5},{"damage":20,"enemies":"Shelled Parasite and Fungi","floor":25,"turns":7},{"damage":4,"enemies":"3 Cultists","floor":27,"turns":8},{"damage":24,"enemies":"Chosen and Byrds","floor":30,"turns":4},{"damage":0,"enemies":"Snecko","floor":31,"turns":8},{"damage":1,"enemies":"Automaton","floor":33,"turns":12},{"damage":14,"enemies":"Orb Walker","floor":35,"turns":6},{"damage":7,"enemies":"3 Darklings","floor":38,"turns":7},{"damage":42,"enemies":"Maw","floor":39,"turns":8}],"seed_played":"-6395759150841084774","potions_obtained":[{"floor":3.0,"key":"GamblersBrew"},{"floor":4.0,"key":"DuplicationPotion"},{"floor":6.0,"key":"Explosive Potion"},{"floor":12.0,"key":"Regen Potion"},{"floor":16,"key":"FocusPotion"},{"floor":18,"key":"AttackPotion"},{"floor":25,"key":"Energy Potion"},{"floor":30,"key":"FearPotion"},{"floor":31,"key":"SteroidPotion"},{"floor":33,"key":"EssenceOfDarkness"}],"is_trial":false,"path_per_floor":["M","$","M","M","M","E","R","?","T","?","?","E","M","M","R","B",null,"M","M","?","?","$","R","M","M","T","M","R","$","M","M","R","B",null,"M","?","?","M","M"],"character_chosen":"DEFECT","items_purchased":["Beam Cell","Reboot","Go for the Eyes","Purity","Creative AI","LiquidBronze"],"campfire_rested":2,"item_purchase_floors":[2,22,29,29,29,29],"current_hp_per_floor":[75,75,75,75,54,32,32,32,32,32,49,34,21,33,33,20,69,65,51,51,51,51,51,41,21,21,17,37,37,13,13,33,32,69,55,45,45,38,0,0],"gold":201,"neow_bonus":"THREE_ENEMY_KILL","is_daily":false,"chose_seed":false,"campfire_upgraded":3,"win_rate":0.0,"timestamp":1609622628,"path_taken":["M","$","M","M","M","E","R","?","T","?","?","E","M","M","R","BOSS","M","M","?","?","?","R","?","M","T","M","R","$","M","M","R","BOSS","M","?","?","?","M"],"items_purchased_type":["Card","Card","Card","Card","Card","Potion"],"build_version":"2020-12-22","purchased_purges":0,"victory":false,"max_hp_per_floor":[75,75,75,75,75,75,75,75,75,69,69,69,69,69,69,69,69,69,69,69,69,69,69,69,69,69,69,69,69,69,69,69,69,69,69,69,69,69,69,69],"card_choices":[{"not_picked":["Static Discharge","Conserve Battery"],"picked":"Go for the Eyes","floor":1.0},{"not_picked":["Streamline","Rip and Tear"],"picked":"Cold Snap","floor":3.0},{"not_picked":["Ball Lightning","Redo"],"picked":"Doom and Gloom","floor":4.0},{"not_picked":["Reinforced Body","Skim"],"picked":"Machine Learning","floor":5.0},{"not_picked":["Stack","Storm"],"picked":"Redo","floor":6.0},{"not_picked":["Cold Snap","Aggregate"],"picked":"Steam","floor":12.0},{"not_picked":["Gash","Sweeping Beam"],"picked":"Leap","floor":13.0},{"not_picked":["Skim","Ball Lightning"],"picked":"Steam","floor":14.0},{"not_picked":["Seek","Creative AI"],"picked":"All For One","floor":16},{"not_picked":["Stack","Force Field"],"picked":"Genetic Algorithm","floor":18},{"not_picked":["Barrage+1","Compile Driver"],"picked":"Redo+1","floor":19},{"not_picked":["Streamline","Ball Lightning"],"picked":"Chill","floor":24},{"not_picked":["Force Field+1","Coolheaded+1"],"picked":"Leap+1","floor":25},{"not_picked":["Conserve Battery","Cold Snap"],"picked":"Gash+1","floor":27},{"not_picked":["Chaos","Compile Driver"],"picked":"Seek","floor":30},{"not_picked":["Go for the Eyes","Ball Lightning+1"],"picked":"Tempest+1","floor":31},{"not_picked":["Creative AI","Machine Learning"],"picked":"Amplify","floor":33},{"not_picked":["Steam+1","Coolheaded+1"],"picked":"Gash+1","floor":35},{"not_picked":["Trip","Flash of Steel"],"picked":"Thinking Ahead","floor":36},{"not_picked":["Impatience","Enlightenment"],"picked":"Flash of Steel","floor":36},{"not_picked":["Secret Weapon","Bandage Up"],"picked":"Purity","floor":36},{"not_picked":["Skim+1","Static Discharge+1"],"picked":"Gash","floor":38}],"player_experience":69701,"relics_obtained":[{"floor":6.0,"key":"Ancient Tea Set"},{"floor":9.0,"key":"Potion Belt"},{"floor":12.0,"key":"Kunai"},{"floor":26,"key":"Darkstone Periapt"}],"event_choices":[{"damage_healed":0.0,"max_hp_gain":0.0,"max_hp_loss":0.0,"gold_gain":0.0,"event_name":"Liars Game","player_choice":"Ignored","floor":8.0,"gold_loss":0.0,"damage_taken":0.0},{"damage_healed":0.0,"max_hp_gain":0.0,"max_hp_loss":6.0,"gold_gain":0.0,"event_name":"Golden Idol","player_choice":"Lose Max HP","floor":10.0,"gold_loss":0.0,"damage_taken":0.0,"relics_obtained":["Golden Idol"]},{"damage_healed":17.0,"max_hp_gain":0.0,"max_hp_loss":0.0,"gold_gain":0.0,"event_name":"The Cleric","player_choice":"Healed","floor":11.0,"gold_loss":35.0,"damage_taken":0.0},{"damage_healed":0,"gold_gain":0,"player_choice":"Ignored","damage_taken":0,"max_hp_gain":0,"max_hp_loss":0,"event_name":"The Mausoleum","floor":20,"gold_loss":0},{"damage_healed":0,"gold_gain":0,"player_choice":"Simplicity","damage_taken":0,"max_hp_gain":0,"max_hp_loss":0,"event_name":"Back to Basics","floor":21,"gold_loss":0,"cards_upgraded":["Strike_B","Strike_B","Strike_B","Strike_B","Defend_B","Defend_B","Defend_B","Defend_B"]},{"damage_healed":0,"gold_gain":0,"player_choice":"Memory 3","damage_taken":10,"max_hp_gain":0,"max_hp_loss":0,"event_name":"SensoryStone","floor":36,"gold_loss":0},{"damage_healed":0,"gold_gain":0,"player_choice":"Upgrade","damage_taken":0,"max_hp_gain":0,"max_hp_loss":0,"event_name":"Designer","floor":37,"gold_loss":40,"cards_upgraded":["Creative AI"]}],"is_beta":false,"boss_relics":[{"not_picked":["SlaversCollar","Busted Crown"],"picked":"FrozenCore"},{"not_picked":["Nuclear Battery","Runic Dome"],"picked":"Runic Pyramid"}],"items_purged_floors":[],"is_endless":false,"potions_floor_spawned":[3,4,6,12,16,18,25,30,31,33],"killed_by":"Maw","ascension_level":0}}