{"host":"kos1s9q8ffr8fqos","time":1609552150,"event":{"mods":["BaseMod","Bestiary","Better Altar","Better Match","Better Note","Better Sensory Stone","Better Skull","Better Third Choice","Better Vampires","Colored Map","Colored Powertips","Curses Come First","Downfall","Hermit","Infinite Spire","Minty Spire (QoL Compilation)","Quick Restart","Random Character Button","Relic Stats","Replay The Spire","StSLib","The Blue Laboratory","The Disciple"],"gold_per_floor":[117,133,133,133,147,181,251,270,270,270,284,284,284,310,310,384,384,396,30,30,42,0,0,29,29,74,91,141,170,170,170],"floor_reached":30,"playtime":1404,"items_purged":["Strike_P"],"score":557,"play_id":"0cf07a08-5b36-4400-aa56-ad517c464ff5","local_time":"20210101194910","is_ascension_mode":true,"campfire_choices":[{"data":"ConjureBlade","floor":10,"key":"SMITH"},{"floor":12,"key":"REST"},{"data":"Eruption","floor":15,"key":"SMITH"},{"data":"expansioncontent:Corrupt","floor":23,"key":"SMITH"},{"data":"Weave","floor":25,"key":"SMITH"}],"circlet_count":0,"master_deck":["AscendersBane","Strike_P","Strike_P","Defend_P","Defend_P","Defend_P","Defend_P","Eruption+1","Vigilance","ConjureBlade+1","Crescendo","Wireheading","Replay:Battleflow","Weave+1","EmptyBody","ThirdEye","Weave","Adaptation","Brilliance","Worship+1","Brilliance","Prostrate+1","Panacea","expansioncontent:Corrupt+1","expansioncontent:Corrupt","DeusExMachina","Protect","LessonLearned"],"relics":["hermit:Momento","infinitespire:Cubic Diamond","Damaru","ReplayTheSpireMod:Shallot","Ornamental Fan","Replay:Baseball","Sozu","BargainBundle","TungstenRod","MealTicket","Eternal Feather"],"acts_visited":["Exordium","TheCity"],"potions_floor_usage":[6,14,14,24],"damage_taken":[{"damage":5,"enemies":"Small Slimes","floor":1,"turns":5},{"damage":7,"enemies":"Jaw Worm","floor":2,"turns":3},{"damage":1,"enemies":"Cultist","floor":5,"turns":3},{"damage":21,"enemies":"Lagavulin","floor":6,"turns":6},{"damage":0,"enemies":"Looter","floor":8,"turns":3},{"damage":0,"enemies":"Blue Slaver","floor":11,"turns":4},{"damage":0,"enemies":"3 Sentries","floor":14,"turns":6},{"damage":42,"enemies":"The Guardian","floor":16,"turns":8},{"damage":2,"enemies":"Spheric Guardian","floor":18,"turns":3},{"damage":0,"enemies":"2 Thieves","floor":21,"turns":3},{"damage":5,"enemies":"Book of Stabbing","floor":24,"turns":4},{"damage":32,"enemies":"3 Cultists","floor":27,"turns":4},{"damage":12,"enemies":"Nightmare","floor":29,"turns":7},{"damage":21,"enemies":"Snecko","floor":30,"turns":4}],"seed_played":"3181405842672435011","potions_obtained":[{"floor":1,"key":"blueLaboratory:NullPotion"},{"floor":5,"key":"ColorlessPotion"},{"floor":6,"key":"blueLaboratory:AlphaPotion"},{"floor":16,"key":"Weak Potion"}],"is_trial":false,"path_per_floor":["M","M","?","?","M","E","T","M","T","R","M","R","?","E","R","B",null,"M","$","?","M","?","R","E","R","T","M","?","NM","M"],"character_chosen":"WATCHER","items_purchased":["BargainBundle","Brilliance","Prostrate+1","Panacea","expansioncontent:Corrupt"],"campfire_rested":1,"item_purchase_floors":[19,19,19,19,19],"current_hp_per_floor":[56,49,49,49,48,27,27,27,27,27,27,47,47,47,47,5,52,50,50,50,50,50,50,45,45,45,13,13,1,0,0],"gold":170,"neow_bonus":"ONE_RANDOM_RARE_CARD","is_daily":false,"chose_seed":false,"campfire_upgraded":4,"win_rate":0.0,"timestamp":1609552150,"path_taken":["M","M","?","?","M","E","?","M","T","R","?","R","?","E","R","BOSS","M","$","?","?","?","R","E","R","T","M","?","NM","?"],"items_purchased_type":["Relic","Card","Card","Card","Card"],"build_version":"2020-12-22","purchased_purges":1,"victory":false,"max_hp_per_floor":[68,68,68,68,68,68,68,68,68,68,68,68,68,68,68,68,68,68,68,68,68,68,68,68,68,68,68,68,68,68,68],"relic_stats":{"Sozu":1,"counters":[14,63],"Ornamental Fan":[52],"MealTicket":0,"Eternal Feather":0,"obtain_stats":[{"Sozu":17,"Replay:Baseball":14,"BargainBundle":19,"ReplayTheSpireMod:Shallot":7,"Ornamental Fan":9,"Damaru":6,"MealTicket":26,"Eternal Feather":29,"infinitespire:Cubic Diamond":3,"PureWater":0,"hermit:Momento":3,"TungstenRod":24},{"Sozu":8,"Replay:Baseball":7,"BargainBundle":9,"ReplayTheSpireMod:Shallot":4,"Ornamental Fan":5,"Damaru":4,"MealTicket":11,"Eternal Feather":13,"infinitespire:Cubic Diamond":2,"PureWater":0,"hermit:Momento":2,"TungstenRod":11},{"Sozu":38,"Replay:Baseball":30,"BargainBundle":41,"ReplayTheSpireMod:Shallot":17,"Ornamental Fan":20,"Damaru":17,"MealTicket":48,"Eternal Feather":59,"infinitespire:Cubic Diamond":8,"PureWater":0,"hermit:Momento":8,"TungstenRod":48}],"TungstenRod":8},"card_choices":[{"not_picked":["Replay:BluntJabs","FlyingSleeves"],"picked":"Crescendo","floor":1},{"not_picked":["BowlingBash","SashWhip"],"picked":"Wireheading","floor":2},{"not_picked":["Evaluate","SignatureMove"],"picked":"Weave","floor":5},{"not_picked":["WindmillStrike","SandsOfTime"],"picked":"EmptyBody","floor":6},{"not_picked":["Replay:AtTheReady","FollowUp"],"picked":"ThirdEye","floor":8},{"not_picked":["Prostrate","BattleHymn"],"picked":"Weave","floor":11},{"not_picked":["PathToVictory","ClearTheMind"],"picked":"Adaptation","floor":14},{"not_picked":["ConjureBlade","Vault"],"picked":"Brilliance","floor":16},{"not_picked":["WheelKick","EmptyFist"],"picked":"Worship+1","floor":18},{"not_picked":["Sanctity","Fasting2","Halt"],"picked":"SKIP","floor":21},{"not_picked":["Sanctity+1","Protect"],"picked":"DeusExMachina","floor":24},{"not_picked":["FlyingSleeves+1","Replay:BluntJabs"],"picked":"Protect","floor":27},{"not_picked":["Evaluate","Replay:Hum"],"picked":"LessonLearned","floor":29}],"player_experience":1279032,"relics_obtained":[{"floor":6,"key":"Damaru"},{"floor":7,"key":"ReplayTheSpireMod:Shallot"},{"floor":9,"key":"Ornamental Fan"},{"floor":14,"key":"Replay:Baseball"},{"floor":24,"key":"TungstenRod"},{"floor":26,"key":"MealTicket"},{"floor":29,"key":"Eternal Feather"}],"event_choices":[{"damage_healed":0,"gold_gain":0,"cards_transformed":["Strike_P"],"player_choice":"Change","damage_taken":0,"max_hp_gain":0,"max_hp_loss":0,"event_name":"Living Wall","floor":4,"gold_loss":0,"cards_obtained":["Replay:Battleflow"]},{"damage_healed":0,"gold_gain":0,"player_choice":"Searched \u00271\u0027 times","damage_taken":0,"max_hp_gain":0,"max_hp_loss":0,"event_name":"Dead Adventurer","floor":13,"gold_loss":0},{"damage_healed":0,"gold_gain":0,"player_choice":"Copied","damage_taken":0,"max_hp_gain":0,"max_hp_loss":0,"event_name":"Duplicator","floor":20,"gold_loss":0,"cards_obtained":["expansioncontent:Corrupt"]},{"damage_healed":0,"gold_gain":0,"player_choice":"Paid Fearfully","damage_taken":0,"max_hp_gain":0,"max_hp_loss":0,"event_name":"Masked Bandits","floor":22,"gold_loss":42},{"damage_healed":0,"gold_gain":50,"player_choice":"Pray","damage_taken":0,"max_hp_gain":0,"max_hp_loss":0,"event_name":"Golden Shrine","floor":28,"gold_loss":0}],"is_beta":false,"boss_relics":[{"not_picked":["Busted Crown","Runic Dome"],"picked":"Sozu"}],"items_purged_floors":[19],"is_endless":false,"potions_floor_spawned":[1,5,6,16,27],"killed_by":"Snecko","ascension_level":17}}