{"host":"9n6i2vl93jt4o42q","time":1609598142,"event":{"mods":["BaseMod","Downfall","Minty Spire (QoL Compilation)","Relic Stats","StSLib"],"gold_per_floor":[99,118,177,187,199,199,275,275,309,484,504,524,524,544,554,554,554,554],"floor_reached":16,"playtime":1585,"items_purged":[],"score":129,"play_id":"dca670e3-198b-4b73-87a6-413be3dd87d4","local_time":"20210102153542","is_ascension_mode":false,"campfire_choices":[{"data":"Guardian:TwinSlam","floor":1,"key":"SMITH"},{"floor":6,"key":"REST"}],"circlet_count":0,"master_deck":["Guardian:Strike_Guardian","Guardian:Strike_Guardian","Guardian:Strike_Guardian","Guardian:Strike_Guardian","Guardian:Defend_Guardian","Guardian:Defend_Guardian","Guardian:Defend_Guardian","Guardian:Defend_Guardian","Guardian:CurlUp","Guardian:TwinSlam+1","Guardian:Gem_Red","Guardian:Emergency","Guardian:RefractedBeam","Guardian:Preprogram","Guardian:MultiBeam","Doubt","Guardian:TimeSifter","Guardian:Clone","Guardian:DonusPower+1","Guardian:Gem_Cyan"],"relics":["Guardian:ModeShifter","Pantograph","Pear","downfall:ShatteredFragment","Tiny Chest","Toxic Egg 2"],"acts_visited":["Exordium"],"potions_floor_usage":[14,14,14,15],"damage_taken":[{"damage":0,"enemies":"2 Louse","floor":2,"turns":3},{"damage":38,"enemies":"Lagavulin Event","floor":3,"turns":9},{"damage":3,"enemies":"Jaw Worm","floor":4,"turns":4},{"damage":1,"enemies":"Cultist","floor":5,"turns":3},{"damage":25,"enemies":"3 Sentries","floor":9,"turns":7},{"damage":5,"enemies":"Large Slime","floor":11,"turns":6},{"damage":23,"enemies":"Exordium Thugs","floor":12,"turns":4},{"damage":3,"enemies":"Red Slaver","floor":14,"turns":4},{"damage":0,"enemies":"3 Louse","floor":15,"turns":3},{"damage":33,"enemies":"downfall:Defect","floor":16,"turns":4}],"seed_played":"7940757657798967290","potions_obtained":[{"floor":2,"key":"SteroidPotion"},{"floor":5,"key":"GamblersBrew"},{"floor":11,"key":"EssenceOfSteel"},{"floor":14,"key":"BlessingOfTheForge"}],"is_trial":false,"path_per_floor":["R","M","?","M","M","R","T","?","E","?","M","M","T","M","M","B"],"character_chosen":"GUARDIAN","items_purchased":[],"campfire_rested":1,"item_purchase_floors":[],"current_hp_per_floor":[88,88,50,47,46,72,82,58,33,33,28,5,5,2,2,0,0,0],"gold":554,"neow_bonus":"TEN_PERCENT_HP_BONUS","is_daily":false,"chose_seed":false,"campfire_upgraded":1,"win_rate":0.0,"timestamp":1609598142,"path_taken":["R","M","?","M","M","R","T","?","E","?","M","M","?","M","M","BOSS"],"items_purchased_type":[],"build_version":"2020-12-22","purchased_purges":0,"victory":false,"max_hp_per_floor":[88,88,88,88,88,88,98,98,98,98,98,98,98,98,98,98,98,98],"relic_stats":{"counters":[10,47],"Pantograph":25,"Tiny Chest":0,"obtain_stats":[{"Pear":7,"downfall:ShatteredFragment":8,"Pantograph":3,"Guardian:ModeShifter":0,"Tiny Chest":9,"Toxic Egg 2":13},{"Pear":4,"downfall:ShatteredFragment":4,"Pantograph":2,"Guardian:ModeShifter":0,"Tiny Chest":5,"Toxic Egg 2":7},{"Pear":19,"downfall:ShatteredFragment":19,"Pantograph":12,"Guardian:ModeShifter":0,"Tiny Chest":26,"Toxic Egg 2":36}]},"card_choices":[{"not_picked":["Guardian:TimeBomb","Guardian:Gem_Crimson"],"picked":"Guardian:Gem_Red","floor":2},{"not_picked":["Guardian:TimeBomb","Guardian:Reroute"],"picked":"Guardian:Emergency","floor":3},{"not_picked":["Guardian:ShieldSpikes","Guardian:ShieldCharger"],"picked":"Guardian:RefractedBeam","floor":4},{"not_picked":["Guardian:CrystalBeam","Guardian:PiercingHide"],"picked":"Guardian:Preprogram","floor":5},{"not_picked":["Guardian:PiercingHide","Guardian:Gem_Blue"],"picked":"Guardian:MultiBeam","floor":9},{"not_picked":["Guardian:CrystalBeam","Guardian:PiercingHide"],"picked":"Guardian:TimeSifter","floor":11},{"not_picked":["Guardian:Gem_Blue","Guardian:FloatingOrbs"],"picked":"Guardian:Clone","floor":12},{"not_picked":["Guardian:FloatingOrbs","Guardian:EvasiveProtocol"],"picked":"Guardian:DonusPower+1","floor":14},{"not_picked":["Guardian:Incinerate","Guardian:PrismaticBeam"],"picked":"Guardian:Gem_Cyan","floor":15}],"player_experience":2050812,"relics_obtained":[{"floor":3,"key":"Pantograph"},{"floor":7,"key":"Pear"},{"floor":9,"key":"Tiny Chest"},{"floor":13,"key":"Toxic Egg 2"}],"event_choices":[],"is_beta":false,"boss_relics":[],"items_purged_floors":[],"is_endless":false,"potions_floor_spawned":[2,5,11,12,14],"killed_by":"downfall:Defect","ascension_level":0}}