{"host":"a4s27ghlnr83kbqz","time":1609579593,"event":{"mods":["AchievementEnabler","BaseMod","Colored Map","Minty Spire (QoL Compilation)","Permanent Neow","SuperFastMode"],"gold_per_floor":[13,30,30,44,61,61,78,92,142,161,111,130,130,158,158,231,231,242,242,273,228,228,228,228,228],"floor_reached":24,"playtime":689,"items_purged":["Strike_B"],"score":370,"play_id":"b1624309-a5e0-45d2-92f5-45f48d83fceb","local_time":"20210102172633","is_ascension_mode":true,"campfire_choices":[{"data":"Apotheosis","floor":6.0,"key":"SMITH"},{"floor":13.0,"key":"REST"},{"data":"Coolheaded","floor":15.0,"key":"SMITH"},{"floor":23,"key":"REST"}],"circlet_count":0,"master_deck":["AscendersBane","Strike_B","Strike_B+1","Strike_B+1","Defend_B","Defend_B","Defend_B","Defend_B","Zap","Dualcast","Apotheosis+1","Ball Lightning","Static Discharge","Loop","Coolheaded+1","Turbo","Capacitor","Defragment","Self Repair","Undo","Echo Form","Coolheaded"],"relics":["Cracked Core","Matryoshka","Smiling Mask","Potion Belt","Whetstone","Nuclear Battery","Red Mask","NlothsMask"],"acts_visited":["Exordium","TheCity"],"potions_floor_usage":[20],"damage_taken":[{"damage":0.0,"enemies":"Cultist","floor":1.0,"turns":3.0},{"damage":6.0,"enemies":"Small Slimes","floor":2.0,"turns":2.0},{"damage":1.0,"enemies":"2 Louse","floor":4.0,"turns":2.0},{"damage":0.0,"enemies":"Large Slime","floor":5.0,"turns":5.0},{"damage":4.0,"enemies":"Exordium Thugs","floor":7.0,"turns":4.0},{"damage":12.0,"enemies":"3 Louse","floor":8.0,"turns":3.0},{"damage":21.0,"enemies":"Exordium Wildlife","floor":10.0,"turns":6.0},{"damage":4.0,"enemies":"Looter","floor":12.0,"turns":3.0},{"damage":60.0,"enemies":"Gremlin Nob","floor":14.0,"turns":5.0},{"damage":4.0,"enemies":"Hexaghost","floor":16.0,"turns":10.0},{"damage":22.0,"enemies":"Spheric Guardian","floor":18.0,"turns":4.0},{"damage":44,"enemies":"Masked Bandits","floor":20,"turns":5},{"damage":17,"enemies":"2 Thieves","floor":21,"turns":5},{"damage":41,"enemies":"Shelled Parasite and Fungi","floor":24,"turns":4}],"seed_played":"7553579878871035295","potions_obtained":[{"floor":1.0,"key":"FairyPotion"},{"floor":4.0,"key":"AttackPotion"},{"floor":10.0,"key":"PowerPotion"},{"floor":12.0,"key":"SkillPotion"},{"floor":18.0,"key":"Explosive Potion"}],"is_trial":false,"path_per_floor":["M","M","T","M","M","R","M","M","T","M","$","M","R","E","R","B",null,"M","?","?","M","?","R","M"],"character_chosen":"DEFECT","items_purchased":[],"campfire_rested":2,"item_purchase_floors":[],"current_hp_per_floor":[64,58,58,57,57,57,53,41,41,20,20,16,37,28,28,34,62,47,47,23,20,20,41,0,0],"gold":228,"neow_bonus":"RANDOM_COLORLESS_2","is_daily":false,"chose_seed":false,"campfire_upgraded":2,"win_rate":0.0,"timestamp":1609579593,"path_taken":["M","M","?","?","M","R","M","M","T","M","$","?","R","E","R","BOSS","M","?","?","M","?","R","M"],"items_purchased_type":[],"build_version":"2020-12-22","purchased_purges":1,"victory":false,"max_hp_per_floor":[71,71,71,71,71,71,71,71,71,71,71,71,71,71,71,71,71,71,71,71,71,71,71,71,71],"card_choices":[{"not_picked":["Secret Technique","Chrysalis"],"picked":"Apotheosis","floor":0.0},{"not_picked":["Turbo","Conserve Battery"],"picked":"Ball Lightning","floor":1.0},{"not_picked":["Go for the Eyes","Cold Snap"],"picked":"Static Discharge","floor":2.0},{"not_picked":["Go for the Eyes","Rebound"],"picked":"Loop","floor":4.0},{"not_picked":["Go for the Eyes","Redo"],"picked":"Coolheaded","floor":5.0},{"not_picked":["Stack","Gash"],"picked":"Turbo","floor":7.0},{"not_picked":["Stack","Redo"],"picked":"Capacitor","floor":8.0},{"not_picked":["Conserve Battery","Double Energy"],"picked":"Defragment","floor":10.0},{"not_picked":["Gash","Ball Lightning"],"picked":"Self Repair","floor":12.0},{"not_picked":["Blizzard","Amplify"],"picked":"Undo","floor":14.0},{"not_picked":["Machine Learning","Meteor Strike"],"picked":"Echo Form","floor":16.0},{"not_picked":["Loop","Ball Lightning"],"picked":"Coolheaded","floor":18.0},{"not_picked":["Barrage+1","Redo","Steam"],"picked":"SKIP","floor":21}],"player_experience":1075456,"relics_obtained":[{"floor":3.0,"key":"Matryoshka"},{"floor":9.0,"key":"Smiling Mask"},{"floor":9.0,"key":"Potion Belt"},{"floor":14.0,"key":"Whetstone"},{"floor":20,"key":"Red Mask"}],"event_choices":[{"damage_healed":0.0,"max_hp_gain":0.0,"max_hp_loss":0.0,"gold_gain":0.0,"event_name":"The Mausoleum","player_choice":"Ignored","floor":19.0,"gold_loss":0.0,"damage_taken":0.0},{"damage_healed":0,"gold_gain":0,"player_choice":"Fought Bandits","damage_taken":0,"max_hp_gain":0,"max_hp_loss":0,"event_name":"Masked Bandits","floor":20,"gold_loss":0},{"damage_healed":0,"gold_gain":0,"player_choice":"Trade","damage_taken":0,"relics_obtained":["NlothsMask"],"max_hp_gain":0,"max_hp_loss":0,"event_name":"FaceTrader","floor":22,"gold_loss":0}],"is_beta":false,"boss_relics":[{"not_picked":["Astrolabe","Tiny House"],"picked":"Nuclear Battery"}],"items_purged_floors":[11],"is_endless":false,"potions_floor_spawned":[1,4,10,12,18],"killed_by":"Shelled Parasite and Fungi","ascension_level":17}}