{"host":"5jyeqch4fosnsiz2","time":1609627541,"event":{"mods":["BaseMod","Bestiary","Colored Map","Colored Powertips","Filter the Spire","Minty Spire (QoL Compilation)","Relic Stats","StSLib","Waifu the Spire","ojb\u0027s Better Paths Mod","ojb\u0027s Info Mod"],"gold_per_floor":[117,136,136,136,161,161,179,213,282,325,344,54,123,48,48,169,169,184,184,211,211,211,211,246,246,246,246,606,606,97,196,196,196,196],"floor_reached":33,"playtime":1061,"items_purged":["Strike_R","Strike_R"],"score":292,"play_id":"66b63f39-9377-4b31-b55d-c9d616be2cd8","local_time":"20210102174541","is_ascension_mode":false,"campfire_choices":[{"data":"Power Through","floor":6,"key":"SMITH"},{"data":"JustLucky","floor":15,"key":"SMITH"},{"data":"Writhe","floor":23,"key":"PURGE"},{"data":"Self Repair","floor":25,"key":"SMITH"},{"data":"SpiritShield","floor":29,"key":"SMITH"},{"data":"Rampage","floor":32,"key":"SMITH"}],"circlet_count":0,"master_deck":["Strike_R","Strike_R","Strike_R","Defend_R","Defend_R","Defend_R","Defend_R","Bash","Power Through+1","Wild Strike","Twin Strike","Evolve","Twin Strike","Wild Strike","JustLucky+1","SpiritShield+1","Bash","Pummel","Self Repair+1","CrushJoints+1","Rampage+1","Wild Strike","Power Through"],"relics":["Burning Blood","Torii","Bloody Idol","Pen Nib","StrikeDummy","White Beast Statue","PrismaticShard","Juzu Bracelet","Peace Pipe","Snecko Eye","Nunchaku","Smiling Mask","InkBottle","MealTicket","Gremlin Horn","Orrery","Self Forming Clay"],"acts_visited":["Exordium","TheCity"],"potions_floor_usage":[5,8,18,24,24,24],"damage_taken":[{"damage":3,"enemies":"Cultist","floor":1,"turns":5},{"damage":0,"enemies":"Jaw Worm","floor":2,"turns":4},{"damage":1,"enemies":"Small Slimes","floor":5,"turns":4},{"damage":11,"enemies":"Exordium Wildlife","floor":7,"turns":5},{"damage":38,"enemies":"3 Sentries","floor":8,"turns":8},{"damage":0,"enemies":"Lagavulin","floor":10,"turns":5},{"damage":0,"enemies":"Looter","floor":11,"turns":2},{"damage":14,"enemies":"Gremlin Nob","floor":13,"turns":3},{"damage":14,"enemies":"Hexaghost","floor":16,"turns":8},{"damage":1,"enemies":"Shell Parasite","floor":18,"turns":5},{"damage":46,"enemies":"Slavers","floor":24,"turns":6},{"damage":49,"enemies":"Collector","floor":33,"turns":5}],"seed_played":"4315961707134149518","potions_obtained":[{"floor":5,"key":"EntropicBrew"},{"floor":7,"key":"BloodPotion"},{"floor":8,"key":"ElixirPotion"},{"floor":11,"key":"GamblersBrew"},{"floor":18,"key":"Strength Potion"},{"floor":24,"key":"SkillPotion"}],"is_trial":false,"path_per_floor":["M","M","T","?","M","R","M","E","T","E","M","$","?","$","R","B",null,"M","?","T","?","?","R","E","R","T","?","?","R","$","?","R","B"],"character_chosen":"IRONCLAD","items_purchased":["PrismaticShard","Juzu Bracelet","Orrery","Self Forming Clay","Power Through"],"campfire_rested":0,"item_purchase_floors":[12,12,30,30,30],"current_hp_per_floor":[59,65,65,65,70,70,65,47,47,53,59,59,51,51,51,43,74,74,74,74,74,74,74,39,39,39,39,23,23,38,43,43,0,0],"gold":196,"neow_bonus":"ONE_RARE_RELIC","is_daily":false,"chose_seed":false,"campfire_upgraded":5,"win_rate":0.0,"timestamp":1609627541,"path_taken":["M","M","?","?","M","R","M","E","T","E","M","$","?","?","R","BOSS","M","?","?","?","?","R","E","R","T","?","?","R","?","?","R","BOSS"],"items_purchased_type":["Relic","Relic","Relic","Relic","Card"],"build_version":"2020-12-22","purchased_purges":2,"victory":false,"max_hp_per_floor":[80,80,80,74,74,74,74,74,74,74,74,74,74,74,74,74,74,74,74,74,74,74,74,74,74,74,74,74,74,74,74,74,74,74],"relic_stats":{"Torii":44,"Gremlin Horn":[2,2],"counters":[12,60],"Self Forming Clay":[6],"Pen Nib":[7],"Juzu Bracelet":2,"Smiling Mask":50,"Burning Blood":61,"Peace Pipe":1,"Nunchaku":[2],"Bloody Idol":30,"Snecko Eye":[33,23,27,35],"MealTicket":15,"obtain_stats":[{"Torii":0,"Gremlin Horn":27,"Golden Idol":4,"Self Forming Clay":30,"Pen Nib":8,"Juzu Bracelet":12,"PrismaticShard":12,"Smiling Mask":20,"Burning Blood":0,"White Beast Statue":10,"Peace Pipe":13,"Nunchaku":19,"Bloody Idol":22,"Snecko Eye":17,"Orrery":30,"MealTicket":26,"StrikeDummy":9,"InkBottle":24},{"Torii":0,"Gremlin Horn":11,"Golden Idol":2,"Self Forming Clay":11,"Pen Nib":5,"Juzu Bracelet":7,"PrismaticShard":7,"Smiling Mask":10,"Burning Blood":0,"White Beast Statue":6,"Peace Pipe":8,"Nunchaku":10,"Bloody Idol":10,"Snecko Eye":9,"Orrery":11,"MealTicket":11,"StrikeDummy":5,"InkBottle":11},{"Torii":0,"Gremlin Horn":55,"Golden Idol":9,"Self Forming Clay":55,"Pen Nib":26,"Juzu Bracelet":33,"PrismaticShard":33,"Smiling Mask":49,"Burning Blood":0,"White Beast Statue":31,"Peace Pipe":36,"Nunchaku":49,"Bloody Idol":49,"Snecko Eye":44,"Orrery":55,"MealTicket":55,"StrikeDummy":26,"InkBottle":55}],"InkBottle":[2]},"card_choices":[{"not_picked":["Pommel Strike","Body Slam"],"picked":"Power Through","floor":1},{"not_picked":["Havoc","Anger","Battle Trance"],"picked":"SKIP","floor":2},{"not_picked":["Thunderclap","Reckless Charge"],"picked":"Wild Strike","floor":5},{"not_picked":["Thunderclap","Shockwave"],"picked":"Twin Strike","floor":7},{"not_picked":["Bloodletting","Sever Soul"],"picked":"Evolve","floor":8},{"not_picked":["Headbutt","Intimidate"],"picked":"Twin Strike","floor":10},{"not_picked":["Entrench","Heavy Blade"],"picked":"Wild Strike","floor":11},{"not_picked":["Iron Wave","Sweeping Beam"],"picked":"JustLucky","floor":13},{"not_picked":["Meteor Strike","Bullet Time"],"picked":"SpiritShield","floor":16},{"not_picked":["Escape Plan","Loop","Concentrate"],"picked":"SKIP","floor":18},{"not_picked":["ClearTheMind","Combust"],"picked":"Self Repair","floor":24},{"not_picked":["Protect","Conserve Battery"],"picked":"CrushJoints+1","floor":30},{"not_picked":["Sword Boomerang+1","Crescendo"],"picked":"Rampage","floor":30},{"not_picked":["FTL","Skim+1"],"picked":"Wild Strike","floor":30}],"player_experience":286482,"relics_obtained":[{"floor":8,"key":"Pen Nib"},{"floor":9,"key":"StrikeDummy"},{"floor":10,"key":"White Beast Statue"},{"floor":13,"key":"Peace Pipe"},{"floor":20,"key":"Smiling Mask"},{"floor":24,"key":"InkBottle"},{"floor":26,"key":"MealTicket"}],"event_choices":[{"damage_healed":0,"gold_gain":0,"player_choice":"Lose Max HP","damage_taken":0,"relics_obtained":["Golden Idol"],"max_hp_gain":0,"max_hp_loss":6,"event_name":"Golden Idol","floor":4,"gold_loss":0},{"damage_healed":0,"gold_gain":0,"player_choice":"Searched \u00271\u0027 times","damage_taken":0,"max_hp_gain":0,"max_hp_loss":0,"event_name":"Dead Adventurer","floor":13,"gold_loss":0},{"damage_healed":0,"gold_gain":0,"player_choice":"Opened","damage_taken":0,"relics_obtained":["Nunchaku"],"max_hp_gain":0,"max_hp_loss":0,"event_name":"The Mausoleum","floor":19,"gold_loss":0,"cards_obtained":["Writhe"]},{"damage_healed":0,"gold_gain":0,"player_choice":"2 cards matched","damage_taken":0,"max_hp_gain":0,"max_hp_loss":0,"event_name":"Match and Keep!","floor":21,"gold_loss":0,"cards_obtained":["Bash","Pummel"]},{"damage_healed":0,"gold_gain":0,"player_choice":"Gave Idol","damage_taken":0,"relics_obtained":["Bloody Idol"],"max_hp_gain":0,"max_hp_loss":0,"event_name":"Forgotten Altar","floor":22,"relics_lost":["Golden Idol"],"gold_loss":0},{"damage_healed":0,"gold_gain":0,"player_choice":"Gave Potion","damage_taken":0,"relics_obtained":["Gremlin Horn"],"max_hp_gain":0,"max_hp_loss":0,"event_name":"WeMeetAgain","floor":27,"gold_loss":0},{"damage_healed":0,"gold_gain":360,"player_choice":"GOLD GOLD GOLD GOLD ","damage_taken":36,"max_hp_gain":0,"max_hp_loss":0,"event_name":"Knowing Skull","floor":28,"potions_obtained":[],"gold_loss":0,"cards_obtained":[]},{"damage_healed":0,"gold_gain":99,"player_choice":"Stole From Cult","damage_taken":0,"max_hp_gain":0,"max_hp_loss":0,"event_name":"Nest","floor":31,"gold_loss":0}],"is_beta":false,"boss_relics":[{"not_picked":["Mark of Pain","Astrolabe"],"picked":"Snecko Eye"}],"items_purged_floors":[14,30],"is_endless":false,"potions_floor_spawned":[5,7,8,11,13,16,18,24],"killed_by":"Collector","ascension_level":0}}