{"host":"o0dmg4s55kjpvzta","time":1609620918,"event":{"mods":["AchievementEnabler","BaseMod","Colored Powertips","Minty Spire (QoL Compilation)","Shop Mod"],"gold_per_floor":[113,113,123,135,152,152,183,199,199,226,246,246,258,14247,14247,14351,14351,14364,13392,13392,13408,13408,13426,13453,12686,12686,12686,12686,12697,12709,12738,12738,12833,12833,12846,12846,12846,0,10,10,27,14206,14278,14328,13360,13360,13360,13377,13377,13377,13377,13377,12458,12490,12490],"floor_reached":56,"playtime":4584,"items_purged":["Strike_P","MasterReality","Secret Technique","Bite","Halt","Deep Breath"],"score":1447,"play_id":"90ccbfa6-bb5b-46a7-8d7d-6dc1c6da1743","local_time":"20210102205518","is_ascension_mode":false,"campfire_choices":[{"floor":6.0,"key":"RECALL"},{"data":"Conclude","floor":12,"key":"SMITH"},{"data":"Vigilance","floor":15,"key":"SMITH"},{"floor":32,"key":"REST"},{"data":"Consecrate","floor":40,"key":"SMITH"},{"floor":46,"key":"DIG"},{"floor":49,"key":"DIG"},{"floor":52,"key":"DIG"}],"circlet_count":0,"master_deck":["Vigilance+1","ThirdEye","Consecrate+1","FlurryOfBlows","CutThroughFate","Conclude+1","Swivel","FlurryOfBlows","FollowUp","Nirvana","Chrysalis","Sanctity+1","DeusExMachina","MasterReality","ConjureBlade","SignatureMove","Study","Pray","WheelKick","Consecrate","Nirvana","Vault","RitualDagger","EmptyFist","Judgement","Panache","Bite","Bite","Bite","Bite","Pray","Consecrate","Madness","Madness","The Bomb","LessonLearned","Metamorphosis","Magnetism"],"relics":["PureWater","NeowsBlessing","Matryoshka","Lantern","Whetstone","Strange Spoon","MerchantsRug","Pandora\u0027s Box","Tiny Chest","Torii","DollysMirror","Bottled Lightning","Bag of Preparation","Pen Nib","TheAbacus","MealTicket","Pear","Singing Bowl","InkBottle","Regal Pillow","Black Star","Darkstone Periapt","Red Mask","Mummified Hand","Bottled Flame","White Beast Statue","Shovel","Damaru","Omamori","HandDrill","Bottled Tornado","HornCleat","Eternal Feather","Oddly Smooth Stone","Blue Candle","Toolbox","Bronze Scales","Turnip"],"acts_visited":["Exordium","TheCity","TheBeyond","TheEnding"],"potions_floor_usage":[7,10,13],"damage_taken":[{"damage":0.0,"enemies":"Jaw Worm","floor":1.0,"turns":1.0},{"damage":0.0,"enemies":"Cultist","floor":3.0,"turns":1.0},{"damage":0.0,"enemies":"2 Louse","floor":4.0,"turns":2.0},{"damage":21.0,"enemies":"Blue Slaver","floor":5.0,"turns":3.0},{"damage":157,"enemies":"Lagavulin","floor":7,"turns":20},{"damage":9,"enemies":"3 Louse","floor":8,"turns":5},{"damage":0,"enemies":"Gremlin Nob","floor":10,"turns":2},{"damage":1,"enemies":"2 Fungi Beasts","floor":11,"turns":3},{"damage":0,"enemies":"Large Slime","floor":13,"turns":4},{"damage":40,"enemies":"Slime Boss","floor":16,"turns":8},{"damage":28,"enemies":"Shell Parasite","floor":18,"turns":4},{"damage":11,"enemies":"2 Thieves","floor":21,"turns":5},{"damage":8,"enemies":"Snecko","floor":23,"turns":5},{"damage":31,"enemies":"Book of Stabbing","floor":24,"turns":4},{"damage":0,"enemies":"Snake Plant","floor":29,"turns":3},{"damage":0,"enemies":"Cultist and Chosen","floor":30,"turns":3},{"damage":40,"enemies":"Slavers","floor":31,"turns":6},{"damage":0,"enemies":"Collector","floor":33,"turns":6},{"damage":1,"enemies":"Orb Walker","floor":35,"turns":3},{"damage":15,"enemies":"3 Shapes","floor":39,"turns":3},{"damage":9,"enemies":"3 Darklings","floor":41,"turns":3},{"damage":48,"enemies":"Mind Bloom Boss Battle","floor":44,"turns":4},{"damage":0,"enemies":"Transient","floor":48,"turns":6},{"damage":47,"enemies":"Donu and Deca","floor":50,"turns":5},{"damage":18,"enemies":"Shield and Spear","floor":54,"turns":4},{"damage":77,"enemies":"The Heart","floor":55,"turns":6}],"seed_played":"-1688981336115326910","potions_obtained":[{"floor":3.0,"key":"SpeedPotion"},{"floor":4.0,"key":"DuplicationPotion"},{"floor":7,"key":"DuplicationPotion"},{"floor":11,"key":"SneckoOil"},{"floor":21,"key":"Strength Potion"},{"floor":23,"key":"CultistPotion"},{"floor":31,"key":"DistilledChaos"}],"is_trial":false,"path_per_floor":["M","?","M","M","M","R","E","M","T","E","M","R","M","$","R","B",null,"M","$","?","M","?","M","E","$","T","T","?","M","M","E","R","B",null,"M","?","T","?","M","R","M","$","T","?","$","R","?","M","R","B",null,"R","$","E","B",null],"character_chosen":"WATCHER","items_purchased":["Lantern","Whetstone","Strange Spoon","Nirvana","Chrysalis","Sanctity","MerchantsRug","Tiny Chest","Torii","DollysMirror","Sadistic Nature","Deep Breath","Bag of Preparation","Pen Nib","TheAbacus","Panache","Mummified Hand","Bottled Flame","The Bomb","Damaru","Omamori","HandDrill","LessonLearned","Metamorphosis","Oddly Smooth Stone","Blue Candle","Toolbox","Magnetism"],"campfire_rested":1,"item_purchase_floors":[14,14,14,14,14,14,14,19,19,19,19,19,25,25,25,25,42,42,42,45,45,45,45,45,53,53,53,53],"current_hp_per_floor":[72,72,72,72,51,51,34,27,27,29,30,30,32,32,32,44,72,44,44,44,35,29,23,53,53,63,63,63,69,73,43,83,86,86,87,76,76,76,69,69,70,85,85,43,58,58,58,66,66,29,96,96,96,80,68],"gold":12490,"neow_bonus":"THREE_ENEMY_KILL","is_daily":false,"chose_seed":false,"campfire_upgraded":3,"win_rate":0.0,"timestamp":1609620918,"path_taken":["M","?","M","M","M","R","E","M","T","E","?","R","M","?","R","BOSS","M","$","?","M","?","M","E","?","T","?","?","?","M","E","R","BOSS","M","?","?","?","M","R","M","$","T","?","$","R","?","M","R","BOSS","R","$","E","BOSS"],"items_purchased_type":["Relic","Relic","Relic","Card","Card","Card","Relic","Relic","Relic","Relic","Card","Card","Relic","Relic","Relic","Card","Relic","Relic","Card","Relic","Relic","Relic","Card","Card","Relic","Relic","Relic","Card"],"build_version":"2020-12-22","purchased_purges":6,"victory":true,"max_hp_per_floor":[72,72,72,72,72,72,72,72,72,72,72,72,72,72,72,72,72,72,72,72,72,72,72,72,72,82,82,82,82,82,84,84,86,86,88,88,88,88,90,90,92,92,92,94,94,94,94,96,96,96,96,96,96,98,98],"card_choices":[{"not_picked":["CarveReality","Evaluate"],"picked":"Halt","floor":1.0},{"not_picked":["PathToVictory","ClearTheMind"],"picked":"ThirdEye","floor":3.0},{"not_picked":["CrushJoints","FlyingSleeves"],"picked":"Consecrate","floor":4.0},{"not_picked":["Tantrum","Sanctity"],"picked":"FlurryOfBlows","floor":5.0},{"not_picked":["ThirdEye","Omniscience"],"picked":"CutThroughFate","floor":7},{"not_picked":["CutThroughFate","Crescendo"],"picked":"Conclude","floor":8},{"not_picked":["Omniscience","ThirdEye"],"picked":"Swivel","floor":10},{"not_picked":["CrushJoints","FlyingSleeves"],"picked":"FlurryOfBlows","floor":11},{"not_picked":["Consecrate","ThirdEye"],"picked":"FollowUp","floor":13},{"not_picked":["Scrawl","MasterReality"],"picked":"DeusExMachina","floor":16},{"not_picked":["Fasting2","Indignation+1"],"picked":"Consecrate","floor":18},{"not_picked":["Wallop","Halt","Crescendo"],"picked":"SKIP","floor":21},{"not_picked":["ClearTheMind","Crescendo"],"picked":"EmptyFist","floor":23},{"not_picked":["BowlingBash","Conclude"],"picked":"Judgement","floor":24},{"not_picked":["Evaluate","EmptyBody"],"picked":"Pray","floor":29},{"not_picked":["Halt","EmptyBody+1"],"picked":"Consecrate","floor":30},{"not_picked":["Vengeance+1","Tantrum","ClearTheMind"],"picked":"Singing Bowl","floor":31},{"not_picked":["Scrawl","Vault","ConjureBlade"],"picked":"Singing Bowl","floor":33},{"not_picked":["Weave","CutThroughFate","Evaluate"],"picked":"Singing Bowl","floor":35},{"not_picked":["EmptyMind+1","EmptyFist","EmptyBody"],"picked":"Singing Bowl","floor":39},{"not_picked":["Halt+1","CutThroughFate","BowlingBash+1"],"picked":"Singing Bowl","floor":41},{"not_picked":["ClearTheMind+1","BowlingBash","JustLucky"],"picked":"Singing Bowl","floor":44},{"not_picked":["FollowUp","LikeWater+1","EmptyFist"],"picked":"Singing Bowl","floor":48},{"not_picked":["Worship+1","Omniscience","Vengeance+1"],"picked":"Singing Bowl","floor":54}],"player_experience":86226,"relics_obtained":[{"floor":7,"key":"Blood Vial"},{"floor":10,"key":"Matryoshka"},{"floor":24,"key":"Bottled Lightning"},{"floor":26,"key":"MealTicket"},{"floor":26,"key":"Pear"},{"floor":27,"key":"Singing Bowl"},{"floor":27,"key":"InkBottle"},{"floor":31,"key":"Regal Pillow"},{"floor":37,"key":"Darkstone Periapt"},{"floor":43,"key":"White Beast Statue"},{"floor":44,"key":"Shovel"},{"floor":46,"key":"Bottled Tornado"},{"floor":49,"key":"HornCleat"},{"floor":52,"key":"Eternal Feather"},{"floor":54,"key":"Bronze Scales"},{"floor":54,"key":"Turnip"}],"event_choices":[{"damage_healed":0.0,"max_hp_gain":0.0,"max_hp_loss":0.0,"gold_gain":0.0,"event_name":"Wheel of Change","player_choice":"Cursed","floor":2.0,"gold_loss":0.0,"damage_taken":0.0,"cards_obtained":["Decay"]},{"damage_healed":0,"gold_gain":0,"cards_transformed":["Eruption","Sadistic Nature"],"player_choice":"Became Test Subject","damage_taken":0,"max_hp_gain":0,"max_hp_loss":0,"event_name":"Drug Dealer","floor":20,"gold_loss":0,"cards_obtained":["Vault","Secret Technique"]},{"damage_healed":0,"gold_gain":0,"player_choice":"Joined the Cult","damage_taken":6,"max_hp_gain":0,"max_hp_loss":0,"event_name":"Nest","floor":22,"gold_loss":0,"cards_obtained":["RitualDagger"]},{"damage_healed":0,"gold_gain":0,"player_choice":"Became a vampire (Vial)","damage_taken":0,"max_hp_gain":0,"max_hp_loss":0,"event_name":"Vampires","floor":28,"relics_lost":["Blood Vial"],"gold_loss":0,"cards_obtained":["Bite","Bite","Bite","Bite","Bite"]},{"damage_healed":0,"gold_gain":0,"player_choice":"Embrace Madness","damage_taken":11,"max_hp_gain":0,"max_hp_loss":0,"event_name":"Winding Halls","floor":36,"gold_loss":0,"cards_obtained":["Madness","Madness"]},{"damage_healed":0,"gold_gain":0,"player_choice":"Paid","damage_taken":0,"relics_obtained":["Red Mask"],"max_hp_gain":0,"max_hp_loss":0,"event_name":"Tomb of Lord Red Mask","floor":38,"gold_loss":12846},{"damage_healed":0,"gold_gain":0,"player_choice":"Fight","damage_taken":0,"max_hp_gain":0,"max_hp_loss":0,"event_name":"MindBloom","floor":44,"gold_loss":0},{"damage_healed":0,"gold_gain":0,"player_choice":"Got Potions","damage_taken":0,"max_hp_gain":0,"max_hp_loss":0,"event_name":"Lab","floor":47,"gold_loss":0}],"is_beta":false,"boss_relics":[{"not_picked":["SlaversCollar","Velvet Choker"],"picked":"Pandora\u0027s Box"},{"not_picked":["Calling Bell","SacredBark"],"picked":"Black Star"}],"items_purged_floors":[14,19,25,42,45,53],"is_endless":false,"potions_floor_spawned":[3,4,7,11,21,23,30,31,35,41,44,48,54],"ascension_level":0}}