{"host":"natui9yr7uuq78xo","time":1609627902,"event":{"mods":["BaseMod","Better Third Choice","BetterRewards","Koishi","Minty Spire (QoL Compilation)","StSLib"],"gold_per_floor":[112,130,130,155,180,180,180,111,111,147,147,161,176,191,191,310,310,334,334,359,373,394,394,394,394],"floor_reached":24,"playtime":1308,"items_purged":[],"score":202,"play_id":"43578a2c-b4b0-4ad7-99f1-83b8d2e98975","local_time":"20210102125142","is_ascension_mode":false,"campfire_choices":[{"data":"Koishi:MassHysteria","floor":6,"key":"SMITH"},{"data":"Koishi:ParalyzingFear","floor":15,"key":"SMITH"},{"data":"Koishi:GeneticsOfTheUnconscious","floor":23,"key":"SMITH"}],"circlet_count":0,"master_deck":["Koishi:BasicStrike","Koishi:BasicStrike","Koishi:BasicStrike","Koishi:BasicStrike","Koishi:BasicDefend","Koishi:BasicDefend","Koishi:BasicDefend","Koishi:BasicDefend","Koishi:Provoke","Koishi:HauntingSlash","Koishi:MassHysteria+1","Koishi:SubterraneanRose","Koishi:Prune","Koishi:HeartfeltFancy","Koishi:UnconsciousUrges","Koishi:PredatoryInstincts","Koishi:BloodcurdlingScream","Koishi:ParalyzingFear+1","Koishi:SilentAndRestless","Koishi:PhantomBarrier","Koishi:PhantomStrike+1","Koishi:GeneticsOfTheUnconscious+1","Koishi:EmbryosDream"],"relics":["Koishi:ImaginaryFriend","NeowsBlessing","Golden Idol","Regal Pillow","Mercury Hourglass","Philosopher\u0027s Stone","Ornamental Fan"],"acts_visited":["Exordium","TheCity"],"potions_floor_usage":[22,22,24],"damage_taken":[{"damage":0,"enemies":"Small Slimes","floor":1,"turns":1},{"damage":0,"enemies":"2 Louse","floor":2,"turns":1},{"damage":0,"enemies":"Jaw Worm","floor":4,"turns":1},{"damage":3,"enemies":"Lots of Slimes","floor":5,"turns":2},{"damage":5,"enemies":"3 Sentries","floor":10,"turns":6},{"damage":2,"enemies":"Red Slaver","floor":12,"turns":4},{"damage":0,"enemies":"Looter","floor":13,"turns":3},{"damage":0,"enemies":"Gremlin Gang","floor":14,"turns":2},{"damage":48,"enemies":"Hexaghost","floor":16,"turns":14},{"damage":9,"enemies":"Shell Parasite","floor":18,"turns":4},{"damage":13,"enemies":"2 Thieves","floor":20,"turns":3},{"damage":15,"enemies":"3 Cultists","floor":21,"turns":5},{"damage":9,"enemies":"Snake Plant","floor":22,"turns":4},{"damage":43,"enemies":"Gremlin Leader","floor":24,"turns":6}],"seed_played":"-3932133489855592272","potions_obtained":[{"floor":1,"key":"Energy Potion"},{"floor":4,"key":"Dexterity Potion"},{"floor":16,"key":"SkillPotion"},{"floor":20,"key":"Weak Potion"}],"is_trial":false,"path_per_floor":["M","M","?","M","M","R","?","$","T","E","?","M","M","M","R","B",null,"M","?","M","M","M","R","E"],"character_chosen":"KOISHI","items_purchased":["Koishi:UnconsciousUrges"],"campfire_rested":0,"item_purchase_floors":[8],"current_hp_per_floor":[60,60,56,56,53,53,53,53,53,48,53,56,61,61,61,20,61,57,57,52,50,42,42,0,0],"gold":394,"neow_bonus":"THREE_ENEMY_KILL","is_daily":false,"chose_seed":false,"campfire_upgraded":3,"win_rate":0.0,"timestamp":1609627902,"path_taken":["M","M","?","M","M","R","?","$","T","E","?","M","M","M","R","BOSS","M","?","M","?","M","R","E"],"items_purchased_type":["Card"],"build_version":"2020-12-22","purchased_purges":0,"victory":false,"max_hp_per_floor":[60,60,56,56,56,56,56,56,56,56,61,61,61,61,61,61,61,61,61,61,61,61,61,61,61],"card_choices":[{"not_picked":["Koishi:FourthEye","Koishi:IdleWhim"],"picked":"Koishi:MassHysteria","floor":1},{"not_picked":["Koishi:UnconsciousUprising","Koishi:ReleaseOfTheId"],"picked":"Koishi:SubterraneanRose","floor":2},{"not_picked":["Koishi:ApparitionsStalkTheNight","Koishi:HeartAttack"],"picked":"Koishi:Prune","floor":4},{"not_picked":["Koishi:GhostParty","Koishi:PhantomBarrier"],"picked":"Koishi:HeartfeltFancy","floor":5},{"not_picked":["Koishi:TraumaticStroke","Koishi:UnconsciousUprising"],"picked":"Koishi:PredatoryInstincts","floor":10},{"not_picked":["Koishi:HeartfeltFancy","Koishi:UnansweredLove","Koishi:Catatonia"],"picked":"SKIP","floor":12},{"not_picked":["Koishi:FleetingPhantom","Koishi:YoukaiPolygraph"],"picked":"Koishi:BloodcurdlingScream","floor":13},{"not_picked":["Koishi:PhantomStrike","Koishi:Bloodlust"],"picked":"Koishi:ParalyzingFear","floor":14},{"not_picked":["Koishi:MindStellarRelief","Koishi:TerrifyingSpectre"],"picked":"Koishi:SilentAndRestless","floor":16},{"not_picked":["Koishi:LastRemote","Koishi:SubterraneanRose"],"picked":"Koishi:PhantomBarrier","floor":18},{"not_picked":["Koishi:UnconsciousUprising+1","Koishi:ParalyzingFear"],"picked":"Koishi:PhantomStrike+1","floor":20},{"not_picked":["Koishi:RacingHeart","Koishi:HeartfeltFancy"],"picked":"Koishi:GeneticsOfTheUnconscious","floor":21},{"not_picked":["Koishi:PhantomStrike","Koishi:Prune+1"],"picked":"Koishi:EmbryosDream","floor":22}],"player_experience":313763,"relics_obtained":[{"floor":9,"key":"Regal Pillow"},{"floor":10,"key":"Mercury Hourglass"}],"event_choices":[{"damage_healed":0,"gold_gain":0,"player_choice":"Lose Max HP","damage_taken":0,"relics_obtained":["Golden Idol"],"max_hp_gain":0,"max_hp_loss":4,"event_name":"Golden Idol","floor":3,"gold_loss":0},{"damage_healed":0,"gold_gain":0,"player_choice":"Leave","damage_taken":0,"max_hp_gain":0,"max_hp_loss":0,"event_name":"The Cleric","floor":7,"gold_loss":0},{"damage_healed":0,"gold_gain":0,"player_choice":"Donut","damage_taken":0,"max_hp_gain":5,"max_hp_loss":0,"event_name":"Big Fish","floor":11,"gold_loss":0},{"damage_healed":0,"gold_gain":0,"player_choice":"Gave Potion","damage_taken":0,"relics_obtained":["Ornamental Fan"],"max_hp_gain":0,"max_hp_loss":0,"event_name":"WeMeetAgain","floor":19,"gold_loss":0}],"is_beta":false,"boss_relics":[{"not_picked":["Runic Pyramid","Empty Cage"],"picked":"Philosopher\u0027s Stone"}],"items_purged_floors":[],"is_endless":false,"potions_floor_spawned":[1,4,16,20],"killed_by":"Gremlin Leader","ascension_level":0}}