{"host":"qswkx8hggytna0kc","time":1609563141,"event":{"mods":["Aspiration","BaseMod","BetterRewards","Colored Map","Colored Powertips","Highlight Path","Hubris","Mimic Mod","Minty Spire (QoL Compilation)","Quick Restart","Replay The Spire","StSLib","SuperFastMode"],"gold_per_floor":[119,129,129,144,164,164,193,193,220,252,252,272,83,118,118,235,235,254,274,274,289,289,289,302,333,382,396,396,421,421,421,421,526,526,543,553,568,579,628,628,628,628,663,663,447,474,492,519,569,569],"floor_reached":51,"playtime":5675,"items_purged":["Strike_P","Voices"],"score":697,"play_id":"2b688cce-639d-4f8d-b3e4-05961a51885d","local_time":"20210102125221","is_ascension_mode":true,"campfire_choices":[{"data":"Omniscience","floor":6.0,"key":"SMITH"},{"data":"ForeignInfluence","floor":8.0,"key":"SMITH"},{"data":"WindmillStrike","floor":15.0,"key":"SMITH"},{"data":"Establishment","floor":23.0,"key":"SMITH"},{"data":"Replay:LoomingThreat","floor":30.0,"key":"SMITH"},{"data":"Replay:Battleflow","floor":32.0,"key":"SMITH"},{"floor":40.0,"key":"REST"},{"data":"ForeignInfluence","floor":44.0,"key":"SMITH"}],"circlet_count":0,"master_deck":["Strike_P","Strike_P","Strike_P","Defend_P","Defend_P","Defend_P","Defend_P","Eruption","Vigilance","EmptyBody","ForeignInfluence+1","WindmillStrike+1","Omniscience+1","EmptyBody","Conclude","Replay:Battleflow+1","SpiritShield","Establishment+1","WindmillStrike+1","EmptyFist+1","WheelKick","Protect+1","Replay:LoomingThreat+1","Alpha+1","SandsOfTime","Parasite","SpiritShield","FollowUp","ForeignInfluence+1","Flash of Steel","SandsOfTime+1","FollowUp","Bandage Up+1","FlurryOfBlows","Wallop"],"relics":["PureWater","Akabeko","Durian","hubris:ToyBattleship","Bottled Flame","Membership Card","Blue Doll","hubris:RunicObelisk","Bottled Lightning","Bag of Marbles","Bag of Preparation","Happy Flower","Runic Pyramid","Replay:Purple Gloves","Turnip","Replay:WaspNest","Orichalcum","Iron Hammer","Pocketwatch"],"acts_visited":["Exordium","TheCity","TheBeyond"],"potions_floor_usage":[50,50],"damage_taken":[{"damage":0.0,"enemies":"Cultist","floor":1.0,"turns":2.0},{"damage":0.0,"enemies":"2 Louse","floor":2.0,"turns":2.0},{"damage":0.0,"enemies":"Small Slimes","floor":4.0,"turns":2.0},{"damage":3.0,"enemies":"2 Fungi Beasts","floor":5.0,"turns":5.0},{"damage":1.0,"enemies":"3 Sentries","floor":7.0,"turns":3.0},{"damage":0.0,"enemies":"Lagavulin","floor":10.0,"turns":5.0},{"damage":5.0,"enemies":"Looter","floor":12.0,"turns":3.0},{"damage":0.0,"enemies":"Replay:BlueRogue","floor":14.0,"turns":5.0},{"damage":14.0,"enemies":"Hexaghost","floor":16.0,"turns":8.0},{"damage":3.0,"enemies":"Shell Parasite","floor":18.0,"turns":10.0},{"damage":3.0,"enemies":"3 Byrds","floor":19.0,"turns":3.0},{"damage":4.0,"enemies":"Sentry and Sphere","floor":21.0,"turns":5.0},{"damage":0.0,"enemies":"Centurion and Healer","floor":24.0,"turns":3.0},{"damage":11.0,"enemies":"Book of Stabbing","floor":25.0,"turns":5.0},{"damage":14.0,"enemies":"Snake Plant","floor":27.0,"turns":4.0},{"damage":5.0,"enemies":"Slavers","floor":29.0,"turns":2.0},{"damage":6.0,"enemies":"Champ","floor":33.0,"turns":8.0},{"damage":2.0,"enemies":"3 Darklings","floor":35.0,"turns":3.0},{"damage":7.0,"enemies":"3 Shapes","floor":36.0,"turns":5.0},{"damage":26.0,"enemies":"Writhing Mass","floor":37.0,"turns":7.0},{"damage":18.0,"enemies":"Transient","floor":38.0,"turns":5.0},{"damage":11.0,"enemies":"2 Orb Walkers","floor":39.0,"turns":3.0},{"damage":0.0,"enemies":"4 Shapes","floor":43.0,"turns":5.0},{"damage":10.0,"enemies":"R_Hoarder","floor":46.0,"turns":3.0},{"damage":0.0,"enemies":"4 Shapes","floor":47.0,"turns":2.0},{"damage":21,"enemies":"Reptomancer","floor":48,"turns":5},{"damage":2,"enemies":"Mind Bloom Boss Battle","floor":49,"turns":6},{"damage":41,"enemies":"Replay:Hell Engine","floor":50,"turns":15}],"seed_played":"-2094113720455745016","potions_obtained":[{"floor":1.0,"key":"SkillPotion"},{"floor":5.0,"key":"Explosive Potion"},{"floor":11.0,"key":"Adrenaline Potion"},{"floor":11.0,"key":"SteroidPotion"},{"floor":12.0,"key":"LifebloodPotion"},{"floor":14.0,"key":"AttackPotion"},{"floor":16.0,"key":"Strength Potion"},{"floor":19.0,"key":"Regen Potion"},{"floor":21.0,"key":"Flashbang"},{"floor":33.0,"key":"Explosive Potion"},{"floor":36.0,"key":"Toxic Potion"},{"floor":46.0,"key":"Milkshake"},{"floor":48,"key":"Adrenaline Potion"}],"is_trial":false,"path_per_floor":["M","M","?","M","M","R","E","R","T","E","?","M","$","E","R","B",null,"M","M","?","M","?","R","M","E","T","M","?","E","R","?","R","B",null,"M","M","M","M","?","R","?","?","MIM","R","$","E","M","E","R_BF","B",null],"character_chosen":"WATCHER","items_purchased":["Membership Card","Replay:WaspNest","FollowUp","Bandage Up+1"],"campfire_rested":1,"item_purchase_floors":[13,45,45,45],"current_hp_per_floor":[72,72,72,72,69,69,73,73,73,73,73,68,68,68,68,54,77,74,71,77,73,73,73,73,62,62,48,48,43,43,43,43,37,77,75,68,42,24,13,36,36,36,36,36,36,32,32,17,21,1],"gold":569,"neow_bonus":"RANDOM_COMMON_RELIC","is_daily":false,"chose_seed":false,"campfire_upgraded":7,"win_rate":0.0,"timestamp":1609563141,"path_taken":["M","M","?","M","?","R","E","R","T","E","?","M","$","E","R","BOSS","M","M","?","M","?","R","M","E","T","?","?","E","R","?","R","BOSS","M","M","M","M","?","R","?","?","MIM","R","$","E","M","E","R_BF","BOSS"],"items_purchased_type":["Relic","Relic","Card","Card"],"build_version":"2020-12-22","purchased_purges":2,"victory":true,"max_hp_per_floor":[72,72,72,72,72,72,77,77,77,77,77,77,77,77,77,77,77,77,77,77,77,77,77,77,77,77,77,77,77,77,77,77,77,77,77,77,77,77,77,77,77,77,77,77,77,77,77,77,77,77],"card_choices":[{"not_picked":["CarveReality","BowlingBash"],"picked":"EmptyBody","floor":1.0},{"not_picked":["BowlingBash","EmptyFist"],"picked":"ForeignInfluence","floor":2.0},{"not_picked":["Halt","Replay:ManipulateFuture"],"picked":"EmptyBody","floor":4.0},{"not_picked":["CarveReality","ThirdEye"],"picked":"Conclude","floor":5.0},{"not_picked":["CutThroughFate","Halt"],"picked":"Replay:Battleflow","floor":7.0},{"not_picked":["Replay:ManipulateFuture","BowlingBash","CrushJoints"],"picked":"SKIP","floor":10.0},{"not_picked":["CrushJoints","CutThroughFate","BowlingBash"],"picked":"SKIP","floor":12.0},{"not_picked":["FollowUp","Blasphemy"],"picked":"SpiritShield","floor":14.0},{"not_picked":["Scrawl","Blasphemy"],"picked":"Establishment","floor":16.0},{"not_picked":["ThirdEye","Halt+1","Wireheading"],"picked":"SKIP","floor":18.0},{"not_picked":["Collect+1","JustLucky+1","Replay:AtTheReady"],"picked":"SKIP","floor":19.0},{"not_picked":["Evaluate","SashWhip","CutThroughFate"],"picked":"SKIP","floor":21.0},{"not_picked":["Evaluate+1","Wallop"],"picked":"EmptyFist+1","floor":24.0},{"not_picked":["CarveReality","WaveOfTheHand+1"],"picked":"WheelKick","floor":25.0},{"not_picked":["Weave","FearNoEvil"],"picked":"Protect+1","floor":27.0},{"not_picked":["BowlingBash","SashWhip"],"picked":"Replay:LoomingThreat","floor":29.0},{"not_picked":["Establishment","Vault"],"picked":"Alpha","floor":33.0},{"not_picked":["Replay:BluntJabs","EmptyFist"],"picked":"SandsOfTime","floor":35.0},{"not_picked":["Tantrum","JustLucky+1","PathToVictory"],"picked":"SKIP","floor":36.0},{"not_picked":["Evaluate","PathToVictory"],"picked":"SpiritShield","floor":37.0},{"not_picked":["Halt","Replay:BluntJabs+1"],"picked":"FollowUp","floor":38.0},{"not_picked":["Replay:BluntJabs","CutThroughFate+1"],"picked":"ForeignInfluence","floor":39.0},{"not_picked":["Mind Blast","Replay:Bootleg Shield Generator"],"picked":"Flash of Steel","floor":42.0},{"not_picked":["WreathOfFlame","SashWhip"],"picked":"SandsOfTime+1","floor":43.0},{"not_picked":["Protect","FlyingSleeves+1"],"picked":"FlurryOfBlows","floor":46.0},{"not_picked":["InnerPeace+1","EmptyMind+1","ClearTheMind+1"],"picked":"SKIP","floor":47.0},{"not_picked":["FlyingSleeves","FlurryOfBlows+1"],"picked":"Wallop","floor":48}],"player_experience":211398,"relics_obtained":[{"floor":7.0,"key":"Durian"},{"floor":9.0,"key":"hubris:ToyBattleship"},{"floor":10.0,"key":"Bottled Flame"},{"floor":14.0,"key":"Blue Doll"},{"floor":25.0,"key":"Bottled Lightning"},{"floor":26.0,"key":"Bag of Marbles"},{"floor":29.0,"key":"Bag of Preparation"},{"floor":39.0,"key":"Replay:Purple Gloves"},{"floor":43.0,"key":"Turnip"},{"floor":46.0,"key":"Orichalcum"},{"floor":48,"key":"Iron Hammer"},{"floor":49,"key":"Pocketwatch"}],"event_choices":[{"damage_healed":0.0,"max_hp_gain":0.0,"max_hp_loss":0.0,"gold_gain":0.0,"event_name":"Match and Keep!","player_choice":"2 cards matched","floor":3.0,"gold_loss":0.0,"damage_taken":0.0,"cards_obtained":["WindmillStrike","Omniscience"]},{"damage_healed":0.0,"max_hp_gain":0.0,"max_hp_loss":0.0,"gold_gain":0.0,"event_name":"Match and Keep!","player_choice":"2 cards matched","floor":3.0,"gold_loss":0.0,"damage_taken":0.0,"cards_obtained":["WindmillStrike","Omniscience"]},{"damage_healed":0.0,"max_hp_gain":0.0,"max_hp_loss":0.0,"gold_gain":0.0,"event_name":"Lab","player_choice":"Got Potions","floor":11.0,"gold_loss":0.0,"damage_taken":0.0},{"damage_healed":0.0,"max_hp_gain":0.0,"max_hp_loss":0.0,"gold_gain":0.0,"event_name":"Duplicator","player_choice":"Copied","floor":22.0,"gold_loss":0.0,"damage_taken":0.0,"cards_obtained":["WindmillStrike"]},{"damage_healed":0.0,"max_hp_gain":0.0,"max_hp_loss":0.0,"gold_gain":0.0,"event_name":"Ghosts","player_choice":"Ignored","floor":28.0,"gold_loss":0.0,"damage_taken":0.0},{"damage_healed":0.0,"max_hp_gain":0.0,"max_hp_loss":0.0,"gold_gain":0.0,"event_name":"Mysterious Sphere","player_choice":"Fight","floor":39.0,"gold_loss":0.0,"damage_taken":0.0},{"damage_healed":0.0,"max_hp_gain":0.0,"max_hp_loss":0.0,"gold_gain":0.0,"event_name":"SensoryStone","player_choice":"Memory 1","floor":42.0,"gold_loss":0.0,"damage_taken":0.0},{"damage_healed":0,"gold_gain":0,"player_choice":"Fight","damage_taken":0,"max_hp_gain":0,"max_hp_loss":0,"event_name":"MindBloom","floor":49,"gold_loss":0}],"is_beta":false,"boss_relics":[{"not_picked":["Runic Dome","hubris:CrackedHourglass"],"picked":"hubris:RunicObelisk"},{"not_picked":["SlaversCollar","Replay:Grab Bag"],"picked":"Runic Pyramid"}],"items_purged_floors":[13,45],"is_endless":false,"potions_floor_spawned":[1,5,12,14,16,19,21,33,35,36,46,48],"ascension_level":1}}