{"host":"e4wnmsyty9uvvtwf","time":1609601736,"event":{"mods":["Act Like it!","Aspiration","BaseMod","Colored Map","Colored Powertips","Gensokyo","Marisa£®ÏF”Í°°ƒß¿Ì…≥£©","Minty Spire (QoL Compilation)","Rare Cards Sparkle","Replay The Spire","StSLib"],"gold_per_floor":[109,109,109,125,177,206,206,206,252,252,271,304,304,10,10,10,10],"floor_reached":16,"playtime":350,"items_purged":[],"score":292,"play_id":"9f9a92fa-dd64-4618-a432-d86505746c45","local_time":"20210102233536","is_ascension_mode":true,"campfire_choices":[{"data":"DoubleSpark","floor":7,"key":"SMITH"},{"data":"MasterSpark","floor":10,"key":"SMITH"},{"data":"Gensokyo:CrescentMoonSlash","floor":15,"key":"SMITH"}],"circlet_count":0,"master_deck":["AscendersBane","Strike_MRS","Strike_MRS","Strike_MRS","Defend_MRS","Defend_MRS","Defend_MRS","Defend_MRS","MasterSpark+1","UpSweep","DoubleSpark+1","EarthLightRay","LuminesStrike","MillisecondPulsars","GrandCross","MachineGunSpark","Gensokyo:CrescentMoonSlash+1"],"relics":["MiniHakkero","NeowsBlessing","Gremlin Food","Replay:Rubber Ducky","Replay:Baseball","Oddly Smooth Stone","OrangePellets","SimpleLauncher"],"acts_visited":["Exordium"],"potions_floor_usage":[12,16],"damage_taken":[{"damage":0,"enemies":"Gensokyo:Gryphon","floor":1,"turns":1},{"damage":0,"enemies":"Gensokyo:3_Fairies","floor":4,"turns":1},{"damage":0,"enemies":"Gensokyo:Cirno","floor":6,"turns":2},{"damage":0,"enemies":"Gensokyo:Python","floor":11,"turns":3},{"damage":0,"enemies":"Gensokyo:Mamizou","floor":12,"turns":8},{"damage":57,"enemies":"Gensokyo:Reimu","floor":16,"turns":4}],"seed_played":"6199434714328232073","potions_obtained":[{"floor":1,"key":"AttackPotion"},{"floor":4,"key":"SkillPotion"}],"is_trial":false,"path_per_floor":["M","?","?","M","T","E","R","?","T","R","M","E","?","COS","R","B"],"character_chosen":"MARISA","items_purchased":[],"campfire_rested":0,"item_purchase_floors":[],"current_hp_per_floor":[63,63,67,67,67,70,70,70,70,70,70,70,56,56,56,0,0],"gold":10,"neow_bonus":"THREE_ENEMY_KILL","is_daily":false,"chose_seed":false,"campfire_upgraded":3,"win_rate":0.0,"timestamp":1609601736,"path_taken":["M","?","?","M","?","E","R","?","T","R","?","E","?","COS","R","BOSS"],"items_purchased_type":[],"build_version":"2020-12-22","purchased_purges":0,"victory":false,"max_hp_per_floor":[70,70,70,70,70,70,70,70,70,70,70,70,70,70,70,70,70],"card_choices":[{"not_picked":["GrandCross","ChargingUp"],"picked":"DoubleSpark","floor":1},{"not_picked":["SporeBomb","Acceleration"],"picked":"EarthLightRay","floor":4},{"not_picked":["StarlightTyphoon","Acceleration"],"picked":"LuminesStrike","floor":6},{"not_picked":["DC","EnergyFlow"],"picked":"GrandCross","floor":11},{"not_picked":["StarlightTyphoon","DoubleSpark"],"picked":"MachineGunSpark","floor":12}],"player_experience":686873,"relics_obtained":[{"floor":5,"key":"Gremlin Food"},{"floor":6,"key":"Replay:Rubber Ducky"},{"floor":9,"key":"Replay:Baseball"},{"floor":12,"key":"Oddly Smooth Stone"}],"event_choices":[],"is_beta":false,"boss_relics":[],"items_purged_floors":[],"is_endless":false,"potions_floor_spawned":[1,4,11],"killed_by":"Gensokyo:Reimu","ascension_level":20}}