{"host":"6bsan6hkua32tfq7","time":1609612588,"event":{"mods":["BaseMod","Better Third Choice","Colored Map","Highlight Path","Minty Spire (QoL Compilation)","StSLib"],"gold_per_floor":[119,119,84,84,104,104,117,117,144,29,65,90,123,123,123,218,218,138,138,138,138,138,138,138,138,138,138,138,138,38,38,38,38,38,38,0,0,0,0,0,0,0,0,0,0,0,0,0,0,0,0,0,0,0,0,0],"floor_reached":55,"playtime":6601,"items_purged":["Defend_G","Strike_G"],"score":1914,"play_id":"5937f7a3-05c4-4817-ad2b-391aeb471433","local_time":"20210102193628","is_ascension_mode":true,"campfire_choices":[{"data":"Neutralize","floor":6.0,"key":"SMITH"},{"data":"Cloak And Dagger","floor":8.0,"key":"SMITH"},{"floor":15.0,"key":"REST"},{"floor":23.0,"key":"REST"},{"floor":25.0,"key":"REST"},{"data":"Infinite Blades","floor":27.0,"key":"SMITH"},{"data":"Ghostly","floor":32.0,"key":"SMITH"},{"floor":42.0,"key":"RECALL"},{"floor":46.0,"key":"REST"},{"floor":49.0,"key":"REST"},{"data":"Ghostly","floor":53.0,"key":"SMITH"}],"circlet_count":0,"master_deck":["AscendersBane","Strike_G","Strike_G","Strike_G","Strike_G","Defend_G","Defend_G","Defend_G","Defend_G","Survivor+1","Neutralize+1","Blade Dance","Poisoned Stab","Cloak And Dagger+1","Dash","Infinite Blades+1","Dodge and Roll","Dodge and Roll","Adrenaline","Blade Dance","Reflex","Dagger Throw+1","Deflect+1","Writhe","Tools of the Trade","Ghostly+1","Ghostly","Ghostly+1","Malaise","Leg Sweep","Dark Shackles","Dodge and Roll","PiercingWail+1","Blur+1","Dodge and Roll","Tools of the Trade"],"relics":["Ring of the Snake","Potion Belt","Oddly Smooth Stone","betterThird:SlimedRelic","Golden Idol","Blood Vial","Kunai","Pear","Ectoplasm","Orichalcum","Anchor","War Paint","MutagenicStrength","Sozu","Red Mask","Omamori","Ninja Scroll"],"acts_visited":["Exordium","TheCity","TheBeyond","TheEnding"],"potions_floor_usage":[],"damage_taken":[{"damage":2.0,"enemies":"Jaw Worm","floor":1.0,"turns":5.0},{"damage":6.0,"enemies":"Small Slimes","floor":5.0,"turns":3.0},{"damage":0.0,"enemies":"Cultist","floor":7.0,"turns":4.0},{"damage":18.0,"enemies":"Lagavulin","floor":11.0,"turns":7.0},{"damage":0.0,"enemies":"2 Fungi Beasts","floor":12.0,"turns":3.0},{"damage":10.0,"enemies":"Gremlin Nob","floor":13.0,"turns":4.0},{"damage":40.0,"enemies":"Slime Boss","floor":16.0,"turns":20.0},{"damage":10.0,"enemies":"2 Thieves","floor":18.0,"turns":4.0},{"damage":0.0,"enemies":"Shell Parasite","floor":19.0,"turns":8.0},{"damage":0.0,"enemies":"Centurion and Healer","floor":20.0,"turns":18.0},{"damage":23.0,"enemies":"3 Cultists","floor":21.0,"turns":7.0},{"damage":5.0,"enemies":"Shelled Parasite and Fungi","floor":22.0,"turns":12.0},{"damage":0.0,"enemies":"Book of Stabbing","floor":28.0,"turns":9.0},{"damage":24.0,"enemies":"Collector","floor":33.0,"turns":11.0},{"damage":0.0,"enemies":"3 Darklings","floor":35.0,"turns":12.0},{"damage":3.0,"enemies":"Orb Walker","floor":37.0,"turns":5.0},{"damage":0.0,"enemies":"Jaw Worm Horde","floor":38.0,"turns":13.0},{"damage":14.0,"enemies":"Giant Head","floor":40.0,"turns":14.0},{"damage":4.0,"enemies":"Writhing Mass","floor":41.0,"turns":26.0},{"damage":13.0,"enemies":"4 Shapes","floor":44.0,"turns":8.0},{"damage":0.0,"enemies":"Maw","floor":45.0,"turns":16.0},{"damage":13.0,"enemies":"Reptomancer","floor":47.0,"turns":25.0},{"damage":0.0,"enemies":"Writhing Mass","floor":48.0,"turns":24.0},{"damage":6.0,"enemies":"Donu and Deca","floor":50.0,"turns":30.0},{"damage":2.0,"enemies":"Time Eater","floor":51.0,"turns":41.0},{"damage":33,"enemies":"Shield and Spear","floor":55,"turns":11}],"seed_played":"-2574414515366577607","potions_obtained":[{"floor":7.0,"key":"SteroidPotion"},{"floor":11.0,"key":"Block Potion"},{"floor":12.0,"key":"CunningPotion"},{"floor":18.0,"key":"CultistPotion"},{"floor":22.0,"key":"Poison Potion"},{"floor":33.0,"key":"Block Potion"}],"is_trial":false,"path_per_floor":["M","?","?","?","M","R","M","R","T","$","E","M","E","?","R","B",null,"M","M","M","M","M","R","?","R","T","R","E","?","$","?","R","B",null,"M","?","M","M","?","E","M","R","T","M","M","R","E","M","R","B","B",null,"R","$","E"],"character_chosen":"THE_SILENT","items_purchased":["Dash"],"campfire_rested":5,"item_purchase_floors":[10],"current_hp_per_floor":[57,52,41,41,35,35,35,35,35,35,19,21,23,23,44,6,54,46,48,50,29,26,47,47,68,68,68,70,35,35,35,35,11,29,31,31,30,32,32,20,18,18,18,7,9,19,8,10,20,16,16,30,30,30,0,0],"gold":0,"neow_bonus":"RANDOM_COMMON_RELIC","is_daily":false,"chose_seed":false,"campfire_upgraded":5,"win_rate":0.0,"timestamp":1609612588,"path_taken":["M","?","?","?","M","R","M","R","T","?","E","?","E","?","R","BOSS","M","M","M","M","M","R","?","R","T","R","E","?","?","?","R","BOSS","M","?","M","M","?","E","M","R","T","M","M","R","E","?","R","BOSS","BOSS","R","$","E"],"items_purchased_type":["Card"],"build_version":"2020-12-22","purchased_purges":2,"victory":false,"max_hp_per_floor":[66,66,66,60,60,60,60,60,60,60,60,60,70,70,70,70,70,70,70,70,70,70,70,70,70,70,70,70,35,35,35,35,35,35,35,35,35,35,35,35,35,35,35,35,35,35,35,35,35,35,35,35,35,35,35,35],"card_choices":[{"not_picked":["Tactician","Accuracy"],"picked":"Blade Dance","floor":1.0},{"not_picked":["Calculated Gamble","Bane"],"picked":"Poisoned Stab","floor":5.0},{"not_picked":["Dagger Throw","Underhanded Strike"],"picked":"Cloak And Dagger","floor":7.0},{"not_picked":["Blade Dance","Unload"],"picked":"Infinite Blades","floor":11.0},{"not_picked":["Distraction","Dagger Throw"],"picked":"Dodge and Roll","floor":12.0},{"not_picked":["Dash","Underhanded Strike"],"picked":"Dodge and Roll","floor":13.0},{"not_picked":["After Image","Unload"],"picked":"Adrenaline","floor":16.0},{"not_picked":["Underhanded Strike","Prepared"],"picked":"Blade Dance","floor":18.0},{"not_picked":["Sucker Punch","Flying Knee"],"picked":"Reflex","floor":19.0},{"not_picked":["Dagger Throw+1","Slice","Underhanded Strike+1"],"picked":"SKIP","floor":20.0},{"not_picked":["Slice","Underhanded Strike+1"],"picked":"Dagger Throw+1","floor":20.0},{"not_picked":["All Out Attack","Deadly Poison","Quick Slash"],"picked":"SKIP","floor":21.0},{"not_picked":["Blade Dance","Caltrops"],"picked":"Deflect","floor":22.0},{"not_picked":["Slice","Dodge and Roll"],"picked":"Tools of the Trade","floor":28.0},{"not_picked":["A Thousand Cuts","Unload"],"picked":"Malaise","floor":33.0},{"not_picked":["Distraction+1","Flying Knee","Dagger Spray+1"],"picked":"SKIP","floor":35.0},{"not_picked":["Blade Dance+1","Quick Slash","Heel Hook"],"picked":"SKIP","floor":37.0},{"not_picked":["Endless Agony","Backflip"],"picked":"Leg Sweep","floor":38.0},{"not_picked":["Panache","Forethought"],"picked":"Dark Shackles","floor":39.0},{"not_picked":["Deadly Poison+1","Flechettes+1"],"picked":"Dodge and Roll","floor":40.0},{"not_picked":["Dagger Spray","Footwork"],"picked":"PiercingWail+1","floor":41.0},{"not_picked":["Prepared","Deadly Poison"],"picked":"Blur+1","floor":44.0},{"not_picked":["Slice","Deflect"],"picked":"Dodge and Roll","floor":45.0},{"not_picked":["Acrobatics","Blade Dance"],"picked":"Tools of the Trade","floor":47.0},{"not_picked":["Dagger Throw","Bane","Outmaneuver+1"],"picked":"SKIP","floor":48.0}],"player_experience":5201782,"relics_obtained":[{"floor":9.0,"key":"Blood Vial"},{"floor":11.0,"key":"Kunai"},{"floor":13.0,"key":"Pear"},{"floor":26.0,"key":"Anchor"},{"floor":28.0,"key":"War Paint"},{"floor":40.0,"key":"Omamori"},{"floor":47.0,"key":"Ninja Scroll"}],"event_choices":[{"damage_healed":0.0,"max_hp_gain":0.0,"max_hp_loss":0.0,"gold_gain":0.0,"event_name":"betterThird:BetterScrap","player_choice":"Relic ","floor":2.0,"gold_loss":0.0,"damage_taken":5.0,"cards_obtained":["Seek"]},{"damage_healed":0.0,"max_hp_gain":0.0,"max_hp_loss":0.0,"gold_gain":0.0,"event_name":"betterThird:BetterGoop","player_choice":"Slimed","floor":3.0,"gold_loss":35.0,"damage_taken":11.0},{"damage_healed":0.0,"max_hp_gain":0.0,"max_hp_loss":6.0,"gold_gain":0.0,"event_name":"Golden Idol","player_choice":"Lose Max HP","floor":4.0,"gold_loss":0.0,"damage_taken":0.0,"relics_obtained":["Golden Idol"]},{"damage_healed":0.0,"max_hp_gain":0.0,"max_hp_loss":0.0,"gold_gain":0.0,"event_name":"betterThird:BetterSerpent","player_choice":"Ignored","floor":14.0,"gold_loss":0.0,"damage_taken":123.0},{"damage_healed":0.0,"max_hp_gain":0.0,"max_hp_loss":0.0,"gold_gain":0.0,"event_name":"The Mausoleum","player_choice":"Opened","floor":24.0,"gold_loss":0.0,"damage_taken":0.0,"relics_obtained":["Orichalcum"],"cards_obtained":["Writhe"]},{"damage_healed":0.0,"max_hp_gain":0.0,"max_hp_loss":35.0,"gold_gain":0.0,"event_name":"Ghosts","player_choice":"Became a Ghost","floor":29.0,"gold_loss":0.0,"damage_taken":0.0,"cards_obtained":["Ghostly","Ghostly","Ghostly"]},{"damage_healed":0.0,"max_hp_gain":0.0,"max_hp_loss":0.0,"gold_gain":0.0,"event_name":"Drug Dealer","player_choice":"Inject Mutagens","floor":31.0,"gold_loss":0.0,"damage_taken":0.0,"relics_obtained":["MutagenicStrength"]},{"damage_healed":0.0,"max_hp_gain":0.0,"max_hp_loss":0.0,"gold_gain":0.0,"event_name":"Tomb of Lord Red Mask","player_choice":"Paid","floor":36.0,"gold_loss":38.0,"damage_taken":0.0,"relics_obtained":["Red Mask"]},{"damage_healed":0.0,"max_hp_gain":0.0,"max_hp_loss":0.0,"gold_gain":0.0,"event_name":"SensoryStone","player_choice":"Memory 1","floor":39.0,"gold_loss":0.0,"damage_taken":0.0}],"is_beta":false,"boss_relics":[{"not_picked":["Ring of the Serpent","Astrolabe"],"picked":"Ectoplasm"},{"not_picked":["Pandora\u0027s Box","Cursed Key"],"picked":"Sozu"}],"items_purged_floors":[10,30],"is_endless":false,"potions_floor_spawned":[7,11,12,18,22,33,40,41,44,48],"killed_by":"Shield and Spear","ascension_level":20}}