{"host":"wzyx1a6f41w36f2j","time":1609596954,"event":{"mods":["BaseMod","Googly Eyes","Highlight Path","Minty Spire (QoL Compilation)","Quick Restart","StSLib","The IronCluck"],"gold_per_floor":[114,129,144,159,174,204,204],"floor_reached":6,"playtime":363,"items_purged":[],"score":50,"play_id":"08710a8f-dd98-4258-92ab-45472228b80c","local_time":"20210102161554","daily_mods":["Heirloom","Time Dilation","Lethality"],"is_ascension_mode":false,"campfire_choices":[],"circlet_count":0,"master_deck":["Strike_B","Strike_B","Strike_B","Strike_B","Defend_B","Defend_B","Defend_B","Defend_B","Zap","Dualcast","Skim","Darkness","Auto Shields","Barrage","Beam Cell","Buffer"],"relics":["Cracked Core","WingedGreaves","Oddly Smooth Stone"],"acts_visited":["Exordium"],"potions_floor_usage":[],"damage_taken":[{"damage":0.0,"enemies":"Cultist","floor":1.0,"turns":2.0},{"damage":0.0,"enemies":"2 Louse","floor":2.0,"turns":2.0},{"damage":14.0,"enemies":"Jaw Worm","floor":3.0,"turns":4.0},{"damage":10.0,"enemies":"Exordium Thugs","floor":4.0,"turns":3.0},{"damage":10.0,"enemies":"Blue Slaver","floor":5.0,"turns":3.0},{"damage":13.0,"enemies":"3 Sentries","floor":6.0,"turns":4.0}],"seed_played":"-5051420239723459148","potions_obtained":[{"floor":1.0,"key":"SkillPotion"},{"floor":5.0,"key":"Ancient Potion"}],"is_trial":false,"path_per_floor":["M","M","M","M","M","E"],"character_chosen":"DEFECT","items_purchased":[],"campfire_rested":0,"item_purchase_floors":[],"current_hp_per_floor":[75,75,61,51,41,28,28],"gold":204,"neow_bonus":"","is_daily":true,"chose_seed":false,"campfire_upgraded":0,"win_rate":0.0,"timestamp":1609596954,"path_taken":["M","M","M","M","M","E"],"items_purchased_type":[],"build_version":"2020-12-22","purchased_purges":0,"victory":false,"max_hp_per_floor":[75,75,75,75,75,75,75],"card_choices":[{"not_picked":["Sweeping Beam","Turbo"],"picked":"Skim","floor":1.0},{"not_picked":["Go for the Eyes","Aggregate"],"picked":"Darkness","floor":2.0},{"not_picked":["Undo","Cold Snap"],"picked":"Auto Shields","floor":3.0},{"not_picked":["Go for the Eyes","Recycle"],"picked":"Barrage","floor":4.0},{"not_picked":["Barrage","Sweeping Beam"],"picked":"Beam Cell","floor":5.0},{"not_picked":["Multi-Cast","Sweeping Beam"],"picked":"Buffer","floor":6}],"player_experience":50520,"relics_obtained":[{"floor":6,"key":"Oddly Smooth Stone"}],"event_choices":[],"is_beta":false,"boss_relics":[],"items_purged_floors":[],"is_endless":false,"potions_floor_spawned":[1,5,6],"killed_by":"3 Sentries","ascension_level":0}}