{"host":"l60rmjjsfi0fipmi","time":1609623993,"event":{"mods":["BaseMod","Colored Map","DeckTracker","Highlight Path","Minty Spire (QoL Compilation)"],"gold_per_floor":[111,125,225,235,251,251,286,304,304,304,304,342,162,62,62,185,185,209,209,55,68,68,102,102,114,169,187,112,112,112,112],"floor_reached":30,"playtime":2902,"items_purged":["Strike_B","Strike_B"],"score":258,"play_id":"76402c5f-c47f-4d29-a693-6eed420a3218","local_time":"20210102164633","is_ascension_mode":false,"campfire_choices":[{"data":"Zap","floor":6,"key":"SMITH"},{"floor":15,"key":"REST"},{"data":"Rainbow","floor":29,"key":"SMITH"}],"circlet_count":0,"master_deck":["Strike_B","Defend_B","Defend_B","Zap+1","Dualcast","Rainbow+1","Ball Lightning","Sweeping Beam","Gash","BootSequence","Self Repair","Storm","Buffer","Beam Cell","Leap","Multi-Cast","Conserve Battery","Blizzard","Chaos","Gash+1","Stack","FTL"],"relics":["Cracked Core","Mummified Hand","Bottled Tornado","Bloody Idol","PreservedInsect","Black Star","Anchor","Girya","Regal Pillow","Orichalcum"],"acts_visited":["Exordium","TheCity"],"potions_floor_usage":[16,23,27,27,27],"damage_taken":[{"damage":0,"enemies":"2 Louse","floor":1,"turns":3},{"damage":0,"enemies":"Cultist","floor":2,"turns":4},{"damage":5,"enemies":"Small Slimes","floor":4,"turns":3},{"damage":5,"enemies":"Looter","floor":5,"turns":3},{"damage":25,"enemies":"Lagavulin","floor":7,"turns":6},{"damage":12,"enemies":"Exordium Wildlife","floor":8,"turns":4},{"damage":32,"enemies":"Gremlin Nob","floor":12,"turns":4},{"damage":24,"enemies":"Hexaghost","floor":16,"turns":10},{"damage":0,"enemies":"3 Byrds","floor":18,"turns":5},{"damage":7,"enemies":"Spheric Guardian","floor":21,"turns":4},{"damage":28,"enemies":"Gremlin Leader","floor":23,"turns":7},{"damage":24,"enemies":"Cultist and Chosen","floor":25,"turns":7},{"damage":15,"enemies":"Centurion and Healer","floor":27,"turns":15},{"damage":42,"enemies":"3 Cultists","floor":30,"turns":5}],"seed_played":"6080535767476348258","potions_obtained":[{"floor":1,"key":"FearPotion"},{"floor":7,"key":"EssenceOfDarkness"},{"floor":8,"key":"Ancient Potion"},{"floor":12,"key":"LiquidMemories"},{"floor":16,"key":"GamblersBrew"},{"floor":23,"key":"EntropicBrew"}],"is_trial":false,"path_per_floor":["M","M","?","M","M","R","E","M","T","?","?","E","$","$","R","B",null,"M","?","$","M","?","E","?","M","T","M","?","R","M"],"character_chosen":"DEFECT","items_purchased":["Beam Cell","Leap","Anchor"],"campfire_rested":1,"item_purchase_floors":[13,13,20],"current_hp_per_floor":[75,75,75,70,65,65,40,35,35,35,35,10,10,10,30,13,69,69,69,69,69,69,48,48,36,41,38,38,38,0,0],"gold":112,"neow_bonus":"ONE_RANDOM_RARE_CARD","is_daily":false,"chose_seed":false,"campfire_upgraded":2,"win_rate":0.0,"timestamp":1609623993,"path_taken":["M","M","?","?","M","R","E","M","T","?","?","E","?","$","R","BOSS","M","?","$","M","?","E","?","M","T","M","?","R","M"],"items_purchased_type":["Card","Card","Relic"],"build_version":"2020-12-22","purchased_purges":2,"victory":false,"max_hp_per_floor":[75,75,75,75,75,75,75,75,75,75,69,69,69,69,69,69,69,69,69,69,69,69,69,69,69,69,69,69,69,69,69],"card_choices":[{"not_picked":["Compile Driver","Lockon"],"picked":"Ball Lightning","floor":1},{"not_picked":["Conserve Battery","Go for the Eyes"],"picked":"Sweeping Beam","floor":2},{"not_picked":["Streamline","Sweeping Beam"],"picked":"Gash","floor":4},{"not_picked":["Skim","Redo"],"picked":"BootSequence","floor":5},{"not_picked":["Go for the Eyes","Echo Form"],"picked":"Self Repair","floor":7},{"not_picked":["Fusion","Compile Driver"],"picked":"Storm","floor":8},{"not_picked":["Lockon","Double Energy"],"picked":"Buffer","floor":12},{"not_picked":["Buffer","Thunder Strike"],"picked":"Multi-Cast","floor":16},{"not_picked":["Streamline+1","Ball Lightning"],"picked":"Conserve Battery","floor":18},{"not_picked":["Streamline","Coolheaded"],"picked":"Gash+1","floor":21},{"not_picked":["Streamline+1","Beam Cell","Conserve Battery"],"picked":"SKIP","floor":23},{"not_picked":["Sunder+1","Conserve Battery"],"picked":"Stack","floor":25},{"not_picked":["Rebound","Biased Cognition"],"picked":"FTL","floor":27}],"player_experience":188663,"relics_obtained":[{"floor":7,"key":"Mummified Hand"},{"floor":9,"key":"Bottled Tornado"},{"floor":12,"key":"PreservedInsect"},{"floor":23,"key":"Girya"},{"floor":23,"key":"Regal Pillow"},{"floor":26,"key":"Orichalcum"}],"event_choices":[{"damage_healed":0,"gold_gain":100,"player_choice":"Pray","damage_taken":0,"max_hp_gain":0,"max_hp_loss":0,"event_name":"Golden Shrine","floor":3,"gold_loss":0},{"damage_healed":0,"gold_gain":0,"player_choice":"Ignored","damage_taken":0,"max_hp_gain":0,"max_hp_loss":0,"event_name":"Shining Light","floor":10,"gold_loss":0},{"damage_healed":0,"gold_gain":0,"player_choice":"Lose Max HP","damage_taken":0,"relics_obtained":["Golden Idol"],"max_hp_gain":0,"max_hp_loss":6,"event_name":"Golden Idol","floor":11,"gold_loss":0},{"damage_healed":0,"gold_gain":0,"cards_transformed":["Strike_B","Defend_B"],"player_choice":"Became Test Subject","damage_taken":0,"max_hp_gain":0,"max_hp_loss":0,"event_name":"Drug Dealer","floor":19,"gold_loss":0,"cards_obtained":["Blizzard","Chaos"]},{"damage_healed":0,"gold_gain":0,"player_choice":"Ignored","damage_taken":0,"max_hp_gain":0,"max_hp_loss":0,"event_name":"Vampires","floor":22,"gold_loss":0},{"damage_healed":0,"gold_gain":0,"player_choice":"Gave Idol","damage_taken":0,"relics_obtained":["Bloody Idol"],"max_hp_gain":0,"max_hp_loss":0,"event_name":"Forgotten Altar","floor":24,"relics_lost":["Golden Idol"],"gold_loss":0},{"cards_removed":["Defend_B"],"damage_healed":0,"gold_gain":0,"player_choice":"Gave Gold","damage_taken":0,"max_hp_gain":0,"max_hp_loss":0,"event_name":"Beggar","floor":28,"gold_loss":75}],"is_beta":false,"boss_relics":[{"not_picked":["Tiny House","Cursed Key"],"picked":"Black Star"}],"items_purged_floors":[13,14],"is_endless":false,"potions_floor_spawned":[1,7,8,12,16,18,23],"killed_by":"3 Cultists","ascension_level":0}}