{"host":"aeidq2c3auzxo1yh","time":1609555565,"event":{"mods":["AchievementEnabler","BaseMod","Colored Map","Colored Powertips","Minty Spire (QoL Compilation)","Relic Stats","StSLib"],"gold_per_floor":[109,109,125,125,22,22,34,67,67,96,112,112,131,2,2,79,79,89,89,109,109,109,109,109],"floor_reached":23,"playtime":944,"items_purged":["Strike_G"],"score":498,"play_id":"431afdc3-a91d-4331-997d-fd79d975681e","local_time":"20210102074605","is_ascension_mode":true,"campfire_choices":[{"data":"Neutralize","floor":6,"key":"SMITH"},{"floor":12,"key":"REST"},{"data":"Dagger Spray","floor":15,"key":"SMITH"}],"circlet_count":0,"master_deck":["AscendersBane","Strike_G+1","Strike_G+1","Strike_G+1","Defend_G+1","Defend_G+1","Defend_G+1","Defend_G+1","Survivor","Neutralize+1","Poisoned Stab","Riddle With Holes","Footwork","Quick Slash","Dagger Spray+1","Predator","Wraith Form v2","Backflip","All Out Attack","Wraith Form v2","Deflect","Noxious Fumes","Writhe"],"relics":["Ring of the Snake","NeowsBlessing","Mango","Unceasing Top","Blue Candle","SlaversCollar","Nunchaku","White Beast Statue"],"acts_visited":["Exordium","TheCity"],"potions_floor_usage":[8,10,16,16,23,23],"damage_taken":[{"damage":0,"enemies":"Jaw Worm","floor":1,"turns":1},{"damage":0,"enemies":"Cultist","floor":3,"turns":1},{"damage":0,"enemies":"Small Slimes","floor":7,"turns":1},{"damage":13,"enemies":"3 Sentries","floor":8,"turns":9},{"damage":20,"enemies":"Lagavulin","floor":10,"turns":5},{"damage":5,"enemies":"Exordium Wildlife","floor":11,"turns":3},{"damage":4,"enemies":"2 Fungi Beasts","floor":13,"turns":4},{"damage":0,"enemies":"Slime Boss","floor":16,"turns":7},{"damage":20,"enemies":"2 Thieves","floor":18,"turns":5},{"damage":25,"enemies":"Shell Parasite","floor":20,"turns":9},{"damage":37,"enemies":"Gremlin Leader","floor":23,"turns":4}],"seed_played":"-5627195631949767488","potions_obtained":[{"floor":1,"key":"LiquidMemories"},{"floor":8,"key":"Poison Potion"},{"floor":10,"key":"DuplicationPotion"},{"floor":13,"key":"Explosive Potion"},{"floor":18,"key":"Explosive Potion"},{"floor":20,"key":"Fire Potion"}],"is_trial":false,"path_per_floor":["M","?","M","?","$","R","M","E","T","E","M","R","M","$","R","B",null,"M","?","M","?","T","E"],"character_chosen":"THE_SILENT","items_purchased":["Footwork","Quick Slash","Strength Potion"],"campfire_rested":1,"item_purchase_floors":[5,5,14],"current_hp_per_floor":[59,59,59,52,52,52,52,53,53,33,28,52,48,48,48,48,72,52,52,27,27,27,0,0],"gold":109,"neow_bonus":"THREE_ENEMY_KILL","is_daily":false,"chose_seed":false,"campfire_upgraded":2,"win_rate":0.0,"timestamp":1609555565,"path_taken":["M","?","?","?","?","R","M","E","T","E","M","R","M","?","R","BOSS","M","?","M","?","?","E"],"items_purchased_type":["Card","Card","Potion"],"build_version":"2020-12-22","purchased_purges":1,"victory":false,"max_hp_per_floor":[66,66,66,66,66,66,66,80,80,80,80,80,80,80,80,80,80,80,80,80,80,80,80,80],"relic_stats":{"Nunchaku":[1],"counters":[11,49],"Blue Candle":[1],"obtain_stats":[{"SlaversCollar":17,"Nunchaku":21,"NeowsBlessing":0,"Blue Candle":10,"Mango":8,"Unceasing Top":9,"White Beast Statue":22,"Ring of the Snake":0},{"SlaversCollar":8,"Nunchaku":10,"NeowsBlessing":0,"Blue Candle":5,"Mango":4,"Unceasing Top":4,"White Beast Statue":10,"Ring of the Snake":0},{"SlaversCollar":31,"Nunchaku":45,"NeowsBlessing":0,"Blue Candle":17,"Mango":12,"Unceasing Top":12,"White Beast Statue":45,"Ring of the Snake":0}],"Unceasing Top":[2],"Ring of the Snake":[22]},"card_choices":[{"not_picked":["Heel Hook","Underhanded Strike"],"picked":"Poisoned Stab","floor":1},{"not_picked":["Deflect","Underhanded Strike"],"picked":"Riddle With Holes","floor":3},{"not_picked":["Bouncing Flask","Eviscerate"],"picked":"Dagger Spray","floor":7},{"not_picked":["Blade Dance","Flying Knee"],"picked":"Predator","floor":8},{"not_picked":["Choke","Reflex"],"picked":"Wraith Form v2","floor":10},{"not_picked":["Dagger Throw","Tactician"],"picked":"Backflip","floor":11},{"not_picked":["Reflex","Sucker Punch"],"picked":"All Out Attack","floor":13},{"not_picked":["Doppelganger","Night Terror"],"picked":"Wraith Form v2","floor":16},{"not_picked":["Dagger Spray","Underhanded Strike"],"picked":"Deflect","floor":18},{"not_picked":["Backflip","Deadly Poison"],"picked":"Noxious Fumes","floor":20}],"player_experience":877624,"relics_obtained":[{"floor":8,"key":"Mango"},{"floor":9,"key":"Unceasing Top"},{"floor":10,"key":"Blue Candle"},{"floor":22,"key":"White Beast Statue"}],"event_choices":[{"cards_removed":["Defend_G"],"damage_healed":0,"gold_gain":0,"player_choice":"Offered Basic","damage_taken":0,"max_hp_gain":0,"max_hp_loss":0,"event_name":"Bonfire Elementals","floor":2,"gold_loss":0},{"cards_removed":["Strike_G"],"damage_healed":0,"gold_gain":0,"player_choice":"Card Removal","damage_taken":7,"max_hp_gain":0,"max_hp_loss":0,"event_name":"Golden Wing","floor":4,"gold_loss":0},{"damage_healed":0,"gold_gain":0,"player_choice":"Simplicity","damage_taken":0,"max_hp_gain":0,"max_hp_loss":0,"event_name":"Back to Basics","floor":19,"gold_loss":0,"cards_upgraded":["Strike_G","Strike_G","Strike_G","Defend_G","Defend_G","Defend_G","Defend_G"]},{"damage_healed":0,"gold_gain":0,"player_choice":"Opened","damage_taken":0,"relics_obtained":["Nunchaku"],"max_hp_gain":0,"max_hp_loss":0,"event_name":"The Mausoleum","floor":21,"gold_loss":0,"cards_obtained":["Writhe"]}],"is_beta":false,"boss_relics":[{"not_picked":["Pandora\u0027s Box","Coffee Dripper"],"picked":"SlaversCollar"}],"items_purged_floors":[14],"is_endless":false,"potions_floor_spawned":[1,8,10,13,18,20],"killed_by":"Gremlin Leader","ascension_level":20}}