{"host":"2461dio7vetlq1z3","time":1609592249,"event":{"mods":["2.2 Compatiblity","AchievementEnabler","BaseMod","Better Third Choice","Friendly Minions","Minty Spire (QoL Compilation)","Relic Stats","Replay The Spire","Spicy Shops","StSLib","Waifu the Spire"],"gold_per_floor":[17,34,46,60,70,96,107,107,107,107,132,132,148,178,178,256,256,274,294,73,73,23,23,23],"floor_reached":23,"playtime":1306,"items_purged":["Defend_B","Defend_B"],"score":576,"play_id":"d5337cd9-ad07-44c6-9c23-c8ea0b834c39","local_time":"20210102135729","is_ascension_mode":true,"campfire_choices":[{"data":"ReplayTheSpireMod:Calculation Training","floor":8.0,"key":"SMITH"},{"floor":12,"key":"REST"},{"data":"Capacitor","floor":15,"key":"SMITH"}],"circlet_count":0,"master_deck":["AscendersBane","Defend_B","Defend_B","Zap","Dualcast","FTL","ReplayTheSpireMod:Calculation Training+1","Gash","Redo","Auto Shields","Hologram","Capacitor+1","Glacier","ReplayTheSpireMod:Omega Cannon","Defragment","Necronomicurse"],"relics":["Cracked Core","Smiling Mask","HornCleat","Pear","Carrot","Replay:Drink Me","Runic Capacitor","Necronomicon"],"acts_visited":["Exordium","TheCity"],"potions_floor_usage":[11,11],"damage_taken":[{"damage":2.0,"enemies":"Jaw Worm","floor":1.0,"turns":3.0},{"damage":1.0,"enemies":"Cultist","floor":2.0,"turns":3.0},{"damage":0.0,"enemies":"2 Louse","floor":3.0,"turns":2.0},{"damage":10.0,"enemies":"Exordium Wildlife","floor":4.0,"turns":4.0},{"damage":8.0,"enemies":"Exordium Thugs","floor":5.0,"turns":4.0},{"damage":5.0,"enemies":"3 Sentries","floor":6.0,"turns":4.0},{"damage":6.0,"enemies":"3 Louse","floor":7.0,"turns":4.0},{"damage":0,"enemies":"Gremlin Nob","floor":11,"turns":3},{"damage":11,"enemies":"Gremlin Gang","floor":13,"turns":7},{"damage":31,"enemies":"3 Sentries","floor":14,"turns":7},{"damage":0,"enemies":"The Guardian","floor":16,"turns":13},{"damage":0,"enemies":"Chosen","floor":18,"turns":5},{"damage":3,"enemies":"Shell Parasite","floor":19,"turns":10},{"damage":54,"enemies":"Gremlin Leader","floor":23,"turns":5}],"seed_played":"-1563859065813170132","potions_obtained":[{"floor":1.0,"key":"AttackPotion"},{"floor":5.0,"key":"Adrenaline Potion"},{"floor":7.0,"key":"FocusPotion"},{"floor":11,"key":"DuplicationPotion"},{"floor":13,"key":"BlessingOfTheForge"}],"is_trial":false,"path_per_floor":["M","M","M","M","M","E","M","R","T","?","E","R","M","E","R","B",null,"M","M","$","?","$","E"],"character_chosen":"DEFECT","items_purchased":["Runic Capacitor"],"campfire_rested":1,"item_purchase_floors":[20],"current_hp_per_floor":[76,75,75,65,57,52,46,46,46,46,56,84,73,42,42,42,65,65,62,62,41,41,0,0],"gold":23,"neow_bonus":"TWENTY_PERCENT_HP_BONUS","is_daily":false,"chose_seed":false,"campfire_upgraded":2,"win_rate":0.0,"timestamp":1609592249,"path_taken":["M","M","M","M","M","E","M","R","T","?","E","R","M","E","R","BOSS","M","M","?","?","$","E"],"items_purchased_type":["Relic"],"build_version":"2020-12-22","purchased_purges":2,"victory":false,"max_hp_per_floor":[85,85,85,85,85,85,85,85,85,85,95,95,95,95,95,95,72,72,72,72,72,72,72,72],"relic_stats":{"counters":[14,74],"Necronomicon":[1],"Smiling Mask":75,"obtain_stats":[{"Carrot":14,"HornCleat":9,"Pear":11,"Runic Capacitor":20,"Necronomicon":21,"Cracked Core":0,"Smiling Mask":6,"Replay:Drink Me":17},{"Carrot":10,"HornCleat":7,"Pear":8,"Runic Capacitor":13,"Necronomicon":13,"Cracked Core":0,"Smiling Mask":6,"Replay:Drink Me":11},{"Carrot":41,"HornCleat":24,"Pear":27,"Runic Capacitor":69,"Necronomicon":69,"Cracked Core":0,"Smiling Mask":20,"Replay:Drink Me":54}]},"card_choices":[{"not_picked":["Leap","ReplayTheSpireMod:System Scan"],"picked":"FTL","floor":1.0},{"not_picked":["Steam","Conserve Battery","Coolheaded"],"picked":"SKIP","floor":2.0},{"not_picked":["Sweeping Beam","Self Repair"],"picked":"ReplayTheSpireMod:Calculation Training","floor":3.0},{"not_picked":["Stack","ReplayTheSpireMod:Reroute Power"],"picked":"Gash","floor":4.0},{"not_picked":["Consume","Beam Cell"],"picked":"Redo","floor":5.0},{"not_picked":["ReplayTheSpireMod:Repulse","Meteor Strike","Barrage"],"picked":"SKIP","floor":6.0},{"not_picked":["Coolheaded","Redo"],"picked":"Auto Shields","floor":7.0},{"not_picked":["Compile Driver","Stack"],"picked":"Hologram","floor":11},{"not_picked":["Turbo","ReplayTheSpireMod:GoodbyeWorld"],"picked":"Capacitor","floor":13},{"not_picked":["Go for the Eyes","ReplayTheSpireMod:Calculation Training"],"picked":"Glacier","floor":14},{"not_picked":["Meteor Strike","Thunder Strike"],"picked":"ReplayTheSpireMod:Omega Cannon","floor":16},{"not_picked":["Redo","Panic Button"],"picked":"Defragment","floor":18},{"not_picked":["Leap","Time Bomb","Undo"],"picked":"SKIP","floor":19}],"player_experience":1007639,"relics_obtained":[{"floor":6.0,"key":"Smiling Mask"},{"floor":9.0,"key":"HornCleat"},{"floor":11,"key":"Pear"},{"floor":14,"key":"Carrot"},{"floor":21,"key":"Necronomicon"}],"event_choices":[{"cards_removed":["Strike_B"],"damage_healed":0.0,"max_hp_gain":0.0,"max_hp_loss":0.0,"gold_gain":0.0,"event_name":"Purifier","player_choice":"Purged","floor":10.0,"gold_loss":0.0,"damage_taken":0.0},{"damage_healed":0,"gold_gain":0,"player_choice":"Obtained Book","damage_taken":21,"max_hp_gain":0,"max_hp_loss":0,"event_name":"Cursed Tome","floor":21,"gold_loss":0}],"is_beta":false,"boss_relics":[{"not_picked":["Snecko Eye","Replay:Ancient Bell"],"picked":"Replay:Drink Me"}],"items_purged_floors":[20,22],"is_endless":false,"potions_floor_spawned":[1,5,7,11,13],"killed_by":"Gremlin Leader","ascension_level":20}}