{"host":"nvwxkcurnqq848ao","time":1609563172,"event":{"mods":["BaseMod","Block Reminder","Downfall","Infinite Spire","Minty Spire (QoL Compilation)","Relic Sorter","Replay The Spire","StSLib"],"gold_per_floor":[99,112,129,143,53,65,91,91,76,76,76,95,105,116,134,233,233,233,233,148,148,148,148,148,148,148,148,148,148,148,148,148,148,148,148,148,148,148,48,48,48,48,48,48,48,48,48,48,48,48],"floor_reached":51,"playtime":4358,"items_purged":["Slimebound:Strike_Slimebound","Slimebound:Gluttony"],"score":629,"play_id":"98ada2dd-8b51-46fa-9864-a5117ce8808c","local_time":"20210101225252","is_ascension_mode":false,"campfire_choices":[{"data":"Slimebound:Split","floor":1.0,"key":"SMITH"},{"data":"Slimebound:SlimeBarrage","floor":8.0,"key":"SMITH"},{"floor":18.0,"key":"DIG"},{"data":"infinitespire:NeuralNetwork","floor":28,"key":"SMITH"},{"data":"Slimebound:Recycling","floor":35,"key":"SMITH"},{"floor":46,"key":"RECALL"}],"circlet_count":0,"master_deck":["Slimebound:Strike_Slimebound","Slimebound:Tackle","Slimebound:Defend_Slimebound","Slimebound:Defend_Slimebound","Slimebound:Defend_Slimebound","Slimebound:Split+1","Slimebound:CorrosiveSpit","Slimebound:SplitMire","Slimebound:ProtectTheBoss","Slimebound:SlimeBarrage","Slimebound:SlimeBarrage+1","Slimebound:SplitAcid","Slimebound:SelfFormingGoo","Slimebound:RallyTheTroops","Slimebound:SplitLeeching","Slimebound:MinionMaster","Slimebound:SplitBruiser","Slimebound:LeadByExample","Swivel+1","infinitespire:NeuralNetwork+1","Slimebound:Gluttony","Slimebound:ProtectTheBoss","Slimebound:SelfFormingGoo","Slimebound:ProtectTheBoss","Slimebound:Recycling+1","Slimebound:LevelUp"],"relics":["Slimebound:AbsorbEndCombat","Durian","Omamori","downfall:Hecktoplasm","Replay:Wax Seal","ReplayFunnel","infinitespire:CheckeredPen","Slimebound:AbsorbEndCombatUpgraded","MealTicket","Busted Crown","Old Coin","downfall:TeleportStone","Kunai","downfall:HeartBlessingBlue","downfall:HeartBlessingGreen"],"acts_visited":["Exordium","TheCity","TheBeyond"],"potions_floor_usage":[20,32,33,43,43,44,45],"damage_taken":[{"damage":4.0,"enemies":"2 Louse","floor":2.0,"turns":2.0},{"damage":7.0,"enemies":"Cultist","floor":3.0,"turns":3.0},{"damage":7.0,"enemies":"Small Slimes","floor":4.0,"turns":3.0},{"damage":4.0,"enemies":"downfall:FleeingMerchant","floor":5.0,"turns":4.0},{"damage":4.0,"enemies":"Red Slaver","floor":6.0,"turns":3.0},{"damage":18.0,"enemies":"downfall:FleeingMerchant","floor":9.0,"turns":4.0},{"damage":16.0,"enemies":"3 Louse","floor":12.0,"turns":2.0},{"damage":14.0,"enemies":"Exordium Thugs","floor":13.0,"turns":3.0},{"damage":5.0,"enemies":"Blue Slaver","floor":14.0,"turns":3.0},{"damage":17.0,"enemies":"Red Slaver","floor":15.0,"turns":5.0},{"damage":13.0,"enemies":"downfall:Ironclad","floor":16.0,"turns":7.0},{"damage":17,"enemies":"Shell Parasite","floor":19,"turns":6},{"damage":22,"enemies":"downfall:FleeingMerchant","floor":20,"turns":4},{"damage":21,"enemies":"Snake Plant","floor":23,"turns":4},{"damage":17,"enemies":"Shelled Parasite and Fungi","floor":26,"turns":4},{"damage":6,"enemies":"Snecko","floor":27,"turns":3},{"damage":17,"enemies":"3 Cultists","floor":29,"turns":5},{"damage":31,"enemies":"Cultist and Chosen","floor":30,"turns":5},{"damage":6,"enemies":"Snecko","floor":31,"turns":4},{"damage":20,"enemies":"Centurion and Healer","floor":32,"turns":6},{"damage":60,"enemies":"downfall:Silent","floor":33,"turns":8},{"damage":15,"enemies":"Orb Walker","floor":36,"turns":4},{"damage":8,"enemies":"Mind Bloom Boss Battle","floor":38,"turns":4},{"damage":13,"enemies":"downfall:FleeingMerchant","floor":39,"turns":3},{"damage":8,"enemies":"3 Shapes","floor":40,"turns":5},{"damage":82,"enemies":"Reptomancer","floor":43,"turns":5},{"damage":5,"enemies":"Sphere and 2 Shapes","floor":44,"turns":3},{"damage":30,"enemies":"Writhing Mass","floor":45,"turns":5},{"damage":27,"enemies":"Spire Growth","floor":48,"turns":5},{"damage":14,"enemies":"Sphere and 2 Shapes","floor":49,"turns":5},{"damage":15,"enemies":"downfall:Defect","floor":50,"turns":6}],"seed_played":"-7177977662496614890","potions_obtained":[{"floor":3.0,"key":"Strength Potion"},{"floor":4.0,"key":"SpeedPotion"},{"floor":12.0,"key":"ColorlessPotion"},{"floor":14.0,"key":"Energy Potion"},{"floor":15.0,"key":"Elixir"},{"floor":16.0,"key":"Reflective Coating"},{"floor":19,"key":"Fire Potion"},{"floor":30,"key":"PowerPotion"},{"floor":33,"key":"sneckomod:MuddlingPotion"},{"floor":40,"key":"Weak Potion"},{"floor":43,"key":"Slimebound:ThreeZeroPotion"},{"floor":44,"key":"champ:CounterPotion"},{"floor":45,"key":"Reflective Coating"}],"is_trial":false,"path_per_floor":["R","M","M","M","$","M","T","R","$","?","?","M","M","M","M","B",null,"R","M","$","?","?","M","T","AVR","M","M","R","M","M","M","M","B",null,"R","M","?","?","$","M","T","?","E","M","M","R","?","M","M","B",null],"character_chosen":"SLIMEBOUND","items_purchased":["Slimebound:LeadByExample"],"campfire_rested":0,"item_purchase_floors":[20],"current_hp_per_floor":[59,59,59,59,59,59,59,59,57,57,57,55,57,59,55,59,59,59,59,55,55,55,59,59,59,59,59,59,59,51,59,59,48,59,59,59,59,59,59,55,55,55,59,59,59,69,69,69,65,69],"gold":48,"neow_bonus":"ONE_RARE_RELIC","is_daily":false,"chose_seed":false,"campfire_upgraded":4,"win_rate":0.0,"timestamp":1609563172,"path_taken":["R","M","M","M","$","M","T","R","$","?","?","M","M","?","M","BOSS","R","M","$","?","?","M","T","AVR","M","M","R","?","M","M","M","BOSS","R","M","?","?","$","?","T","?","E","?","M","R","?","M","M","BOSS"],"items_purchased_type":["Card"],"build_version":"2020-12-22","purchased_purges":2,"victory":true,"max_hp_per_floor":[59,59,59,59,59,59,59,59,59,59,59,59,59,59,59,59,59,59,59,59,59,59,59,59,59,59,59,59,59,59,59,59,59,59,59,59,59,59,59,59,59,59,59,59,59,69,69,69,69,69],"card_choices":[{"not_picked":["Slimebound:Schlurp","Slimebound:GrowthPunch"],"picked":"Slimebound:SplitMire","floor":2.0},{"not_picked":["Slimebound:LeechingTouch","Slimebound:FinishingTackle"],"picked":"Slimebound:ProtectTheBoss","floor":3.0},{"not_picked":["Slimebound:SpikyOuterGoop","Slimebound:RollThrough"],"picked":"Slimebound:SlimeBarrage","floor":4.0},{"not_picked":["Slimebound:RainOfGoop","Slimebound:RollThrough"],"picked":"Slimebound:SlimeBarrage","floor":5.0},{"not_picked":["Slimebound:SplitBruiser","Slimebound:SlimeSpikes"],"picked":"Slimebound:SplitAcid","floor":6.0},{"not_picked":["Slimebound:PressTheAttack","Slimebound:BestDefense","Slimebound:Dissolve"],"picked":"SKIP","floor":9.0},{"not_picked":["Slimebound:SplitBruiser","Slimebound:AcidTongue"],"picked":"Slimebound:RallyTheTroops","floor":12.0},{"not_picked":["Slimebound:RollThrough","Slimebound:SlimeSpikes","Slimebound:ComboTackle"],"picked":"SKIP","floor":13.0},{"not_picked":["Slimebound:DivideAndConquer","Slimebound:PressTheAttack"],"picked":"Slimebound:SplitLeeching","floor":14.0},{"not_picked":["Slimebound:HauntingLick","Slimebound:ItLooksTasty","Slimebound:LeechEnergy"],"picked":"SKIP","floor":15.0},{"not_picked":["Slimebound:MassFeed","Slimebound:Teamwork"],"picked":"Slimebound:MinionMaster","floor":16.0},{"not_picked":["Slimebound:RollThrough+1","Slimebound:GrowthPunch"],"picked":"Slimebound:SplitBruiser","floor":19},{"not_picked":["Slimebound:ComboTackle","Slimebound:PressTheAttack","Slimebound:Dissolve"],"picked":"SKIP","floor":20},{"not_picked":["Slimebound:DivideAndConquer","Slimebound:ServeAndProtect","Slimebound:LeechingTouch"],"picked":"SKIP","floor":23},{"not_picked":["Slimebound:ForwardTackle","Slimebound:Chomp"],"picked":"Slimebound:Gluttony","floor":26},{"not_picked":["Slimebound:ForwardTackle+1","Slimebound:ProtectTheBoss"],"picked":"Slimebound:Gluttony","floor":27},{"not_picked":["Slimebound:SplitLeeching","Slimebound:SlimeSpikes"],"picked":"Slimebound:ProtectTheBoss","floor":29},{"not_picked":["Slimebound:GrowthPunch+1","Slimebound:DivideAndConquer"],"picked":"Slimebound:SelfFormingGoo","floor":30},{"not_picked":["Slimebound:SplitLeeching","Slimebound:ServeAndProtect"],"picked":"Slimebound:ProtectTheBoss","floor":31},{"not_picked":["Slimebound:Schlurp","Slimebound:TongueLash","Slimebound:ComboTackle"],"picked":"SKIP","floor":32},{"not_picked":["Slimebound:DouseInSlime","Slimebound:MinionMaster"],"picked":"Slimebound:Recycling","floor":33},{"not_picked":["Slimebound:ViciousTackle"],"picked":"SKIP","floor":36},{"not_picked":["Slimebound:AcidTongue"],"picked":"SKIP","floor":39},{"not_picked":[],"picked":"Slimebound:LevelUp","floor":40},{"not_picked":["Slimebound:PressTheAttack+1"],"picked":"SKIP","floor":43},{"not_picked":["Slimebound:RollThrough"],"picked":"SKIP","floor":44},{"not_picked":["Slimebound:GrowthPunch+1"],"picked":"SKIP","floor":45},{"not_picked":["Slimebound:RollThrough+1"],"picked":"SKIP","floor":48},{"not_picked":["Slimebound:Schlurp"],"picked":"SKIP","floor":49}],"player_experience":599200,"relics_obtained":[{"floor":7.0,"key":"Omamori"},{"floor":18.0,"key":"Replay:Wax Seal"},{"floor":24,"key":"infinitespire:CheckeredPen"},{"floor":38,"key":"Old Coin"},{"floor":43,"key":"Kunai"}],"event_choices":[{"damage_healed":0.0,"max_hp_gain":0.0,"max_hp_loss":0.0,"gold_gain":0.0,"cards_transformed":["Slimebound:Strike_Slimebound"],"event_name":"Transmorgrifier","player_choice":"Transformed","floor":11.0,"gold_loss":0.0,"damage_taken":0.0,"cards_obtained":["Slimebound:SelfFormingGoo"]},{"damage_healed":0,"gold_gain":0,"player_choice":"Stole Relic","damage_taken":0,"relics_obtained":["ReplayFunnel"],"max_hp_gain":0,"max_hp_loss":0,"event_name":"Addict","floor":21,"gold_loss":0,"cards_obtained":["Shame"]},{"cards_removed":["Slimebound:Defend_Slimebound"],"damage_healed":0,"gold_gain":0,"player_choice":"Took Card","damage_taken":0,"max_hp_gain":0,"max_hp_loss":0,"event_name":"NoteForYourself","floor":22,"gold_loss":0,"cards_obtained":["Swivel"]},{"damage_healed":0,"gold_gain":0,"player_choice":"Forge","damage_taken":0,"max_hp_gain":0,"max_hp_loss":0,"event_name":"Accursed Blacksmith","floor":47,"gold_loss":0,"cards_upgraded":["Swivel"]}],"is_beta":false,"boss_relics":[{"not_picked":["Philosopher\u0027s Stone","ReplayTheSpireMod:DimensionalGlitch"],"picked":"downfall:Hecktoplasm"},{"not_picked":["Ring of Chaos","Velvet Choker"],"picked":"Busted Crown"}],"items_purged_floors":[5,39],"is_endless":false,"potions_floor_spawned":[3,4,12,14,15,16,19,30,33,40,43,44,45],"ascension_level":0}}