{"host":"hnrafgucdht3qvsp","time":1609549421,"event":{"mods":["BaseMod","Colored Map","Minty Spire (QoL Compilation)","Relic Stats","StSLib"],"gold_per_floor":[110,123,123,56,71,71,91,118,118,148,185,225,225,235,235,360,360,405,446,482,482,492,492,492],"floor_reached":23,"playtime":1346,"items_purged":[],"score":269,"play_id":"79d850af-94be-4f3e-bf08-28bdd7b77ebc","local_time":"20210101200341","is_ascension_mode":true,"campfire_choices":[{"data":"Eruption","floor":6,"key":"SMITH"},{"data":"DevaForm","floor":13,"key":"SMITH"},{"floor":15,"key":"REST"}],"circlet_count":0,"master_deck":["Strike_P","Strike_P","Strike_P","Strike_P","Defend_P","Defend_P","Defend_P","Defend_P","Eruption+1","Vigilance","DevaForm+1","ClearTheMind","CarveReality","Meditate","Adaptation","Wish","SpiritShield","ReachHeaven","Crescendo+1","Necronomicurse","ClearTheMind+1"],"relics":["PureWater","Oddly Smooth Stone","Darkstone Periapt","Happy Flower","Pen Nib","Sozu","Necronomicon"],"acts_visited":["Exordium","TheCity"],"potions_floor_usage":[10,10,16,18,22],"damage_taken":[{"damage":9,"enemies":"2 Louse","floor":1,"turns":3},{"damage":3,"enemies":"Small Slimes","floor":2,"turns":4},{"damage":3,"enemies":"Cultist","floor":5,"turns":4},{"damage":0,"enemies":"Large Slime","floor":7,"turns":5},{"damage":9,"enemies":"Lagavulin","floor":8,"turns":7},{"damage":0,"enemies":"Gremlin Nob","floor":10,"turns":2},{"damage":14,"enemies":"Looter","floor":11,"turns":4},{"damage":18,"enemies":"Exordium Wildlife","floor":12,"turns":6},{"damage":7,"enemies":"Red Slaver","floor":14,"turns":3},{"damage":23,"enemies":"Slime Boss","floor":16,"turns":6},{"damage":6,"enemies":"Chosen","floor":18,"turns":7},{"damage":3,"enemies":"3 Byrds","floor":19,"turns":6},{"damage":30,"enemies":"Centurion and Healer","floor":20,"turns":6},{"damage":20,"enemies":"3 Cultists","floor":22,"turns":5},{"damage":17,"enemies":"Gremlin Leader","floor":23,"turns":2}],"seed_played":"2214600613037821704","potions_obtained":[{"floor":2,"key":"Ambrosia"},{"floor":5,"key":"SteroidPotion"},{"floor":7,"key":"Weak Potion"},{"floor":12,"key":"Fruit Juice"},{"floor":14,"key":"LiquidMemories"}],"is_trial":false,"path_per_floor":["M","M","?","?","M","R","M","E","T","E","M","M","R","M","R","B",null,"M","M","M","?","M","E"],"character_chosen":"WATCHER","items_purchased":[],"campfire_rested":1,"item_purchase_floors":[],"current_hp_per_floor":[63,60,65,65,62,62,62,53,53,53,39,21,21,14,37,19,82,76,73,43,33,13,0,0],"gold":492,"neow_bonus":"ONE_RANDOM_RARE_CARD","is_daily":false,"chose_seed":false,"campfire_upgraded":2,"win_rate":0.0,"timestamp":1609549421,"path_taken":["M","M","?","?","M","R","M","E","T","E","M","M","R","?","R","BOSS","M","M","M","?","M","E"],"items_purchased_type":[],"build_version":"2020-12-22","purchased_purges":0,"victory":false,"max_hp_per_floor":[72,72,77,77,77,77,77,77,77,77,77,77,77,77,77,82,82,82,82,82,88,88,88,88],"relic_stats":{"Darkstone Periapt":6,"Sozu":1,"Happy Flower":[15],"counters":[15,70],"Pen Nib":[7],"Necronomicon":[1],"obtain_stats":[{"Darkstone Periapt":8,"Sozu":17,"Happy Flower":9,"Oddly Smooth Stone":4,"Pen Nib":10,"Necronomicon":21,"PureWater":0},{"Darkstone Periapt":5,"Sozu":10,"Happy Flower":5,"Oddly Smooth Stone":2,"Pen Nib":6,"Necronomicon":13,"PureWater":0},{"Darkstone Periapt":23,"Sozu":44,"Happy Flower":23,"Oddly Smooth Stone":7,"Pen Nib":25,"Necronomicon":63,"PureWater":0}]},"card_choices":[{"not_picked":["EmptyFist","ThirdEye"],"picked":"ClearTheMind","floor":1},{"not_picked":["Evaluate","EmptyBody"],"picked":"CarveReality","floor":2},{"not_picked":["Prostrate","Vengeance"],"picked":"Meditate","floor":5},{"not_picked":["WindmillStrike","EmptyFist","PathToVictory"],"picked":"SKIP","floor":7},{"not_picked":["PathToVictory","DeceiveReality"],"picked":"Adaptation","floor":8},{"not_picked":["Sanctity","WindmillStrike"],"picked":"Wish","floor":10},{"not_picked":["JustLucky","ThirdEye","EmptyFist"],"picked":"SKIP","floor":11},{"not_picked":["Consecrate","EmptyFist","Weave"],"picked":"SKIP","floor":12},{"not_picked":["CrushJoints","CutThroughFate","Meditate"],"picked":"SKIP","floor":14},{"not_picked":["Ragnarok","Brilliance"],"picked":"SpiritShield","floor":16},{"not_picked":["Crescendo","CutThroughFate","SashWhip"],"picked":"SKIP","floor":18},{"not_picked":["Crescendo","JustLucky"],"picked":"ReachHeaven","floor":19},{"not_picked":["DevaForm","CutThroughFate+1"],"picked":"Crescendo+1","floor":20},{"not_picked":["CrushJoints+1","FlurryOfBlows+1"],"picked":"ClearTheMind+1","floor":22}],"player_experience":381189,"relics_obtained":[{"floor":8,"key":"Darkstone Periapt"},{"floor":9,"key":"Happy Flower"},{"floor":10,"key":"Pen Nib"},{"floor":21,"key":"Necronomicon"}],"event_choices":[{"damage_healed":0,"gold_gain":0,"player_choice":"Donut","damage_taken":0,"max_hp_gain":5,"max_hp_loss":0,"event_name":"Big Fish","floor":3,"gold_loss":0},{"damage_healed":0,"gold_gain":0,"player_choice":"Paid Gold","damage_taken":0,"relics_obtained":["Oddly Smooth Stone"],"max_hp_gain":0,"max_hp_loss":0,"event_name":"WeMeetAgain","floor":4,"gold_loss":67},{"damage_healed":0,"gold_gain":0,"player_choice":"Obtained Book","damage_taken":16,"max_hp_gain":0,"max_hp_loss":0,"event_name":"Cursed Tome","floor":21,"gold_loss":0}],"is_beta":false,"boss_relics":[{"not_picked":["Ectoplasm","Coffee Dripper"],"picked":"Sozu"}],"items_purged_floors":[],"is_endless":false,"potions_floor_spawned":[2,5,7,12,14,22],"killed_by":"Gremlin Leader","ascension_level":1}}