{"host":"Alvar","time":1609583967,"event":{"mods":["AchievementEnabler","BaseMod","Minty Spire (QoL Compilation)","StSLib"],"gold_per_floor":[114,114,127,127,15,45,45,78,78,78,97,97,97],"floor_reached":12,"playtime":190,"items_purged":["Strike_B"],"score":216,"play_id":"2c9a393e-53c4-4daf-bbbd-4d261c48b1a6","local_time":"20210102173927","is_ascension_mode":true,"campfire_choices":[],"circlet_count":0,"master_deck":["AscendersBane","Strike_B","Strike_B","Strike_B","Defend_B","Defend_B","Defend_B","Defend_B","Zap+1","Dualcast+1","Sunder","Doom and Gloom","Undo","Coolheaded"],"relics":["Cracked Core","NeowsBlessing","Bag of Preparation","Centennial Puzzle","MealTicket","Smiling Mask","Golden Idol"],"acts_visited":["Exordium"],"potions_floor_usage":[12],"damage_taken":[{"damage":0,"enemies":"2 Louse","floor":1,"turns":1},{"damage":0,"enemies":"Cultist","floor":3,"turns":1},{"damage":0,"enemies":"Gremlin Nob","floor":6,"turns":1},{"damage":25,"enemies":"3 Sentries","floor":8,"turns":4},{"damage":0,"enemies":"Small Slimes","floor":11,"turns":1},{"damage":38,"enemies":"Gremlin Nob","floor":12,"turns":3}],"seed_played":"-6704584365803331102","potions_obtained":[{"floor":1,"key":"EssenceOfSteel"},{"floor":2,"key":"Strength Potion"},{"floor":2,"key":"CultistPotion"}],"is_trial":false,"path_per_floor":["M","?","M","?","$","E","T","E","T","?","M","E"],"character_chosen":"DEFECT","items_purchased":["Doom and Gloom"],"campfire_rested":0,"item_purchase_floors":[5],"current_hp_per_floor":[64,64,64,43,43,43,43,18,18,18,18,0,0],"gold":97,"neow_bonus":"THREE_ENEMY_KILL","is_daily":false,"chose_seed":false,"campfire_upgraded":0,"win_rate":0.0,"timestamp":1609583967,"path_taken":["M","?","?","?","$","E","?","E","T","?","?","E"],"items_purchased_type":["Card"],"build_version":"2020-12-18","purchased_purges":1,"victory":false,"max_hp_per_floor":[71,71,71,71,71,71,71,71,71,64,64,64,64],"card_choices":[{"not_picked":["BootSequence","Steam"],"picked":"Sunder","floor":1},{"not_picked":["Leap","Force Field","Darkness"],"picked":"SKIP","floor":3},{"not_picked":["Leap","Rebound"],"picked":"Undo","floor":6},{"not_picked":["Cold Snap","Conserve Battery"],"picked":"Coolheaded","floor":8},{"not_picked":["Hello World","Cold Snap","Skim"],"picked":"SKIP","floor":11}],"player_experience":764639,"relics_obtained":[{"floor":6,"key":"Bag of Preparation"},{"floor":7,"key":"Centennial Puzzle"},{"floor":8,"key":"MealTicket"},{"floor":9,"key":"Smiling Mask"}],"event_choices":[{"damage_healed":0,"gold_gain":0,"player_choice":"Got Potions","damage_taken":0,"max_hp_gain":0,"max_hp_loss":0,"event_name":"Lab","floor":2,"gold_loss":0},{"damage_healed":0,"gold_gain":0,"player_choice":"Entered Light","damage_taken":21,"max_hp_gain":0,"max_hp_loss":0,"event_name":"Shining Light","floor":4,"gold_loss":0,"cards_upgraded":["Zap","Dualcast"]},{"damage_healed":0,"gold_gain":0,"player_choice":"Lose Max HP","damage_taken":0,"relics_obtained":["Golden Idol"],"max_hp_gain":0,"max_hp_loss":7,"event_name":"Golden Idol","floor":10,"gold_loss":0}],"is_beta":true,"boss_relics":[],"items_purged_floors":[5],"is_endless":false,"potions_floor_spawned":[1,11],"killed_by":"Gremlin Nob","ascension_level":19}}