{"host":"w9yruvs4bqht6bhw","time":1609554735,"event":{"mods":["BaseMod","Colored Powertips","Minty Spire (QoL Compilation)"],"gold_per_floor":[114,127,146,22,22,53,53,53,53,53,71,82,111,11,11,111,111,127,127,127,127,2,2,2,2,2,12,27,59,76,92,92,191,191,211,231,80,100,200,200,216,216,294,145,157,177,189,199,199,199],"floor_reached":51,"playtime":1751,"items_purged":["Strike_R","Strike_R","Strike_R","Strike_R","Clothesline"],"score":915,"play_id":"d5f3b0a6-222e-4e05-ba8c-49900c280af9","local_time":"20210101213215","is_ascension_mode":true,"campfire_choices":[{"data":"Anger","floor":7,"key":"SMITH"},{"data":"Spot Weakness","floor":10,"key":"SMITH"},{"data":"Clash","floor":15,"key":"SMITH"},{"data":"Limit Break","floor":23,"key":"SMITH"},{"data":"Rage","floor":25,"key":"SMITH"},{"data":"Shrug It Off","floor":32,"key":"SMITH"},{"data":"Double Tap","floor":40,"key":"SMITH"},{"floor":42,"key":"REST"},{"floor":49,"key":"REST"}],"circlet_count":0,"master_deck":["Defend_R","Defend_R","Defend_R","Defend_R","Bash","Spot Weakness+1","Clash+1","Anger+1","Anger+1","Anger+1","Limit Break+1","Anger+1","Rage+1","Shrug It Off+1","Uppercut+1","Clash+1","Heavy Blade+1","Double Tap+1","Flex+1","Flex","Anger+1","Ghostly Armor+1","Anger+1"],"relics":["Burning Blood","Molten Egg 2","Sundial","Anchor","Odd Mushroom","SlaversCollar","MutagenicStrength","Self Forming Clay","Oddly Smooth Stone","Smiling Mask","SacredBark","Kunai"],"acts_visited":["Exordium","TheCity","TheBeyond"],"potions_floor_usage":[6,16,16,29,29,30,41,45,46,50,50,50],"damage_taken":[{"damage":2,"enemies":"Jaw Worm","floor":1,"turns":3},{"damage":2,"enemies":"Small Slimes","floor":2,"turns":4},{"damage":6,"enemies":"2 Louse","floor":3,"turns":2},{"damage":20,"enemies":"3 Sentries","floor":6,"turns":7},{"damage":0,"enemies":"2 Fungi Beasts","floor":11,"turns":2},{"damage":0,"enemies":"Blue Slaver","floor":12,"turns":2},{"damage":10,"enemies":"The Mushroom Lair","floor":13,"turns":3},{"damage":12,"enemies":"The Guardian","floor":16,"turns":5},{"damage":12,"enemies":"Shell Parasite","floor":18,"turns":4},{"damage":5,"enemies":"Spheric Guardian","floor":27,"turns":3},{"damage":4,"enemies":"Centurion and Healer","floor":28,"turns":4},{"damage":7,"enemies":"Slavers","floor":29,"turns":4},{"damage":16,"enemies":"Shelled Parasite and Fungi","floor":30,"turns":4},{"damage":14,"enemies":"Cultist and Chosen","floor":31,"turns":6},{"damage":42,"enemies":"Automaton","floor":33,"turns":7},{"damage":17,"enemies":"3 Darklings","floor":35,"turns":7},{"damage":0,"enemies":"3 Shapes","floor":36,"turns":3},{"damage":18,"enemies":"Transient","floor":38,"turns":5},{"damage":15,"enemies":"4 Shapes","floor":41,"turns":5},{"damage":77,"enemies":"Maw","floor":45,"turns":8},{"damage":22,"enemies":"Spire Growth","floor":46,"turns":4},{"damage":1,"enemies":"Jaw Worm Horde","floor":47,"turns":5},{"damage":0,"enemies":"Transient","floor":48,"turns":5},{"damage":60,"enemies":"Time Eater","floor":50,"turns":13}],"seed_played":"7096168978829189462","potions_obtained":[{"floor":2,"key":"LiquidBronze"},{"floor":6,"key":"Weak Potion"},{"floor":11,"key":"DuplicationPotion"},{"floor":16,"key":"Strength Potion"},{"floor":29,"key":"ColorlessPotion"},{"floor":33,"key":"Dexterity Potion"},{"floor":36,"key":"Explosive Potion"},{"floor":45,"key":"AttackPotion"},{"floor":47,"key":"Weak Potion"},{"floor":48,"key":"HeartOfIron"}],"is_trial":false,"path_per_floor":["M","M","M","$","?","E","R","?","T","R","M","M","?","$","R","B",null,"M","?","?","?","$","R","T","R","T","M","M","E","M","M","R","B",null,"M","M","$","M","?","R","M","R","T","$","M","M","M","M","R","B",null],"character_chosen":"IRONCLAD","items_purchased":["Strength Potion","FairyPotion","Anger+1","LiquidMemories"],"campfire_rested":2,"item_purchase_floors":[4,37,44,44],"current_hp_per_floor":[76,80,80,80,85,71,71,64,64,64,70,76,72,72,72,66,80,74,74,74,74,74,74,74,74,74,75,77,76,66,58,58,22,69,58,64,64,52,52,52,43,68,68,68,57,41,46,52,77,23],"gold":199,"neow_bonus":"THREE_CARDS","is_daily":false,"chose_seed":false,"campfire_upgraded":7,"win_rate":0.0,"timestamp":1609554735,"path_taken":["M","M","M","$","?","E","R","?","T","R","M","M","?","?","R","BOSS","M","?","?","?","?","R","?","R","T","M","M","E","?","M","R","BOSS","M","M","$","M","?","R","M","R","T","$","M","M","?","M","R","BOSS"],"items_purchased_type":["Potion","Potion","Card","Potion"],"build_version":"2020-12-22","purchased_purges":5,"victory":true,"max_hp_per_floor":[80,80,80,80,85,85,85,85,85,85,85,85,85,85,85,85,85,85,85,85,85,85,85,85,85,85,85,85,85,85,85,85,85,85,85,85,85,85,85,85,85,85,85,85,85,85,85,85,85,85],"card_choices":[{"not_picked":["Clothesline","Shrug It Off"],"picked":"Spot Weakness","floor":0},{"not_picked":["Armaments","Dark Embrace"],"picked":"Clash","floor":1},{"not_picked":["Wild Strike","Perfected Strike"],"picked":"Clothesline","floor":2},{"not_picked":["Reckless Charge","Clothesline"],"picked":"Anger","floor":3},{"not_picked":["Dark Embrace","Barricade"],"picked":"Anger+1","floor":6},{"not_picked":["Bloodletting","Clothesline+1","Headbutt+1"],"picked":"SKIP","floor":11},{"not_picked":["Warcry","Reckless Charge+1"],"picked":"Anger+1","floor":12},{"not_picked":["Juggernaut","Feed+1"],"picked":"Limit Break","floor":16},{"not_picked":["True Grit+1","Twin Strike+1"],"picked":"Anger+1","floor":18},{"not_picked":["Power Through","Perfected Strike+1"],"picked":"Shrug It Off","floor":27},{"not_picked":["Body Slam+1","Dark Embrace"],"picked":"Uppercut+1","floor":28},{"not_picked":["Fire Breathing","Combust"],"picked":"Clash+1","floor":29},{"not_picked":["Clothesline+1","Shockwave","Havoc+1"],"picked":"SKIP","floor":30},{"not_picked":["Second Wind","Blood for Blood+1"],"picked":"Heavy Blade+1","floor":31},{"not_picked":["Brutality","Demon Form"],"picked":"Double Tap","floor":33},{"not_picked":["Uppercut+1","Clash+1"],"picked":"Flex+1","floor":35},{"not_picked":["Wild Strike+1","Cleave+1","Fire Breathing"],"picked":"SKIP","floor":36},{"not_picked":["Fire Breathing","Cleave+1","Clothesline+1"],"picked":"SKIP","floor":38},{"not_picked":["Cleave+1","Body Slam+1"],"picked":"Flex","floor":41},{"not_picked":["Flex","Warcry"],"picked":"Ghostly Armor+1","floor":45},{"not_picked":["Heavy Blade+1","Barricade"],"picked":"Anger+1","floor":46},{"not_picked":["Wild Strike+1","Reckless Charge+1","Thunderclap+1"],"picked":"SKIP","floor":47},{"not_picked":["Havoc","Fire Breathing","Body Slam+1"],"picked":"SKIP","floor":48}],"player_experience":248127,"relics_obtained":[{"floor":6,"key":"Molten Egg 2"},{"floor":9,"key":"Anchor"},{"floor":13,"key":"Odd Mushroom"},{"floor":24,"key":"Self Forming Clay"},{"floor":26,"key":"Oddly Smooth Stone"},{"floor":29,"key":"Smiling Mask"},{"floor":43,"key":"Kunai"}],"event_choices":[{"damage_healed":0,"gold_gain":0,"player_choice":"Donut","damage_taken":0,"max_hp_gain":5,"max_hp_loss":0,"event_name":"Big Fish","floor":5,"gold_loss":0},{"damage_healed":0,"gold_gain":0,"player_choice":"Success","damage_taken":7,"relics_obtained":["Sundial"],"max_hp_gain":0,"max_hp_loss":0,"event_name":"Scrap Ooze","floor":8,"gold_loss":0},{"damage_healed":0,"gold_gain":0,"player_choice":"Fought Mushrooms","damage_taken":0,"max_hp_gain":0,"max_hp_loss":0,"event_name":"Mushrooms","floor":13,"gold_loss":0},{"damage_healed":0,"gold_gain":0,"player_choice":"Inject Mutagens","damage_taken":0,"relics_obtained":["MutagenicStrength"],"max_hp_gain":0,"max_hp_loss":0,"event_name":"Drug Dealer","floor":19,"gold_loss":0},{"cards_removed":["Strike_R"],"damage_healed":0,"gold_gain":0,"player_choice":"Elegance","damage_taken":0,"max_hp_gain":0,"max_hp_loss":0,"event_name":"Back to Basics","floor":20,"gold_loss":0},{"damage_healed":0,"gold_gain":0,"player_choice":"Read","damage_taken":0,"max_hp_gain":0,"max_hp_loss":0,"event_name":"The Library","floor":21,"gold_loss":0,"cards_obtained":["Rage"]},{"damage_healed":0,"gold_gain":100,"player_choice":"Pray","damage_taken":0,"max_hp_gain":0,"max_hp_loss":0,"event_name":"Golden Shrine","floor":39,"gold_loss":0}],"is_beta":false,"boss_relics":[{"not_picked":["Pandora\u0027s Box","Calling Bell"],"picked":"SlaversCollar"},{"not_picked":["Tiny House","Mark of Pain"],"picked":"SacredBark"}],"items_purged_floors":[4,14,22,37,44],"is_endless":false,"potions_floor_spawned":[2,6,11,16,29,33,36,45,47,48],"ascension_level":6}}