{"host":"7o30bgpqouqblh42","time":1609550253,"event":{"mods":["AchievementEnabler","Aspiration","BaseMod","Colored Map","Downfall","Highlight Path","Minty Spire (QoL Compilation)","StSLib","SuperFastMode"],"gold_per_floor":[111,124,140,42,57,57,67,128,177,9,36,36,55,71,71,170,170,181,181,96,120,120,120,120],"floor_reached":23,"playtime":1100,"items_purged":[],"score":216,"play_id":"7df56501-00f8-46c4-b203-05f3a988b44d","local_time":"20210101201733","is_ascension_mode":false,"campfire_choices":[{"data":"ReachHeaven","floor":6,"key":"SMITH"},{"data":"Mayhem","floor":12,"key":"SMITH"},{"data":"SandsOfTime","floor":15,"key":"SMITH"}],"circlet_count":0,"master_deck":["Strike_P+1","Strike_P+1","Strike_P+1","Strike_P+1","Defend_P+1","Defend_P+1","Defend_P+1","Defend_P+1","Eruption","Vigilance","MentalFortress","ReachHeaven+1","EmptyBody","CutThroughFate","EmptyMind","TalkToTheHand","Mayhem+1","TalkToTheHand","InnerPeace","SandsOfTime+1","ConjureBlade","CurseOfTheBell","FlurryOfBlows+1","BattleHymn"],"relics":["PureWater","NeowsBlessing","Toy Ornithopter","Regal Pillow","Calling Bell","Juzu Bracelet","Mercury Hourglass","Peace Pipe","PrismaticShard","aspiration:ChemicalBlood","Vajra"],"acts_visited":["Exordium","TheCity"],"potions_floor_usage":[11,11,13],"damage_taken":[{"damage":0,"enemies":"Cultist","floor":1,"turns":1},{"damage":0,"enemies":"2 Louse","floor":2,"turns":2},{"damage":0,"enemies":"Jaw Worm","floor":3,"turns":1},{"damage":8,"enemies":"Exordium Wildlife","floor":5,"turns":5},{"damage":5,"enemies":"Looter","floor":7,"turns":2},{"damage":0,"enemies":"Lagavulin","floor":11,"turns":5},{"damage":1,"enemies":"Large Slime","floor":13,"turns":5},{"damage":24,"enemies":"Blue Slaver","floor":14,"turns":3},{"damage":19,"enemies":"Hexaghost","floor":16,"turns":8},{"damage":23,"enemies":"Shell Parasite","floor":18,"turns":4},{"damage":46,"enemies":"Book of Stabbing","floor":23,"turns":4}],"seed_played":"-3698674700629625552","potions_obtained":[{"floor":2,"key":"BottledMiracle"},{"floor":7,"key":"Swift Potion"},{"floor":11,"key":"Fruit Juice"}],"is_trial":false,"path_per_floor":["M","M","M","$","M","R","M","?","T","$","E","R","M","M","R","B",null,"M","?","?","T","?","E"],"character_chosen":"WATCHER","items_purchased":["CutThroughFate","EmptyMind","Mayhem"],"campfire_rested":0,"item_purchase_floors":[4,4,10],"current_hp_per_floor":[72,72,72,72,64,64,59,59,59,59,69,69,77,53,53,34,77,54,46,46,46,46,0,0],"gold":120,"neow_bonus":"THREE_ENEMY_KILL","is_daily":false,"chose_seed":false,"campfire_upgraded":3,"win_rate":0.0,"timestamp":1609550253,"path_taken":["M","?","M","?","M","R","M","?","T","?","E","R","?","M","R","BOSS","M","?","?","?","?","E"],"items_purchased_type":["Card","Card","Card"],"build_version":"2020-12-22","purchased_purges":0,"victory":false,"max_hp_per_floor":[72,72,72,72,72,72,72,72,72,72,72,72,77,77,77,77,77,77,77,77,77,77,77,77],"card_choices":[{"not_picked":["ClearTheMind","Tantrum"],"picked":"MentalFortress","floor":1},{"not_picked":["Halt","CarveReality"],"picked":"ReachHeaven","floor":2},{"not_picked":["BowlingBash","MentalFortress"],"picked":"EmptyBody","floor":3},{"not_picked":["Wallop","FollowUp"],"picked":"TalkToTheHand","floor":5},{"not_picked":["EmptyFist","Halt","CutThroughFate"],"picked":"SKIP","floor":7},{"not_picked":["Indignation","SashWhip"],"picked":"TalkToTheHand","floor":11},{"not_picked":["FollowUp","FlurryOfBlows"],"picked":"InnerPeace","floor":13},{"not_picked":["Tantrum","Collect"],"picked":"SandsOfTime","floor":14},{"not_picked":["Vault","Scrawl"],"picked":"ConjureBlade","floor":16},{"not_picked":["CutThroughFate","Protect"],"picked":"FlurryOfBlows+1","floor":18},{"not_picked":["EmptyFist","Consecrate"],"picked":"BattleHymn","floor":19}],"player_experience":218508,"relics_obtained":[{"floor":9,"key":"Toy Ornithopter"},{"floor":11,"key":"Regal Pillow"},{"floor":17,"key":"Juzu Bracelet"},{"floor":17,"key":"Mercury Hourglass"},{"floor":17,"key":"Peace Pipe"},{"floor":19,"key":"PrismaticShard"},{"floor":21,"key":"Vajra"}],"event_choices":[{"damage_healed":0,"gold_gain":61,"player_choice":"Gained Gold","damage_taken":0,"max_hp_gain":0,"max_hp_loss":0,"event_name":"Golden Wing","floor":8,"gold_loss":0},{"damage_healed":0,"gold_gain":0,"player_choice":"Obtained Relic","damage_taken":0,"relics_obtained":["aspiration:ChemicalBlood"],"max_hp_gain":0,"max_hp_loss":0,"event_name":"Addict","floor":20,"gold_loss":85},{"damage_healed":0,"gold_gain":0,"player_choice":"Simplicity","damage_taken":0,"max_hp_gain":0,"max_hp_loss":0,"event_name":"Back to Basics","floor":22,"gold_loss":0,"cards_upgraded":["Strike_P","Strike_P","Strike_P","Strike_P","Defend_P","Defend_P","Defend_P","Defend_P"]}],"is_beta":false,"boss_relics":[{"not_picked":["Empty Cage","expansioncontent:StudyCardRelic"],"picked":"Calling Bell"}],"items_purged_floors":[],"is_endless":false,"potions_floor_spawned":[2,7,11],"killed_by":"Book of Stabbing","ascension_level":0}}