{"host":"hu38hxukylnnynm2","time":1609572601,"event":{"mods":["AchievementEnabler","BaseMod","Card Forge","Colored Powertips","DNKmod","DeckTracker","Friendly Minions","Highlight Path","Minty Spire (QoL Compilation)","Spicy Shops","StSLib"],"gold_per_floor":[1010,1020,426,426,426,455,465,483,507,534,591,605,605,633,633,731,731,748,145,165,183,183,218,218,250,329,345,356,387,399,433,433,533,533,553,564,839,77,94,124,178,178,178,215,233,257,278,316,316,316,316,316,7,42,42],"floor_reached":56,"playtime":2906,"items_purged":[],"score":2061,"play_id":"e20b4490-d19a-4326-94bf-c8f1f83bf28e","local_time":"20210102023001","is_ascension_mode":true,"campfire_choices":[{"floor":13,"key":"RECALL"},{"floor":15,"key":"REST"},{"floor":32,"key":"REST"},{"floor":42,"key":"REST"},{"floor":49,"key":"REST"},{"floor":52,"key":"REST"}],"circlet_count":0,"master_deck":["Strike_G+1","Strike_G+1","Strike_G+1","Strike_G+1","Strike_G+1","Defend_G+1","Defend_G+1","Defend_G+1","Defend_G+1","Defend_G+1","Survivor+1","Neutralize+1","Backflip+1","Acrobatics+1","Phantasmal Killer+1","Predator+1","Backstab+1","Skewer+1","Dodge and Roll+1","Concentrate+1","Doppelganger+1","Dagger Throw+1","Outmaneuver+1","Backstab+1","Prepared+1","Footwork+1","Bane+1","Flying Knee+1","Unload+1","Terror+1","Backstab+1","Night Terror+1","Riddle With Holes+1","Noxious Fumes+1","Blade Dance+1","Dash+1","Blade Dance+1","Accuracy+1","PiercingWail+1","Madness+1","Madness+1","Catalyst+1","Cloak And Dagger+1","Accuracy+1","Tools of the Trade"],"relics":["Ring of the Snake","Hammer of Thor","Seething Fire","Anvil of the Gods","Pen Nib","Lantern","Vajra","Potion Belt","Ancient Tea Set","WarpedTongs","Art of War","Gremlin Horn","Kunai","Fusion Hammer","TwistedFunnel","ClockworkSouvenir","Eternal Feather","Orichalcum","The Specimen","Smiling Mask","Pear","HornCleat","StrikeDummy","WristBlade","Happy Flower","Thread and Needle","HandDrill","Bag of Marbles","Turnip","CeramicFish","Incense Burner","Boot","Nunchaku","Snake Skull","Pocketwatch"],"acts_visited":["Exordium","TheCity","TheBeyond","TheEnding"],"potions_floor_usage":[16,16,33,33,33,46,50,50,50,55,55],"damage_taken":[{"damage":0.0,"enemies":"2 Louse","floor":1.0,"turns":3.0},{"damage":0.0,"enemies":"Small Slimes","floor":2.0,"turns":2.0},{"damage":4.0,"enemies":"3 Sentries","floor":6.0,"turns":5.0},{"damage":0,"enemies":"Cultist","floor":7,"turns":2},{"damage":0,"enemies":"2 Fungi Beasts","floor":8,"turns":1},{"damage":0,"enemies":"Gremlin Nob","floor":10,"turns":2},{"damage":0,"enemies":"3 Louse","floor":12,"turns":1},{"damage":0,"enemies":"3 Sentries","floor":14,"turns":2},{"damage":10,"enemies":"The Guardian","floor":16,"turns":4},{"damage":0,"enemies":"Spheric Guardian","floor":18,"turns":1},{"damage":0,"enemies":"2 Thieves","floor":20,"turns":2},{"damage":0,"enemies":"3 Cultists","floor":21,"turns":3},{"damage":2,"enemies":"Book of Stabbing","floor":23,"turns":2},{"damage":0,"enemies":"Gremlin Leader","floor":25,"turns":1},{"damage":0,"enemies":"Centurion and Healer","floor":27,"turns":2},{"damage":0,"enemies":"Snecko","floor":28,"turns":1},{"damage":0,"enemies":"Slavers","floor":29,"turns":2},{"damage":0,"enemies":"Shelled Parasite and Fungi","floor":30,"turns":1},{"damage":0,"enemies":"Book of Stabbing","floor":31,"turns":3},{"damage":1,"enemies":"Automaton","floor":33,"turns":4},{"damage":0,"enemies":"3 Shapes","floor":35,"turns":1},{"damage":0,"enemies":"Orb Walker","floor":36,"turns":1},{"damage":0,"enemies":"Writhing Mass","floor":39,"turns":3},{"damage":0,"enemies":"Giant Head","floor":40,"turns":4},{"damage":0,"enemies":"2 Orb Walkers","floor":41,"turns":2},{"damage":8,"enemies":"Reptomancer","floor":44,"turns":2},{"damage":0,"enemies":"Transient","floor":46,"turns":5},{"damage":0,"enemies":"4 Shapes","floor":47,"turns":1},{"damage":0,"enemies":"Giant Head","floor":48,"turns":3},{"damage":8,"enemies":"Awakened One","floor":50,"turns":4},{"damage":1,"enemies":"Shield and Spear","floor":54,"turns":3},{"damage":97,"enemies":"The Heart","floor":55,"turns":7}],"seed_played":"-7627095448678801163","potions_obtained":[{"floor":0.0,"key":"GamblersBrew"},{"floor":0.0,"key":"GamblersBrew"},{"floor":0.0,"key":"Dexterity Potion"},{"floor":1.0,"key":"Regen Potion"},{"floor":6.0,"key":"PowerPotion"},{"floor":8,"key":"PowerPotion"},{"floor":14,"key":"SkillPotion"},{"floor":18,"key":"Swift Potion"},{"floor":20,"key":"FearPotion"},{"floor":28,"key":"Ancient Potion"},{"floor":39,"key":"PowerPotion"},{"floor":41,"key":"Poison Potion"},{"floor":46,"key":"Explosive Potion"}],"is_trial":false,"path_per_floor":["M","M","$","?","?","E","M","M","T","E","?","M","R","E","R","B",null,"M","$","M","M","?","E","?","E","T","M","M","E","M","E","R","B",null,"M","M","?","$","M","E","?","R","T","E","?","M","M","E","R","B",null,"R","$","E","B",null],"character_chosen":"THE_SILENT","items_purchased":["Pen Nib","Lantern","Vajra","Potion Belt","TwistedFunnel","ClockworkSouvenir","Eternal Feather","Orichalcum","Happy Flower","Thread and Needle","HandDrill","Blade Dance","LiquidMemories","Nunchaku","Snake Skull"],"campfire_rested":5,"item_purchase_floors":[3,3,3,3,19,19,19,19,38,38,38,38,38,53,53],"current_hp_per_floor":[100,100,100,88,88,84,84,84,84,84,84,84,84,84,100,90,98,98,98,98,98,98,96,96,96,106,106,106,106,106,106,110,109,110,110,110,110,110,110,110,110,110,110,102,88,103,103,103,110,102,108,110,110,109,12],"gold":42,"neow_bonus":"THREE_SMALL_POTIONS","is_daily":false,"chose_seed":false,"campfire_upgraded":0,"win_rate":0.0,"timestamp":1609572601,"path_taken":["M","M","$","?","?","E","M","?","T","E","?","M","R","E","R","BOSS","M","$","M","M","?","E","?","E","T","M","M","E","M","E","R","BOSS","M","M","?","?","M","E","?","R","T","E","?","M","M","E","R","BOSS","R","$","E","BOSS"],"items_purchased_type":["Relic","Relic","Relic","Relic","Relic","Relic","Relic","Relic","Relic","Relic","Relic","Card","Potion","Relic","Relic"],"build_version":"2020-12-22","purchased_purges":0,"victory":true,"max_hp_per_floor":[100,100,100,100,100,100,100,100,100,100,100,100,100,100,100,100,100,100,100,100,100,100,100,100,100,110,110,110,110,110,110,110,110,110,110,110,110,110,110,110,110,110,110,110,110,110,110,110,110,110,110,110,110,110,110],"card_choices":[{"not_picked":["PiercingWail","Eviscerate"],"picked":"Backflip","floor":1.0},{"not_picked":["Accuracy","Escape Plan"],"picked":"Acrobatics","floor":2.0},{"not_picked":["Escape Plan","Crippling Poison"],"picked":"Phantasmal Killer","floor":6.0},{"not_picked":["Poisoned Stab","Riddle With Holes"],"picked":"Predator","floor":7},{"not_picked":["Tactician","Escape Plan"],"picked":"Backstab","floor":8},{"not_picked":["Endless Agony","Blade Dance"],"picked":"Skewer","floor":10},{"not_picked":["Quick Slash","Dagger Throw"],"picked":"Dodge and Roll","floor":12},{"not_picked":["Quick Slash","Deadly Poison"],"picked":"Concentrate","floor":14},{"not_picked":["Storm of Steel","Glass Knife"],"picked":"Doppelganger","floor":16},{"not_picked":["Dagger Spray+1","Prepared+1"],"picked":"Dagger Throw","floor":18},{"not_picked":["Caltrops","Deflect+1"],"picked":"Outmaneuver","floor":20},{"not_picked":["Accuracy","Predator"],"picked":"Backstab","floor":21},{"not_picked":["Acrobatics","Predator"],"picked":"Prepared","floor":23},{"not_picked":["Cloak And Dagger+1","Slice"],"picked":"Footwork","floor":25},{"not_picked":["Riddle With Holes","Deadly Poison"],"picked":"Bane+1","floor":27},{"not_picked":["Flechettes","Acrobatics"],"picked":"Flying Knee+1","floor":28},{"not_picked":["Acrobatics","Outmaneuver"],"picked":"Unload","floor":29},{"not_picked":["Calculated Gamble","Cloak And Dagger+1"],"picked":"Terror","floor":30},{"not_picked":["Cloak And Dagger","Deflect"],"picked":"Backstab","floor":31},{"not_picked":["Doppelganger","Storm of Steel"],"picked":"Night Terror","floor":33},{"not_picked":["Eviscerate+1","Expertise+1"],"picked":"Riddle With Holes","floor":35},{"not_picked":["Backflip+1","Blade Dance"],"picked":"Noxious Fumes+1","floor":36},{"not_picked":["PiercingWail","Endless Agony"],"picked":"Dash+1","floor":39},{"not_picked":["Backflip","Bane"],"picked":"Blade Dance+1","floor":40},{"not_picked":["Flechettes+1","Caltrops+1"],"picked":"Accuracy+1","floor":41},{"not_picked":["Eviscerate","Bane"],"picked":"PiercingWail","floor":44},{"not_picked":["Dodge and Roll+1","PiercingWail"],"picked":"Catalyst+1","floor":46},{"not_picked":["Endless Agony","Acrobatics+1"],"picked":"Cloak And Dagger","floor":47},{"not_picked":["Acrobatics","Dagger Spray+1"],"picked":"Accuracy+1","floor":48},{"not_picked":["Endless Agony","Slice+1"],"picked":"Tools of the Trade","floor":54}],"player_experience":532448,"relics_obtained":[{"floor":6.0,"key":"Art of War"},{"floor":10,"key":"Gremlin Horn"},{"floor":14,"key":"Kunai"},{"floor":23,"key":"The Specimen"},{"floor":25,"key":"Smiling Mask"},{"floor":26,"key":"Pear"},{"floor":29,"key":"HornCleat"},{"floor":31,"key":"StrikeDummy"},{"floor":40,"key":"Bag of Marbles"},{"floor":41,"key":"Turnip"},{"floor":43,"key":"CeramicFish"},{"floor":44,"key":"Incense Burner"},{"floor":48,"key":"Boot"},{"floor":54,"key":"Pocketwatch"}],"event_choices":[{"damage_healed":0.0,"max_hp_gain":0.0,"max_hp_loss":0.0,"gold_gain":0.0,"event_name":"Scrap Ooze","player_choice":"Success","floor":4.0,"gold_loss":0.0,"damage_taken":12.0,"relics_obtained":["Ancient Tea Set"]},{"damage_healed":0.0,"max_hp_gain":0.0,"max_hp_loss":0.0,"gold_gain":0.0,"event_name":"Accursed Blacksmith","player_choice":"Rummage","floor":5.0,"gold_loss":0.0,"damage_taken":0.0,"relics_obtained":["WarpedTongs"],"cards_obtained":["Pain"]},{"damage_healed":0,"gold_gain":57,"player_choice":"Gained Gold","damage_taken":0,"max_hp_gain":0,"max_hp_loss":0,"event_name":"Golden Wing","floor":11,"gold_loss":0},{"damage_healed":0,"gold_gain":0,"player_choice":"Simplicity","damage_taken":0,"max_hp_gain":0,"max_hp_loss":0,"event_name":"Back to Basics","floor":22,"gold_loss":0,"cards_upgraded":[]},{"damage_healed":0,"gold_gain":0,"player_choice":"Ignored","damage_taken":0,"max_hp_gain":0,"max_hp_loss":0,"event_name":"Ghosts","floor":24,"gold_loss":0},{"damage_healed":0,"gold_gain":275,"player_choice":"Desecrate","damage_taken":0,"max_hp_gain":0,"max_hp_loss":0,"event_name":"Golden Shrine","floor":37,"gold_loss":0,"cards_obtained":["Regret"]},{"damage_healed":0,"gold_gain":0,"player_choice":"Fight","damage_taken":0,"max_hp_gain":0,"max_hp_loss":0,"event_name":"Mysterious Sphere","floor":41,"gold_loss":0},{"damage_healed":0,"gold_gain":0,"player_choice":"Embrace Madness","damage_taken":14,"max_hp_gain":0,"max_hp_loss":0,"event_name":"Winding Halls","floor":45,"gold_loss":0,"cards_obtained":["Madness","Madness"]}],"is_beta":false,"boss_relics":[{"not_picked":["Pandora\u0027s Box","Coffee Dripper"],"picked":"Fusion Hammer"},{"not_picked":["Snecko Eye","Black Star"],"picked":"WristBlade"}],"items_purged_floors":[],"is_endless":false,"potions_floor_spawned":[1,6,8,14,16,18,20,27,28,30,31,39,41,44,46,48],"ascension_level":7}}