{"host":"0cnf9zf1gia27zti","time":1609602684,"event":{"mods":["BaseMod","Better Third Choice","BetterRewards","Card Forge","ChefMod","Colored Map","Colored Powertips","Conspire","Downfall","Googly Eyes","Infinite Spire","Minty Spire (QoL Compilation)","Practice Mode","Quick Restart","Replay The Spire","Shade Mod","Spicy Shops","StSLib","The Marked"],"gold_per_floor":[138,177,177,138,174,174,267,324,372,450,537,537,618,106,106,337,337,370,31,67,117,38,38,71,158,182,182,257,257,257,35,35,266,266,317,317,38,74,74,74,149,149,149,149,224,317,85,175,340,556,772,772,810,810,860,464,509,574,619,696,780,876,931,1014,1026,1106,1118,1130,1142,1347,1359,1418,1648,1710,1735,1773,1846,1858,1590,1613,1705,1772,1804,1828,1864,1864,2163,2163,2332,2395,2572,2194,2334,2334,2565,2782,2782,2994,3221,3221,3500,3500,3500,3933,4364,4364,4364],"floor_reached":106,"playtime":41244,"items_purged":["Clothesline"],"score":6285,"play_id":"ea6d5c74-496a-4401-8a9e-c4aaf2aec225","local_time":"20210102155124","daily_mods":["SealedDeck","Heirloom","downfall:Lament","DeadlyEvents","Elite Swarm","Midas"],"is_ascension_mode":true,"campfire_choices":[{"floor":6,"key":"REST"},{"floor":12,"key":"REST"},{"floor":23,"key":"REST"},{"floor":27,"key":"REST"},{"floor":30,"key":"REST"},{"floor":32,"key":"REST"},{"floor":40,"key":"REST"},{"floor":42,"key":"REST"},{"floor":44,"key":"REST"},{"floor":69,"key":"DIG"},{"floor":78,"key":"REST"},{"floor":86,"key":"DIG"},{"data":"Fire Breathing+1","floor":94,"key":"SMITH"},{"data":"Fire Breathing+1","floor":94,"key":"SMITH"},{"floor":103,"key":"DIG"}],"circlet_count":0,"master_deck":["AscendersBane","Warcry+1","Headbutt","Whirlwind+1","Flame Barrier+1","Shrug It Off+1","Iron Wave+1","Iron Wave+1","Shrug It Off+1","Fire Breathing+2","ReplayTheSpireMod:LeadingStrike+1","Seeing Red+1","Impervious+1","Impervious+1","Fire Breathing+1","Barricade+1","Entrench+1","Reckless Charge+1","Wild Strike+1","Headbutt+1","Wild Strike+1","Flash of Steel+1","Shrug It Off+1","Iron Wave+1","Deep Breath+1","Juggernaut+1","Cleave+1","expansioncontent:BronzeBeam+1","Madness+1","Fire Breathing+2","Violence+1","Feed+1","Juggernaut+1","Barricade+1","Evolve+1","Seeing Red+1","Pot Of Greed+1","Pot Of Greed+1","Pot Of Greed+1","Pot Of Greed+1","Flame Barrier+1","Juggernaut+1","Inflame+1","Panache+1","Metallicize+1","Exhume+1","Reckless Charge","Demon Form+1","Berserk+1","Juggernaut+1","infinitespire:FutureSight+1","Warcry+1","Pot Of Greed+1","Berserk+1","Inflame+1","Entrench+1","Seeing Red+1","Wild Strike+1","Warcry+1","Mayhem+1","Body Slam+1","Juggernaut+1","Wild Strike+1","Limit Break+1","Madness+1","Madness+1","Pot Of Greed+1","Demon Form+1"],"relics":["Burning Blood","Hammer of Thor","Seething Fire","Anvil of the Gods","NeowsBlessing","Ring of Chaos","Replay:Arrowhead","Magic Flower","ReplayTheSpireMod:TigerMarble","Pet Ghost","Bottled Flame","Gambling Chip","Potion Belt","conspire:Dentures","Astrolabe","Membership Card","Anchor","Replay:Baseball","Torii","Bag of Preparation","infinitespire:Lucky Rock","MutagenicStrength","Tiny Chest","War Paint","Fusion Hammer","BargainBundle","Divine Protection","Frozen Egg 2","Meat on the Bone","Kunai","Bag of Marbles","ReplayTheSpireMod:Ninjato","Omamori","Grinning Jar","Lantern","Replay:Multitool","conspire:SlowCooker","NeowsBlessing","Ring of Chaos","Golden Idol","Bronze Scales","infinitespire:PuzzleCube","Lee\u0027s Waffle","MawBank","Dream Catcher","Question Card","conspire:InfiniteJournal","Unceasing Top","Blue Candle","Replay:Bottled Steam","HornCleat","SacredBark","hexamod:BolsterEngine","Nunchaku","Ancient Tea Set","Chemical X","Oddly Smooth Stone","Strawberry","Replay:Mystery Machine","Smiling Mask","King of Hearts","Calipers","infinitespire:Satchel","infinitespire:EvilPickle","expansioncontent:StudyCardRelic","CaptainsWheel","infinitespire:WardingShard","Chameleon Ring","Orichalcum","Mirror","conspire:TopHat","Replay:Wax Seal","Du-Vu Doll","ReplayTheSpireMod:Spearhead","Black Star","NeowsBlessing","Ring of Chaos"],"acts_visited":["Exordium","TheCity","TheBeyond","Exordium","TheCity","TheBeyond","Exordium"],"potions_floor_usage":[10,11,16,16,16,25,25,37,46,50,51,70,70,70,70,74,77,77,77,87,87,89,104,104,104,104,105],"damage_taken":[{"damage":0,"enemies":"Jaw Worm","floor":1,"turns":1},{"damage":0,"enemies":"Cultist","floor":2,"turns":1},{"damage":0,"enemies":"2 Louse","floor":5,"turns":1},{"damage":2,"enemies":"3 Sentries","floor":7,"turns":3},{"damage":0,"enemies":"Blue Slaver","floor":8,"turns":5},{"damage":2,"enemies":"Gremlin Nob","floor":10,"turns":3},{"damage":18,"enemies":"Lagavulin","floor":11,"turns":8},{"damage":3,"enemies":"3 Sentries","floor":13,"turns":3},{"damage":0,"enemies":"Hexaghost","floor":16,"turns":7},{"damage":11,"enemies":"Shell Parasite","floor":18,"turns":6},{"damage":0,"enemies":"Chosen","floor":20,"turns":4},{"damage":0,"enemies":"3 Cultists","floor":24,"turns":2},{"damage":0,"enemies":"Slavers","floor":25,"turns":3},{"damage":58,"enemies":"Book of Stabbing","floor":28,"turns":8},{"damage":0,"enemies":"Collector","floor":33,"turns":9},{"damage":0,"enemies":"3 Darklings","floor":35,"turns":1},{"damage":0,"enemies":"Orb Walker","floor":38,"turns":2},{"damage":0,"enemies":"Nemesis","floor":41,"turns":6},{"damage":0,"enemies":"Giant Head","floor":45,"turns":10},{"damage":14,"enemies":"Nightmare","floor":46,"turns":6},{"damage":0,"enemies":"Giant Head","floor":48,"turns":6},{"damage":0,"enemies":"2 Orb Walkers","floor":49,"turns":3},{"damage":0,"enemies":"Replay:Hell Engine","floor":50,"turns":8},{"damage":0,"enemies":"infinitespire:MassOfShapes","floor":51,"turns":8},{"damage":0,"enemies":"Small Slimes","floor":53,"turns":1},{"damage":0,"enemies":"2 Louse","floor":55,"turns":1},{"damage":0,"enemies":"Cultist","floor":57,"turns":1},{"damage":0,"enemies":"3 Sentries","floor":58,"turns":1},{"damage":0,"enemies":"Gremlin Gang","floor":59,"turns":1},{"damage":0,"enemies":"Gremlin Nob","floor":60,"turns":4},{"damage":0,"enemies":"3 Sentries","floor":62,"turns":3},{"damage":0,"enemies":"Large Slime","floor":63,"turns":2},{"damage":0,"enemies":"Lagavulin","floor":64,"turns":3},{"damage":0,"enemies":"3 Sentries","floor":66,"turns":3},{"damage":0,"enemies":"Hexaghost","floor":70,"turns":6},{"damage":0,"enemies":"3 Byrds","floor":72,"turns":1},{"damage":0,"enemies":"2 Thieves","floor":74,"turns":1},{"damage":0,"enemies":"Chosen and Byrds","floor":75,"turns":3},{"damage":13,"enemies":"Slavers","floor":77,"turns":4},{"damage":0,"enemies":"Book of Stabbing","floor":81,"turns":2},{"damage":0,"enemies":"Gremlin Leader","floor":82,"turns":2},{"damage":0,"enemies":"Centurion and Healer","floor":83,"turns":1},{"damage":0,"enemies":"Snecko","floor":84,"turns":3},{"damage":0,"enemies":"Sentry and Sphere","floor":85,"turns":2},{"damage":0,"enemies":"Pondfish","floor":87,"turns":5},{"damage":0,"enemies":"3 Shapes","floor":89,"turns":1},{"damage":0,"enemies":"conspire:MimicChest","floor":90,"turns":3},{"damage":0,"enemies":"Orb Walker","floor":91,"turns":2},{"damage":0,"enemies":"Jaw Worm Horde","floor":93,"turns":4},{"damage":0,"enemies":"Reptomancer","floor":95,"turns":2},{"damage":0,"enemies":"Sphere and 2 Shapes","floor":96,"turns":1},{"damage":0,"enemies":"R_Hoarder","floor":98,"turns":4},{"damage":0,"enemies":"Writhing Mass","floor":99,"turns":2},{"damage":0,"enemies":"Reptomancer","floor":101,"turns":2},{"damage":0,"enemies":"Time Eater","floor":104,"turns":4},{"damage":26,"enemies":"infinitespire:MassOfShapes","floor":105,"turns":6}],"seed_played":"8132903432042248840","potions_obtained":[{"floor":1,"key":"DistilledChaos"},{"floor":8,"key":"Weak Potion"},{"floor":11,"key":"infinitespire:BlackPotion"},{"floor":15,"key":"Weak Potion"},{"floor":15,"key":"hexamod:EctoCoolerPotion"},{"floor":16,"key":"Dexterity Potion"},{"floor":20,"key":"Toxic Potion"},{"floor":24,"key":"Guardian:BlockOnCardUsePotion"},{"floor":41,"key":"Guardian:BlockOnCardUsePotion"},{"floor":50,"key":"GamblersBrew"},{"floor":51,"key":"ElixirPotion"},{"floor":55,"key":"Weak Potion"},{"floor":70,"key":"Explosive Potion"},{"floor":72,"key":"Languid Potion"},{"floor":73,"key":"Slimebound:ThreeZeroPotion"},{"floor":73,"key":"Milkshake"},{"floor":74,"key":"SpeedPotion"},{"floor":82,"key":"Block Potion"},{"floor":83,"key":"champ:CounterPotion"},{"floor":84,"key":"GamblersBrew"},{"floor":87,"key":"BlessingOfTheForge"},{"floor":90,"key":"CultistPotion"},{"floor":93,"key":"infinitespire:BlackPotion"},{"floor":96,"key":"SpeedPotion"},{"floor":104,"key":"Toxic Potion"},{"floor":105,"key":"CultistPotion"}],"is_trial":true,"path_per_floor":["M","M","?","$","M","R","E","M","T","E","E","R","E","$","R_BF","B",null,"M","$","M","?","$","R","M","E","T","R","E","?","R","$","R","B",null,"M","?","$","M","T","R","E","R","T","R","E","NM","$","E","R_BF","B","B",null,"M","?","M","$","M","E","M","E","T","E","M","E","T","E","PTL","PTL","R_BF","B",null,"M","?","M","M","T","E","R","$","T","E","E","M","M","M","R","B",null,"M","?","M","$","M","R","E","M","T","E","M","T","E","?","R_BF","B","B",null],"character_chosen":"IRONCLAD","items_purchased":["Fire Breathing","Fire Breathing","Potion Belt","conspire:Dentures","Membership Card","Anchor","Wild Strike","Flash of Steel","Replay:Baseball","Tiny Chest","War Paint","Deep Breath","BargainBundle","Fire Breathing","Violence","Divine Protection","Strength Potion","Explosive Potion","Fruit Juice","Ancient Potion","Evolve+1","Omamori","Seeing Red","Grinning Jar","Panache+1","Metallicize+1","Bronze Scales","infinitespire:PuzzleCube","Lee\u0027s Waffle","Chemical X","Oddly Smooth Stone","Strawberry","Replay:Mystery Machine","Mayhem+1","infinitespire:WardingShard","Chameleon Ring"],"campfire_rested":10,"item_purchase_floors":[4,14,14,14,19,19,19,19,22,31,31,31,37,37,37,37,37,37,37,37,47,47,47,47,56,56,56,56,56,79,79,79,79,92,92,92],"current_hp_per_floor":[74,75,75,75,75,75,75,75,75,75,66,75,75,75,75,75,75,73,73,75,75,75,75,75,75,75,75,26,26,48,48,70,75,75,75,65,70,79,79,80,80,80,80,80,80,75,75,80,80,80,80,80,80,52,73,87,87,87,87,94,94,94,94,94,94,94,94,94,94,94,94,94,57,66,75,75,71,94,101,101,101,101,105,105,105,105,105,105,105,105,105,105,112,112,112,116,116,116,116,116,116,95,95,104,87,109,109],"gold":4364,"neow_bonus":"","is_daily":false,"chose_seed":false,"campfire_upgraded":2,"win_rate":0.0,"timestamp":1609602684,"path_taken":["M","M","?","$","?","R","E","?","T","?","E","R","E","$","R_BF","BOSS","M","$","M","?","?","R","M","E","T","R","E","?","R","$","R","BOSS","M","?","?","?","?","R","E","R","T","R","?","NM","$","E","R_BF","BOSS","BOSS","M","?","?","$","M","E","M","E","T","E","M","E","?","E","PTL","PTL","R_BF","BOSS","M","?","?","?","?","E","R","$","T","E","?","?","M","M","R","BOSS","M","?","M","$","M","R","E","M","T","E","M","?","?","?","R_BF","BOSS","BOSS"],"items_purchased_type":["Card","Card","Relic","Relic","Relic","Relic","Card","Card","Relic","Relic","Relic","Card","Relic","Card","Card","Relic","Potion","Potion","Potion","Potion","Card","Relic","Card","Relic","Card","Card","Relic","Relic","Relic","Relic","Relic","Relic","Relic","Card","Relic","Relic"],"build_version":"2020-12-22","purchased_purges":1,"victory":false,"max_hp_per_floor":[75,75,75,75,75,75,75,75,75,75,75,75,75,75,75,75,75,75,75,75,75,75,75,75,75,75,75,75,75,75,75,75,75,75,75,75,80,80,80,80,80,80,80,80,80,80,80,80,80,80,80,80,80,80,80,87,87,87,87,94,94,94,94,94,94,94,94,94,94,94,94,94,94,94,94,94,94,94,101,101,101,101,105,105,105,105,105,105,105,105,105,105,112,112,112,116,116,116,116,116,116,116,116,116,116,116,116],"card_choices":[{"not_picked":["Clothesline","Clash"],"picked":"Shrug It Off","floor":1},{"not_picked":["Iron Wave","ReplayTheSpireMod:Corrosion Curse","Power Through"],"picked":"SKIP","floor":2},{"not_picked":["Replay:Undeath\u0027s Touch","Warcry"],"picked":"ReplayTheSpireMod:LeadingStrike","floor":5},{"not_picked":["Exhume","Hemogenesis","Double Tap"],"picked":"SKIP","floor":7},{"not_picked":["Flex","Run Through"],"picked":"Seeing Red","floor":8},{"not_picked":["Corruption","Juggernaut"],"picked":"Impervious","floor":10},{"not_picked":["conspire:Purge","Reaper"],"picked":"Impervious","floor":11},{"not_picked":["Offering","conspire:Purge","Replay:Many Hands"],"picked":"SKIP","floor":13},{"not_picked":["Eclipse","Limit Break"],"picked":"Feed","floor":16},{"not_picked":["Perfected Strike","Warcry"],"picked":"Headbutt","floor":18},{"not_picked":["True Grit","Defy Death+1"],"picked":"Shrug It Off","floor":20},{"not_picked":["Pommel Strike","Clothesline"],"picked":"Iron Wave","floor":24},{"not_picked":["Corruption","Hemogenesis","Offering"],"picked":"SKIP","floor":25},{"not_picked":["Offering","conspire:Purge","Replay:Many Hands"],"picked":"SKIP","floor":28},{"not_picked":["Demonic Infusion","Hemogenesis"],"picked":"Juggernaut","floor":33},{"not_picked":["Spot Weakness+1","Shockwave"],"picked":"Cleave+1","floor":35},{"not_picked":["Replay:SS_hec_1","Chrysalis"],"picked":"expansioncontent:BronzeBeam","floor":36},{"not_picked":["expansioncontent:Flail","The Bomb"],"picked":"Madness","floor":36},{"not_picked":["Clash","Run Through","Abandon+1"],"picked":"SKIP","floor":38},{"not_picked":["conspire:Purge","Reaper"],"picked":"Feed","floor":41},{"not_picked":["Barricade+1","conspire:Purge"],"picked":"Juggernaut+1","floor":45},{"not_picked":["Offering","Berserk+1"],"picked":"Barricade+1","floor":46},{"not_picked":["Offering","Feed","Hemogenesis"],"picked":"SKIP","floor":48},{"not_picked":["ReplayTheSpireMod:Strike From Hell","ReplayTheSpireMod:Limb From Limb"],"picked":"Flame Barrier","floor":49},{"not_picked":["Corruption+1","Immolate"],"picked":"Juggernaut+1","floor":51},{"not_picked":["infinitespire:OneForAll","Run Through"],"picked":"Inflame+1","floor":53},{"not_picked":["Blood for Blood","Anger","Sword Boomerang"],"picked":"SKIP","floor":55},{"not_picked":["Infernal Blade","Combust+1","Anger"],"picked":"SKIP","floor":57},{"not_picked":["Immolate","conspire:HitWhereItHurts"],"picked":"Exhume","floor":58},{"not_picked":["Twin Strike","Flex"],"picked":"Reckless Charge","floor":59},{"not_picked":["Corruption+1","conspire:HitWhereItHurts","Immolate"],"picked":"SKIP","floor":60},{"not_picked":["conspire:HitWhereItHurts","Double Tap","Exhume"],"picked":"Demon Form+1","floor":62},{"not_picked":["Replay:Undeath\u0027s Touch","Perfected Strike","Uppercut","infinitespire:OneForAll"],"picked":"SKIP","floor":63},{"not_picked":["Eclipse","conspire:HitWhereItHurts","Immolate","Double Tap"],"picked":"SKIP","floor":64},{"not_picked":["Hemogenesis","Demonic Infusion","Feed"],"picked":"Berserk+1","floor":66},{"not_picked":["Replay:Many Hands","Eclipse","Demon Form+1"],"picked":"Juggernaut+1","floor":70},{"not_picked":["infinitespire:Punishment","infinitespire:DeathsTouch"],"picked":"infinitespire:FutureSight","floor":71},{"not_picked":["Twin Strike","Dropkick","ReplayTheSpireMod:Strike From Hell","Thunderclap"],"picked":"SKIP","floor":72},{"not_picked":["True Grit","Flex","Havoc+1","Sword Boomerang+1"],"picked":"SKIP","floor":74},{"not_picked":["Blood for Blood","Rage","Ghostly Armor"],"picked":"Warcry","floor":75},{"not_picked":["Offering","Reaper","Brutality+1","Replay:Many Hands"],"picked":"SKIP","floor":77},{"not_picked":["Exhume","Replay:Many Hands","conspire:Purge","conspire:HitWhereItHurts"],"picked":"SKIP","floor":81},{"not_picked":["Double Tap","Demon Form+1","Barricade+1"],"picked":"Berserk+1","floor":82},{"not_picked":["Replay:Undeath\u0027s Touch","Defy Death","Blood for Blood"],"picked":"Inflame+1","floor":83},{"not_picked":["Wild Strike","Anger","Abandon+1"],"picked":"Entrench","floor":84},{"not_picked":["Shrug It Off","Thunderclap","Shockwave"],"picked":"Seeing Red","floor":85},{"not_picked":["Replay:Undeath\u0027s Touch","Wild Strike","Sever Soul","Havoc"],"picked":"SKIP","floor":89},{"not_picked":["Headbutt","Shrug It Off","Perfected Strike"],"picked":"Wild Strike+1","floor":90},{"not_picked":["Armaments+1","Perfected Strike","Anger"],"picked":"Warcry","floor":91},{"not_picked":["Searing Blow+1","Havoc","Perfected Strike"],"picked":"Body Slam","floor":93},{"not_picked":["Barricade+1","conspire:Purge","conspire:HitWhereItHurts"],"picked":"Juggernaut+1","floor":95},{"not_picked":["Sword Boomerang","Pommel Strike","Warcry"],"picked":"Wild Strike","floor":96},{"not_picked":["conspire:Purge","Replay:Many Hands","Double Tap"],"picked":"Limit Break","floor":98},{"not_picked":["Perfected Strike+1","ReplayTheSpireMod:Limb From Limb","Sever Soul","ReplayTheSpireMod:Strike From Hell"],"picked":"SKIP","floor":99},{"not_picked":["Offering","Bludgeon","Demonic Infusion","Double Tap"],"picked":"SKIP","floor":101},{"not_picked":["Exhume","Hemogenesis","Limit Break"],"picked":"Demon Form+1","floor":104}],"player_experience":2866321,"relics_obtained":[{"floor":7,"key":"Magic Flower"},{"floor":9,"key":"ReplayTheSpireMod:TigerMarble"},{"floor":10,"key":"Pet Ghost"},{"floor":11,"key":"Bottled Flame"},{"floor":13,"key":"Gambling Chip"},{"floor":25,"key":"Torii"},{"floor":26,"key":"Bag of Preparation"},{"floor":28,"key":"infinitespire:Lucky Rock"},{"floor":39,"key":"Frozen Egg 2"},{"floor":41,"key":"Meat on the Bone"},{"floor":43,"key":"Kunai"},{"floor":45,"key":"Bag of Marbles"},{"floor":46,"key":"ReplayTheSpireMod:Ninjato"},{"floor":48,"key":"Lantern"},{"floor":49,"key":"Replay:Multitool"},{"floor":58,"key":"MawBank"},{"floor":60,"key":"Dream Catcher"},{"floor":61,"key":"Question Card"},{"floor":62,"key":"conspire:InfiniteJournal"},{"floor":64,"key":"Unceasing Top"},{"floor":65,"key":"Blue Candle"},{"floor":66,"key":"Replay:Bottled Steam"},{"floor":69,"key":"HornCleat"},{"floor":73,"key":"hexamod:BolsterEngine"},{"floor":76,"key":"Nunchaku"},{"floor":77,"key":"Ancient Tea Set"},{"floor":80,"key":"Smiling Mask"},{"floor":81,"key":"King of Hearts"},{"floor":82,"key":"Calipers"},{"floor":86,"key":"infinitespire:Satchel"},{"floor":90,"key":"CaptainsWheel"},{"floor":95,"key":"Orichalcum"},{"floor":97,"key":"Mirror"},{"floor":98,"key":"conspire:TopHat"},{"floor":100,"key":"Replay:Wax Seal"},{"floor":101,"key":"Du-Vu Doll"},{"floor":103,"key":"ReplayTheSpireMod:Spearhead"}],"event_choices":[{"damage_healed":0,"gold_gain":0,"player_choice":"Ignored","damage_taken":0,"max_hp_gain":0,"max_hp_loss":0,"event_name":"Transmorgrifier","floor":3,"gold_loss":0},{"damage_healed":0,"gold_gain":50,"player_choice":"Steal","damage_taken":0,"max_hp_gain":0,"max_hp_loss":0,"event_name":"betterThird:BetterNest","floor":21,"gold_loss":0},{"damage_healed":0,"gold_gain":0,"player_choice":"Inject Mutagens","damage_taken":0,"relics_obtained":["MutagenicStrength"],"max_hp_gain":0,"max_hp_loss":0,"event_name":"Drug Dealer","floor":29,"gold_loss":0},{"damage_healed":0,"gold_gain":0,"player_choice":"Memory 3","damage_taken":10,"max_hp_gain":0,"max_hp_loss":0,"event_name":"SensoryStone","floor":36,"gold_loss":0},{"damage_healed":0,"gold_gain":0,"player_choice":"Fight","damage_taken":0,"max_hp_gain":0,"max_hp_loss":0,"event_name":"Mysterious Sphere","floor":49,"gold_loss":0},{"damage_healed":0,"gold_gain":0,"player_choice":"Take Damage","damage_taken":28,"relics_obtained":["Golden Idol"],"max_hp_gain":0,"max_hp_loss":0,"event_name":"Golden Idol","floor":54,"gold_loss":0},{"damage_healed":0,"gold_gain":0,"player_choice":"Embrace Madness","damage_taken":21,"max_hp_gain":0,"max_hp_loss":0,"event_name":"Winding Halls","floor":102,"gold_loss":0,"cards_obtained":["Madness","Madness"]}],"is_beta":false,"boss_relics":[{"not_picked":["conspire:SeveredTorchhead","ChewingGum"],"picked":"Astrolabe"},{"not_picked":["Electric Blood","ReplayTheSpireMod:SealedPack"],"picked":"Fusion Hammer"},{"not_picked":["Empty Cage","Busted Crown"],"picked":"conspire:SlowCooker"},{"not_picked":["Busted Crown","Calling Bell"],"picked":"SacredBark"},{"not_picked":["Coffee Dripper","Replay:Grab Bag"],"picked":"expansioncontent:StudyCardRelic"},{"not_picked":["conspire:RoyalGoblet","Philosopher\u0027s Stone"],"picked":"Black Star"}],"items_purged_floors":[37],"is_endless":true,"potions_floor_spawned":[1,8,11,16,20,24,41,45,50,51,55,57,60,70,72,74,82,83,84,87,90,93,96,98,104,105],"ascension_level":20}}