{"host":"8x4ftax38aqx1o08","time":1609621044,"event":{"mods":["BaseMod","Bestiary","Colored Map","Colored Powertips","Curses Come First","Minty Spire (QoL Compilation)","Relic Stats","StSLib","everything is the same but u backflip on backflip"],"gold_per_floor":[119,119,119,136,13,42,42,67,67,67,67,86,105,138,138,243,243,256,269,269,113,127,154,170,204,204,223,237,237,268,368,368,467,467,479,479,479,493,504,538,4,37,37,37,47,47,76,96,96,96],"floor_reached":51,"playtime":3090,"items_purged":["Strike_G"],"score":1159,"play_id":"952e0052-138a-41c6-ad57-2001700995d4","local_time":"20210102215724","is_ascension_mode":true,"campfire_choices":[{"data":"Dagger Spray","floor":7,"key":"SMITH"},{"data":"Phantasmal Killer","floor":15,"key":"SMITH"},{"floor":32,"key":"REST"},{"floor":49,"key":"RECALL"}],"circlet_count":0,"master_deck":["Survivor+1","Neutralize+1","Dash+1","Flying Knee+1","Dagger Spray+1","Deadly Poison+1","Phantasmal Killer+1","Die Die Die+1","Acrobatics+1","Leg Sweep+1","Skewer+1","Malaise+1","Escape Plan+1","Choke+1","Poisoned Stab+1","Reflex+1","Footwork+1","Dash+1","Dagger Throw+1","Footwork+1","Sucker Punch+1","Deflect+1","Acrobatics+1","Tactician+1","Heel Hook+1","Blur+1","Backflip+1","Acrobatics+1","Adrenaline+1","Calculated Gamble+1","Blur+1","Acrobatics+1","Deflect+1","Dodge and Roll+1","Quick Slash+1","Terror+1","Doppelganger+1","Dagger Spray+1","Adrenaline+1","Cloak And Dagger+1","Caltrops+1","Mind Blast+1","Heel Hook+1","Mind Blast+1","Mind Blast+1","Violence","Well Laid Plans+1","Escape Plan+1"],"relics":["Ring of the Snake","NeowsBlessing","Pen Nib","Ancient Tea Set","Molten Egg 2","Pear","Regal Pillow","Smiling Mask","Pandora\u0027s Box","Orrery","Dream Catcher","War Paint","Omamori","The Specimen","Pocketwatch","Question Card","Philosopher\u0027s Stone","Mark of the Bloom","Anchor","HornCleat","Bag of Marbles","Mummified Hand","Toy Ornithopter"],"acts_visited":["Exordium","TheCity","TheBeyond"],"potions_floor_usage":[16,25,25,25,25,27,31,31,33],"damage_taken":[{"damage":0,"enemies":"Small Slimes","floor":1,"turns":1},{"damage":0,"enemies":"Jaw Worm","floor":4,"turns":1},{"damage":0,"enemies":"Gremlin Nob","floor":6,"turns":1},{"damage":21,"enemies":"Lagavulin","floor":8,"turns":7},{"damage":0,"enemies":"Cultist","floor":12,"turns":2},{"damage":4,"enemies":"Exordium Wildlife","floor":13,"turns":2},{"damage":14,"enemies":"Gremlin Nob","floor":14,"turns":5},{"damage":24,"enemies":"Hexaghost","floor":16,"turns":8},{"damage":17,"enemies":"2 Thieves","floor":18,"turns":4},{"damage":0,"enemies":"3 Byrds","floor":19,"turns":3},{"damage":0,"enemies":"Cultist and Chosen","floor":22,"turns":3},{"damage":13,"enemies":"Book of Stabbing","floor":23,"turns":7},{"damage":20,"enemies":"Snecko","floor":24,"turns":4},{"damage":17,"enemies":"Slavers","floor":25,"turns":3},{"damage":1,"enemies":"Centurion and Healer","floor":27,"turns":4},{"damage":5,"enemies":"Shelled Parasite and Fungi","floor":28,"turns":5},{"damage":0,"enemies":"Book of Stabbing","floor":30,"turns":7},{"damage":9,"enemies":"Colosseum Slavers","floor":31,"turns":7},{"damage":0,"enemies":"Colosseum Nobs","floor":31,"turns":2},{"damage":0,"enemies":"Automaton","floor":33,"turns":12},{"damage":1,"enemies":"3 Shapes","floor":35,"turns":9},{"damage":0,"enemies":"Orb Walker","floor":38,"turns":2},{"damage":0,"enemies":"Writhing Mass","floor":39,"turns":4},{"damage":0,"enemies":"Giant Head","floor":40,"turns":4},{"damage":6,"enemies":"Reptomancer","floor":42,"turns":6},{"damage":0,"enemies":"Maw","floor":45,"turns":3},{"damage":0,"enemies":"Giant Head","floor":47,"turns":5},{"damage":0,"enemies":"Spire Growth","floor":48,"turns":1},{"damage":1,"enemies":"Donu and Deca","floor":50,"turns":5}],"seed_played":"114553282791535174","potions_obtained":[{"floor":4,"key":"FearPotion"},{"floor":12,"key":"SkillPotion"},{"floor":13,"key":"EntropicBrew"},{"floor":14,"key":"PowerPotion"},{"floor":18,"key":"Regen Potion"},{"floor":19,"key":"Fruit Juice"},{"floor":25,"key":"Regen Potion"},{"floor":30,"key":"Block Potion"},{"floor":31,"key":"Fire Potion"},{"floor":33,"key":"SneckoOil"},{"floor":40,"key":"Fire Potion"}],"is_trial":false,"path_per_floor":["M","?","?","M","$","E","R","E","T","?","T","M","M","E","R","B",null,"M","M","?","$","M","E","M","E","T","M","M","?","E","?","R","B",null,"M","?","?","M","M","E","$","E","T","?","M","?","E","M","R","B",null],"character_chosen":"THE_SILENT","items_purchased":["Dagger Spray","Orrery","HornCleat","Mind Blast+1","CultistPotion","DistilledChaos"],"campfire_rested":1,"item_purchase_floors":[5,21,41,41,41,41],"current_hp_per_floor":[70,70,70,70,70,70,70,49,59,59,59,59,55,41,41,17,80,63,63,48,48,48,35,15,3,3,7,2,32,32,23,65,65,90,89,89,89,89,89,89,89,83,83,73,73,73,73,73,73,72],"gold":96,"neow_bonus":"THREE_ENEMY_KILL","is_daily":false,"chose_seed":false,"campfire_upgraded":2,"win_rate":0.0,"timestamp":1609621044,"path_taken":["M","?","?","?","$","E","R","E","T","?","?","?","?","E","R","BOSS","M","M","?","$","M","E","M","E","T","M","M","?","E","?","R","BOSS","M","?","?","?","M","E","$","E","T","?","M","?","E","M","R","BOSS"],"items_purchased_type":["Card","Relic","Relic","Card","Potion","Potion"],"build_version":"2020-12-22","purchased_purges":1,"victory":true,"max_hp_per_floor":[70,70,70,70,70,70,70,70,80,80,80,80,80,80,80,80,80,80,80,85,85,85,85,85,90,90,90,90,90,90,90,90,90,90,90,90,90,90,90,90,90,90,90,90,90,90,90,90,90,90],"relic_stats":{"Regal Pillow":15,"Mark of the Bloom":0,"counters":[29,127],"Pen Nib":[26],"War Paint":["Escape Plan","Reflex"],"Smiling Mask":0,"Question Card":13,"Dream Catcher":1,"Mummified Hand":[15],"Pandora\u0027s Box":["Escape Plan","Choke","Poisoned Stab","Reflex","Footwork","Dash","Dagger Throw","Footwork"],"obtain_stats":[{"Regal Pillow":11,"Mark of the Bloom":36,"Pear":9,"NeowsBlessing":0,"The Specimen":30,"Pen Nib":2,"Omamori":26,"War Paint":25,"Ancient Tea Set":6,"Smiling Mask":14,"Question Card":31,"Dream Catcher":23,"Anchor":40,"HornCleat":41,"Mummified Hand":43,"Orrery":21,"Molten Egg 2":8,"Pandora\u0027s Box":17,"Philosopher\u0027s Stone":34,"Bag of Marbles":42,"Toy Ornithopter":47,"Ring of the Snake":0,"Pocketwatch":31},{"Regal Pillow":4,"Mark of the Bloom":21,"Pear":4,"NeowsBlessing":0,"The Specimen":17,"Pen Nib":1,"Omamori":14,"War Paint":14,"Ancient Tea Set":3,"Smiling Mask":7,"Question Card":19,"Dream Catcher":12,"Anchor":24,"HornCleat":24,"Mummified Hand":25,"Orrery":10,"Molten Egg 2":4,"Pandora\u0027s Box":8,"Philosopher\u0027s Stone":20,"Bag of Marbles":25,"Toy Ornithopter":27,"Ring of the Snake":0,"Pocketwatch":19},{"Regal Pillow":10,"Mark of the Bloom":97,"Pear":10,"NeowsBlessing":0,"The Specimen":67,"Pen Nib":1,"Omamori":51,"War Paint":51,"Ancient Tea Set":3,"Smiling Mask":19,"Question Card":76,"Dream Catcher":44,"Anchor":107,"HornCleat":107,"Mummified Hand":113,"Orrery":34,"Molten Egg 2":10,"Pandora\u0027s Box":27,"Philosopher\u0027s Stone":88,"Bag of Marbles":113,"Toy Ornithopter":121,"Ring of the Snake":0,"Pocketwatch":76}],"Toy Ornithopter":0,"Ring of the Snake":[58],"Pocketwatch":[9]},"card_choices":[{"not_picked":["PiercingWail","Underhanded Strike"],"picked":"Dash","floor":1},{"not_picked":["Distraction","Escape Plan"],"picked":"Flying Knee","floor":4},{"not_picked":["Outmaneuver","Heel Hook"],"picked":"Deadly Poison","floor":6},{"not_picked":["Blade Dance","Flying Knee+1"],"picked":"Phantasmal Killer","floor":8},{"not_picked":["Cloak And Dagger","Dodge and Roll"],"picked":"Acrobatics","floor":12},{"not_picked":["Underhanded Strike+1","Bane+1"],"picked":"Leg Sweep","floor":13},{"not_picked":["Calculated Gamble","Crippling Poison"],"picked":"Skewer+1","floor":14},{"not_picked":["Phantasmal Killer","After Image"],"picked":"Malaise","floor":16},{"not_picked":["Slice+1","Poisoned Stab+1"],"picked":"Sucker Punch+1","floor":18},{"not_picked":["Leg Sweep","Endless Agony+1"],"picked":"Deflect","floor":19},{"not_picked":["Noxious Fumes","Dagger Throw+1"],"picked":"Acrobatics","floor":21},{"not_picked":["Accuracy","Underhanded Strike+1"],"picked":"Tactician","floor":21},{"not_picked":["Dagger Spray+1","Underhanded Strike+1"],"picked":"Heel Hook+1","floor":21},{"not_picked":["Endless Agony+1","Expertise+1"],"picked":"Blur","floor":21},{"not_picked":["Cloak And Dagger","Night Terror"],"picked":"Backflip","floor":21},{"not_picked":["Outmaneuver","Expertise+1"],"picked":"Acrobatics+1","floor":22},{"not_picked":["Tactician","Bouncing Flask"],"picked":"Adrenaline","floor":23},{"not_picked":["Accuracy","Underhanded Strike+1"],"picked":"Calculated Gamble+1","floor":24},{"not_picked":["Terror","Sucker Punch+1"],"picked":"Blur","floor":25},{"not_picked":["Crippling Poison","Outmaneuver+1"],"picked":"Acrobatics+1","floor":27},{"not_picked":["Distraction","Quick Slash+1"],"picked":"Deflect","floor":28},{"not_picked":["Eviscerate+1","Calculated Gamble"],"picked":"Dodge and Roll+1","floor":30},{"not_picked":["Masterful Stab+1","Infinite Blades"],"picked":"Quick Slash+1","floor":31},{"not_picked":["Sucker Punch+1","Flechettes+1","Bane+1"],"picked":"Terror","floor":32},{"not_picked":["After Image","Tools of the Trade","Storm of Steel"],"picked":"Doppelganger","floor":33},{"not_picked":["Infinite Blades","Deadly Poison+1","Riddle With Holes+1"],"picked":"Dagger Spray+1","floor":35},{"not_picked":["Dodge and Roll+1","Caltrops","Acrobatics"],"picked":"Cloak And Dagger+1","floor":38},{"not_picked":["Dagger Throw+1","Cloak And Dagger","Deadly Poison","Well Laid Plans"],"picked":"SKIP","floor":39},{"not_picked":["Outmaneuver","Dagger Throw+1","Expertise+1"],"picked":"Caltrops+1","floor":40},{"not_picked":["Venomology","Backstab+1","Acrobatics"],"picked":"Heel Hook+1","floor":42},{"not_picked":["Bandage Up","Swift Strike+1","Purity"],"picked":"Mind Blast+1","floor":44},{"not_picked":["Enlightenment","Swift Strike+1","Deep Breath"],"picked":"Mind Blast+1","floor":44},{"not_picked":["Enlightenment","Dramatic Entrance+1","Blind"],"picked":"Violence","floor":44},{"not_picked":["Flechettes+1","Footwork","Prepared"],"picked":"Well Laid Plans+1","floor":45},{"not_picked":["Skewer+1","Prepared","All Out Attack+1"],"picked":"Escape Plan+1","floor":47},{"not_picked":["Riddle With Holes+1","Catalyst+1","Sucker Punch+1","Dagger Throw+1"],"picked":"SKIP","floor":48}],"player_experience":205968,"relics_obtained":[{"floor":6,"key":"Ancient Tea Set"},{"floor":8,"key":"Molten Egg 2"},{"floor":9,"key":"Pear"},{"floor":11,"key":"Regal Pillow"},{"floor":14,"key":"Smiling Mask"},{"floor":23,"key":"Dream Catcher"},{"floor":25,"key":"War Paint"},{"floor":26,"key":"Omamori"},{"floor":30,"key":"The Specimen"},{"floor":31,"key":"Pocketwatch"},{"floor":31,"key":"Question Card"},{"floor":40,"key":"Anchor"},{"floor":42,"key":"Bag of Marbles"},{"floor":43,"key":"Mummified Hand"},{"floor":47,"key":"Toy Ornithopter"}],"event_choices":[{"damage_healed":0,"gold_gain":0,"player_choice":"Box","damage_taken":0,"relics_obtained":["Pen Nib"],"max_hp_gain":0,"max_hp_loss":0,"event_name":"Big Fish","floor":2,"gold_loss":0,"cards_obtained":["Regret"]},{"cards_removed":["Regret"],"damage_healed":0,"gold_gain":0,"player_choice":"Card Removal","damage_taken":0,"max_hp_gain":0,"max_hp_loss":0,"event_name":"Wheel of Change","floor":3,"gold_loss":0},{"damage_healed":0,"gold_gain":0,"cards_transformed":["Strike_G"],"player_choice":"Change","damage_taken":0,"max_hp_gain":0,"max_hp_loss":0,"event_name":"Living Wall","floor":10,"gold_loss":0,"cards_obtained":["Die Die Die"]},{"damage_healed":0,"gold_gain":0,"player_choice":"Shed Blood","damage_taken":20,"max_hp_gain":5,"max_hp_loss":0,"event_name":"Forgotten Altar","floor":20,"gold_loss":0},{"damage_healed":30,"gold_gain":0,"player_choice":"Heal","damage_taken":0,"max_hp_gain":0,"max_hp_loss":0,"event_name":"The Library","floor":29,"gold_loss":0},{"damage_healed":0,"gold_gain":0,"player_choice":"Fight","damage_taken":0,"max_hp_gain":0,"max_hp_loss":0,"event_name":"Colosseum","floor":31,"gold_loss":0},{"damage_healed":0,"gold_gain":0,"player_choice":"Fought Nobs","damage_taken":0,"max_hp_gain":0,"max_hp_loss":0,"event_name":"Colosseum","floor":31,"gold_loss":0},{"damage_healed":0,"gold_gain":0,"player_choice":"Upgrade","damage_taken":0,"relics_obtained":["Mark of the Bloom"],"max_hp_gain":0,"max_hp_loss":0,"event_name":"MindBloom","floor":36,"gold_loss":0,"cards_upgraded":["Survivor","Neutralize","Dash","Flying Knee","Deadly Poison","Acrobatics","Leg Sweep","Malaise","Footwork","Footwork","Deflect","Acrobatics","Tactician","Blur","Backflip","Adrenaline","Blur","Deflect","Terror","Doppelganger"]},{"damage_healed":0,"gold_gain":0,"player_choice":"Copied","damage_taken":0,"max_hp_gain":0,"max_hp_loss":0,"event_name":"Duplicator","floor":37,"gold_loss":0,"cards_obtained":["Adrenaline"]},{"damage_healed":0,"gold_gain":0,"player_choice":"Memory 3","damage_taken":10,"max_hp_gain":0,"max_hp_loss":0,"event_name":"SensoryStone","floor":44,"gold_loss":0},{"damage_healed":0,"gold_gain":0,"player_choice":"Ignored","damage_taken":0,"max_hp_gain":0,"max_hp_loss":0,"event_name":"SecretPortal","floor":46,"gold_loss":0}],"is_beta":false,"boss_relics":[{"not_picked":["Busted Crown","Ring of the Serpent"],"picked":"Pandora\u0027s Box"},{"not_picked":["Black Star","Calling Bell"],"picked":"Philosopher\u0027s Stone"}],"items_purged_floors":[5],"is_endless":false,"potions_floor_spawned":[4,12,13,14,18,19,25,30,31,33,40,47,48],"ascension_level":2}}