{"host":"o5or1zybx7au40zl","time":1609611251,"event":{"mods":["Act Like it!","BaseMod","Better Third Choice","Conspire","Dota2Spire","Hubris","Minty Spire (QoL Compilation)","Replay The Spire","StSLib"],"gold_per_floor":[119,132,142,142,152,181,181,26,26,45,58,58,73,108,108,212,212,225,242,261,278,290,290,319,339,389,389,45,61,61,94,94,94,94],"floor_reached":33,"playtime":835,"items_purged":["Defend_R"],"score":328,"play_id":"b891f3db-c631-48e9-a5c0-f44fb064c86f","local_time":"20210102191411","is_ascension_mode":false,"campfire_choices":[{"floor":7,"key":"RECALL"},{"data":"Replay:Many Hands","floor":12,"key":"SMITH"},{"floor":15,"key":"REST"},{"floor":23,"key":"REST"},{"floor":32,"key":"REST"}],"circlet_count":0,"master_deck":["Strike_R","Strike_R","Strike_R","Strike_R","Strike_R","Defend_R","Defend_R","Defend_R","Bash","Metallicize","Sever Soul","Seeing Red","Wild Strike","Replay:Many Hands+1","ReplayTheSpireMod:Muscle Training","ReplayTheSpireMod:LeadingStrike","Bludgeon","Pommel Strike","Feed","Pommel Strike","Uppercut","Infernal Blade","Clash+1","Replay:Undeath\u0027s Touch+1","conspire:Charge+1","Jack Of All Trades","Metallicize"],"relics":["Burning Blood","NeowsBlessing","Boot","Dota2Spire:BladeMail","King of Hearts","hubris:SphereOfDissonance","Velvet Choker","Dota2Spire:OrchidMalevolence","Smiling Mask","Strange Spoon","Replay:Rubber Ducky","Orichalcum","Girya"],"acts_visited":["Exordium","TheCity"],"potions_floor_usage":[16,16,24,31,33,33],"damage_taken":[{"damage":0,"enemies":"Small Slimes","floor":1,"turns":1},{"damage":0,"enemies":"Cultist","floor":2,"turns":1},{"damage":0,"enemies":"Jaw Worm","floor":3,"turns":1},{"damage":18,"enemies":"2 Fungi Beasts","floor":5,"turns":3},{"damage":14,"enemies":"Gremlin Nob","floor":6,"turns":3},{"damage":4,"enemies":"3 Louse","floor":10,"turns":4},{"damage":9,"enemies":"Looter","floor":11,"turns":3},{"damage":18,"enemies":"Lots of Slimes","floor":13,"turns":4},{"damage":14,"enemies":"3 Sentries","floor":14,"turns":4},{"damage":32,"enemies":"Fading Forest","floor":16,"turns":11},{"damage":8,"enemies":"Chosen","floor":18,"turns":3},{"damage":19,"enemies":"3 Byrds","floor":19,"turns":5},{"damage":41,"enemies":"Centurion and Healer","floor":20,"turns":4},{"damage":27,"enemies":"Shelled Parasite and Fungi","floor":21,"turns":4},{"damage":11,"enemies":"Cultist and Chosen","floor":22,"turns":3},{"damage":0,"enemies":"Gremlin Leader","floor":24,"turns":3},{"damage":14,"enemies":"Snake Plant","floor":25,"turns":2},{"damage":8,"enemies":"3 Cultists","floor":29,"turns":4},{"damage":15,"enemies":"Replay:Snechameleon","floor":31,"turns":3},{"damage":33,"enemies":"Automaton","floor":33,"turns":6}],"seed_played":"2087503339178105517","potions_obtained":[{"floor":1,"key":"Venom Potion"},{"floor":2,"key":"Toxic Potion"},{"floor":3,"key":"Milkshake"},{"floor":14,"key":"DuplicationPotion"},{"floor":21,"key":"Explosive Potion"},{"floor":24,"key":"FearPotion"},{"floor":29,"key":"Dexterity Potion"},{"floor":31,"key":"Swift Potion"}],"is_trial":false,"path_per_floor":["M","M","M","?","M","E","R","$","T","M","M","R","M","E","R","B",null,"M","M","M","M","M","R","E","M","T","?","$","M","$","E","R","B"],"character_chosen":"IRONCLAD","items_purchased":["King of Hearts","Strange Spoon","Replay:Rubber Ducky","Orichalcum"],"campfire_rested":3,"item_purchase_floors":[8,28,28,30],"current_hp_per_floor":[80,80,80,80,68,60,60,60,60,62,59,59,47,39,63,61,80,81,68,33,12,7,31,37,29,29,29,29,27,17,8,32,0,0],"gold":94,"neow_bonus":"THREE_ENEMY_KILL","is_daily":false,"chose_seed":false,"campfire_upgraded":1,"win_rate":0.0,"timestamp":1609611251,"path_taken":["M","M","M","?","M","E","R","$","T","M","M","R","M","E","R","BOSS","M","M","M","?","M","R","E","?","T","?","$","?","?","E","R","BOSS"],"items_purchased_type":["Relic","Relic","Relic","Relic"],"build_version":"2020-12-22","purchased_purges":1,"victory":false,"max_hp_per_floor":[80,80,80,80,80,80,80,80,80,80,80,80,80,80,80,80,80,83,83,83,83,83,83,83,83,83,83,83,83,83,83,83,83,83],"card_choices":[{"not_picked":["Evolve","Clash"],"picked":"Metallicize","floor":1},{"not_picked":["Power Through","Wild Strike"],"picked":"Sever Soul","floor":2},{"not_picked":["Twin Strike","Blood for Blood"],"picked":"Seeing Red","floor":3},{"not_picked":["Iron Wave","Anger"],"picked":"Wild Strike","floor":5},{"not_picked":["Exhume","Headbutt"],"picked":"Replay:Many Hands","floor":6},{"not_picked":["Clash","Heavy Blade"],"picked":"ReplayTheSpireMod:Muscle Training","floor":10},{"not_picked":["ReplayTheSpireMod:Strike From Hell","Carnage"],"picked":"ReplayTheSpireMod:LeadingStrike","floor":11},{"not_picked":["Thunderclap","Sword Boomerang"],"picked":"Bludgeon","floor":13},{"not_picked":["ReplayTheSpireMod:Strike From Hell","Second Wind"],"picked":"Pommel Strike","floor":14},{"not_picked":["Demon Form","Brutality"],"picked":"Feed","floor":16},{"not_picked":["Clash","hubris:ReadiedAction"],"picked":"Pommel Strike","floor":18},{"not_picked":["Rampage","Run Through"],"picked":"Uppercut","floor":19},{"not_picked":["Battle Trance","Massacre"],"picked":"Infernal Blade","floor":20},{"not_picked":["Twin Strike","Corruption"],"picked":"Clash+1","floor":21},{"not_picked":["Havoc","Body Slam"],"picked":"Replay:Undeath\u0027s Touch+1","floor":22},{"not_picked":["Clothesline","Headbutt+1"],"picked":"conspire:Charge+1","floor":24},{"not_picked":["Armaments+1","Cleave","Havoc"],"picked":"SKIP","floor":25},{"not_picked":["Havoc","Wild Strike"],"picked":"Metallicize","floor":29},{"not_picked":["Flex","hubris:SharpeningStone+1","Reckless Charge"],"picked":"SKIP","floor":31}],"player_experience":919144,"relics_obtained":[{"floor":6,"key":"Dota2Spire:BladeMail"},{"floor":14,"key":"hubris:SphereOfDissonance"},{"floor":24,"key":"Dota2Spire:OrchidMalevolence"},{"floor":26,"key":"Smiling Mask"},{"floor":31,"key":"Girya"}],"event_choices":[{"damage_healed":0,"gold_gain":0,"player_choice":"Gave Potion","damage_taken":0,"relics_obtained":["Boot"],"max_hp_gain":0,"max_hp_loss":0,"event_name":"WeMeetAgain","floor":4,"gold_loss":0},{"damage_healed":0,"gold_gain":0,"player_choice":"1 cards matched","damage_taken":0,"max_hp_gain":0,"max_hp_loss":0,"event_name":"Match and Keep!","floor":27,"gold_loss":0,"cards_obtained":["Jack Of All Trades"]}],"is_beta":false,"boss_relics":[{"not_picked":["Kintsugi","Empty Cage"],"picked":"Velvet Choker"}],"items_purged_floors":[28],"is_endless":false,"potions_floor_spawned":[1,2,3,14,21,24,29,31],"killed_by":"Automaton","ascension_level":0}}