{"host":"amvpy7h9h10a217o","time":1609602647,"event":{"mods":["AchievementEnabler","BaseMod","Block Reminder","Challenge The Spire","Colored Powertips","GifTheSpireLib","Highlight Path","Minty Spire (QoL Compilation)","Permanent Neow","StSLib"],"gold_per_floor":[117,132,147,164,164,164,198,198,245,272,272,272,272],"floor_reached":12,"playtime":592,"items_purged":[],"score":160,"play_id":"3a8a6d93-ee45-40fa-90ed-f670e108a3e6","local_time":"20210102105047","is_ascension_mode":true,"campfire_choices":[{"data":"Dash","floor":6.0,"key":"SMITH"},{"floor":8.0,"key":"REST"},{"data":"PiercingWail","floor":11.0,"key":"SMITH"}],"circlet_count":0,"master_deck":["AscendersBane","Strike_G","Strike_G","Strike_G","Strike_G","Strike_G","Defend_G+1","Defend_G","Defend_G","Defend_G+1","Defend_G","Survivor","Neutralize","Predator","Dash+1","PiercingWail+1","Endless Agony","Dagger Throw"],"relics":["Sozu","Pantograph","CeramicFish"],"acts_visited":["Exordium"],"potions_floor_usage":[],"damage_taken":[{"damage":0.0,"enemies":"Small Slimes","floor":1.0,"turns":4.0},{"damage":0.0,"enemies":"Jaw Worm","floor":2.0,"turns":3.0},{"damage":0.0,"enemies":"2 Louse","floor":3.0,"turns":2.0},{"damage":6.0,"enemies":"Looter","floor":4.0,"turns":4.0},{"damage":22.0,"enemies":"Lagavulin","floor":7.0,"turns":7.0},{"damage":0.0,"enemies":"Lots of Slimes","floor":10.0,"turns":6.0},{"damage":37,"enemies":"Gremlin Nob","floor":12,"turns":4}],"seed_played":"-8563243719421341334","potions_obtained":[],"is_trial":false,"path_per_floor":["M","M","M","M","?","R","E","R","T","M","R","E"],"character_chosen":"THE_SILENT","items_purchased":[],"campfire_rested":1,"item_purchase_floors":[],"current_hp_per_floor":[59,59,59,53,33,33,11,30,30,30,30,0,0],"gold":272,"neow_bonus":"BOSS_RELIC","is_daily":false,"chose_seed":false,"campfire_upgraded":2,"win_rate":0.0,"timestamp":1609602647,"path_taken":["M","M","M","M","?","R","E","R","T","M","R","E"],"items_purchased_type":[],"build_version":"2020-12-22","purchased_purges":0,"victory":false,"max_hp_per_floor":[66,66,66,66,66,66,66,66,66,66,66,66,66],"card_choices":[{"not_picked":["Outmaneuver","Dagger Throw"],"picked":"Predator","floor":1.0},{"not_picked":["Flying Knee","Dagger Spray"],"picked":"Dash","floor":2.0},{"not_picked":["Deflect","Sucker Punch"],"picked":"PiercingWail","floor":3.0},{"not_picked":["Deadly Poison","Caltrops","Expertise"],"picked":"SKIP","floor":4.0},{"not_picked":["Flying Knee","Storm of Steel"],"picked":"Endless Agony","floor":7.0},{"not_picked":["Quick Slash","Dodge and Roll"],"picked":"Dagger Throw","floor":10.0}],"player_experience":1412638,"relics_obtained":[{"floor":7.0,"key":"Pantograph"},{"floor":9.0,"key":"CeramicFish"}],"event_choices":[{"damage_healed":0.0,"max_hp_gain":0.0,"max_hp_loss":0.0,"gold_gain":0.0,"event_name":"Shining Light","player_choice":"Entered Light","floor":5.0,"gold_loss":0.0,"damage_taken":20.0,"cards_upgraded":["Defend_G","Defend_G"]}],"is_beta":false,"boss_relics":[],"items_purged_floors":[],"is_endless":false,"potions_floor_spawned":[2,3],"killed_by":"Gremlin Nob","ascension_level":20}}