{"host":"os7ajuuouznx3pj7","time":1609611211,"event":{"mods":["AchievementEnabler","BaseMod","Bestiary","Block Reminder","Colored Map","Colored Powertips","Keyboard Shortcuts","Minty Spire (QoL Compilation)","Quick Restart","Relic Stats","SuperFastMode"],"gold_per_floor":[110,110,110,110,122,122,142,176,202,202,72,129,129,139,139,211,211,223,251,268,284,300,300,300,300],"floor_reached":24,"playtime":4057,"items_purged":[],"score":392,"play_id":"7c1c77e4-81eb-41c5-a94d-f3e56a7b36e7","local_time":"20210102161331","is_ascension_mode":true,"campfire_choices":[{"data":"Rampage","floor":6.0,"key":"SMITH"},{"data":"Bash","floor":10.0,"key":"SMITH"},{"data":"Burning Pact","floor":15.0,"key":"SMITH"},{"data":"Barricade","floor":23.0,"key":"SMITH"}],"circlet_count":0,"master_deck":["AscendersBane","Strike_R","Strike_R","Strike_R","Strike_R","Strike_R","Defend_R","Defend_R","Defend_R","Bash+1","Rampage+1","Intimidate","Shrug It Off","Thunderclap","Headbutt","Barricade+1","Sentinel","Burning Pact+1","Impervious","Warcry"],"relics":["Burning Blood","Centennial Puzzle","Anchor","Bottled Flame","Omamori","Red Skull","Toy Ornithopter","Busted Crown","Red Mask"],"acts_visited":["Exordium","TheCity"],"potions_floor_usage":[],"damage_taken":[{"damage":12.0,"enemies":"Jaw Worm","floor":1.0,"turns":2.0},{"damage":2.0,"enemies":"Small Slimes","floor":5.0,"turns":3.0},{"damage":4.0,"enemies":"Cultist","floor":7.0,"turns":3.0},{"damage":23.0,"enemies":"Gremlin Nob","floor":8.0,"turns":4.0},{"damage":23.0,"enemies":"Lagavulin Event","floor":12.0,"turns":4.0},{"damage":2.0,"enemies":"Exordium Wildlife","floor":14.0,"turns":3.0},{"damage":18.0,"enemies":"The Guardian","floor":16.0,"turns":8.0},{"damage":12.0,"enemies":"2 Thieves","floor":18.0,"turns":5.0},{"damage":25.0,"enemies":"Masked Bandits","floor":19.0,"turns":4.0},{"damage":5.0,"enemies":"3 Byrds","floor":20.0,"turns":6.0},{"damage":18.0,"enemies":"Shelled Parasite and Fungi","floor":21.0,"turns":3.0},{"damage":6.0,"enemies":"Snake Plant","floor":22.0,"turns":4.0},{"damage":44,"enemies":"Cultist and Chosen","floor":24,"turns":5}],"seed_played":"-5087554487297134333","potions_obtained":[{"floor":1.0,"key":"SkillPotion"},{"floor":5.0,"key":"GamblersBrew"},{"floor":8.0,"key":"SpeedPotion"},{"floor":14.0,"key":"DistilledChaos"},{"floor":18.0,"key":"SpeedPotion"},{"floor":19.0,"key":"DistilledChaos"}],"is_trial":false,"path_per_floor":["M","?","?","T","M","R","M","E","T","R","$","?","?","M","R","B",null,"M","?","M","M","M","R","M"],"character_chosen":"IRONCLAD","items_purchased":["Headbutt","Barricade"],"campfire_rested":0,"item_purchase_floors":[11,11],"current_hp_per_floor":[62,51,51,51,55,55,57,40,40,40,40,23,23,27,27,25,63,57,38,44,32,37,37,0,0],"gold":300,"neow_bonus":"RANDOM_COMMON_RELIC","is_daily":false,"chose_seed":false,"campfire_upgraded":4,"win_rate":0.0,"timestamp":1609611211,"path_taken":["M","?","?","?","?","R","M","E","T","R","?","?","?","M","R","BOSS","M","?","M","M","M","R","M"],"items_purchased_type":["Card","Card"],"build_version":"2020-12-22","purchased_purges":0,"victory":false,"max_hp_per_floor":[75,75,75,75,75,75,75,75,75,75,75,75,75,75,75,75,75,75,75,75,75,75,75,75,75],"relic_stats":{"Centennial Puzzle":[39],"Busted Crown":10,"counters":[13,54],"obtain_stats":[{"Centennial Puzzle":0,"Anchor":2,"Bottled Flame":4,"Busted Crown":17,"Omamori":8,"Red Mask":19,"Burning Blood":0,"Red Skull":9,"Toy Ornithopter":12},{"Centennial Puzzle":0,"Anchor":1,"Bottled Flame":1,"Busted Crown":7,"Omamori":4,"Red Mask":9,"Burning Blood":0,"Red Skull":4,"Toy Ornithopter":5},{"Centennial Puzzle":0,"Anchor":2,"Bottled Flame":2,"Busted Crown":27,"Omamori":12,"Red Mask":36,"Burning Blood":0,"Red Skull":12,"Toy Ornithopter":16}],"Burning Blood":72,"Toy Ornithopter":20},"card_choices":[{"not_picked":["Havoc","Sword Boomerang"],"picked":"Rampage","floor":1.0},{"not_picked":["Sword Boomerang","Dropkick"],"picked":"Intimidate","floor":5.0},{"not_picked":["Sword Boomerang","Perfected Strike"],"picked":"Shrug It Off","floor":7.0},{"not_picked":["Corruption","Sword Boomerang"],"picked":"Thunderclap","floor":8.0},{"not_picked":["Searing Blow","Heavy Blade"],"picked":"Sentinel","floor":12.0},{"not_picked":["Pommel Strike","Flex"],"picked":"Burning Pact","floor":14.0},{"not_picked":["Bludgeon","Exhume"],"picked":"Impervious","floor":16.0},{"not_picked":[],"picked":"Warcry","floor":18.0},{"not_picked":["Flex"],"picked":"SKIP","floor":20.0},{"not_picked":["Flex"],"picked":"SKIP","floor":20.0},{"not_picked":["Hemokinesis"],"picked":"SKIP","floor":21.0},{"not_picked":["Perfected Strike"],"picked":"SKIP","floor":22.0}],"player_experience":746908,"relics_obtained":[{"floor":4.0,"key":"Bottled Flame"},{"floor":8.0,"key":"Omamori"},{"floor":9.0,"key":"Red Skull"},{"floor":12.0,"key":"Toy Ornithopter"},{"floor":19.0,"key":"Red Mask"}],"event_choices":[{"damage_healed":0.0,"max_hp_gain":0.0,"max_hp_loss":0.0,"gold_gain":0.0,"event_name":"Scrap Ooze","player_choice":"Success","floor":2.0,"gold_loss":0.0,"damage_taken":11.0,"relics_obtained":["Anchor"]},{"cards_removed":["Defend_R"],"damage_healed":0.0,"max_hp_gain":0.0,"max_hp_loss":0.0,"gold_gain":0.0,"event_name":"Living Wall","player_choice":"Forget","floor":3.0,"gold_loss":0.0,"damage_taken":0.0},{"damage_healed":0.0,"max_hp_gain":0.0,"max_hp_loss":0.0,"gold_gain":0.0,"event_name":"Dead Adventurer","player_choice":"Searched \u00272\u0027 times","floor":12.0,"gold_loss":0.0,"damage_taken":0.0},{"damage_healed":0.0,"max_hp_gain":0.0,"max_hp_loss":0.0,"gold_gain":0.0,"event_name":"Shining Light","player_choice":"Ignored","floor":13.0,"gold_loss":0.0,"damage_taken":0.0},{"damage_healed":0.0,"max_hp_gain":0.0,"max_hp_loss":0.0,"gold_gain":0.0,"event_name":"Masked Bandits","player_choice":"Fought Bandits","floor":19.0,"gold_loss":0.0,"damage_taken":0.0}],"is_beta":false,"boss_relics":[{"not_picked":["Coffee Dripper","Mark of Pain"],"picked":"Busted Crown"}],"items_purged_floors":[],"is_endless":false,"potions_floor_spawned":[1,5,8,14,18,19],"killed_by":"Cultist and Chosen","ascension_level":20}}