{"host":"hm3ikmf8oxbtqms2","time":1609627271,"event":{"mods":["BaseMod","Best Route Mod","Bestiary","Better Vampires","Block Reminder","Colored Map","Colored Powertips","Curses Come First","DeckTracker","Displayed Cursed Tome","Highlight Path","Minty Spire (QoL Compilation)","Quick Restart","StSLib"],"gold_per_floor":[113,113,113,126,141,179,179,199,272,272,18,43,43,68,68,196,196,210,135,135,153,68,68,103,103,129,161,161,191,191,210,210,210,210],"floor_reached":33,"playtime":3194,"items_purged":[],"score":389,"play_id":"3f931af6-8cc6-4f89-9b93-5e11c12e0447","local_time":"20210102174111","is_ascension_mode":true,"campfire_choices":[{"floor":7.0,"key":"REST"},{"data":"After Image","floor":10.0,"key":"SMITH"},{"floor":13.0,"key":"REST"},{"data":"Crippling Poison","floor":15.0,"key":"SMITH"},{"data":"Infinite Blades","floor":23.0,"key":"SMITH"},{"data":"Concentrate","floor":25.0,"key":"SMITH"},{"data":"Noxious Fumes","floor":32.0,"key":"SMITH"}],"circlet_count":0,"master_deck":["Strike_G+1","Strike_G+1","Strike_G+1","Strike_G+1","Defend_G+1","Defend_G+1","Defend_G+1","Defend_G+1","Defend_G+1","Survivor","Neutralize","Poisoned Stab","Infinite Blades+1","Dagger Throw","Endless Agony","After Image+1","Dagger Spray","Crippling Poison+1","Blade Dance","Flying Knee","Concentrate+1","Noxious Fumes+1","Deadly Poison","Writhe","Footwork"],"relics":["Ring of the Snake","Bloody Idol","Pocketwatch","Orichalcum","Mercury Hourglass","Mummified Hand","Black Star","Ninja Scroll","Question Card","Potion Belt","Juzu Bracelet","Mango","Darkstone Periapt","Tough Bandages","Toy Ornithopter","PreservedInsect"],"acts_visited":["Exordium","TheCity"],"potions_floor_usage":[],"damage_taken":[{"damage":1.0,"enemies":"Small Slimes","floor":1.0,"turns":4.0},{"damage":3.0,"enemies":"2 Louse","floor":4.0,"turns":3.0},{"damage":0.0,"enemies":"Cultist","floor":5.0,"turns":3.0},{"damage":35.0,"enemies":"3 Sentries","floor":6.0,"turns":8.0},{"damage":2.0,"enemies":"Looter","floor":8.0,"turns":3.0},{"damage":9.0,"enemies":"3 Louse","floor":12.0,"turns":2.0},{"damage":0.0,"enemies":"Large Slime","floor":14.0,"turns":4.0},{"damage":19.0,"enemies":"The Guardian","floor":16.0,"turns":10.0},{"damage":1.0,"enemies":"3 Byrds","floor":18.0,"turns":4.0},{"damage":18.0,"enemies":"2 Thieves","floor":21.0,"turns":4.0},{"damage":9.0,"enemies":"Gremlin Leader","floor":24.0,"turns":6.0},{"damage":27.0,"enemies":"Slavers","floor":27.0,"turns":5.0},{"damage":23.0,"enemies":"Book of Stabbing","floor":29.0,"turns":6.0},{"damage":1.0,"enemies":"Snecko","floor":31.0,"turns":4.0},{"damage":55,"enemies":"Automaton","floor":33,"turns":10}],"seed_played":"6311521767535564893","potions_obtained":[{"floor":6.0,"key":"LiquidMemories"},{"floor":12.0,"key":"FearPotion"},{"floor":14.0,"key":"GhostInAJar"},{"floor":27.0,"key":"SmokeBomb"}],"is_trial":false,"path_per_floor":["M","?","?","M","M","E","R","M","T","R","$","M","R","M","R","B",null,"M","?","?","M","?","R","E","R","T","E","?","E","?","M","R","B"],"character_chosen":"THE_SILENT","items_purchased":["Mummified Hand"],"campfire_rested":2,"item_purchase_floors":[11],"current_hp_per_floor":[69,52,52,49,49,14,35,33,33,33,33,24,45,45,45,26,70,69,69,69,61,61,61,57,57,62,54,54,36,42,46,46,0,0],"gold":210,"neow_bonus":"ONE_RANDOM_RARE_CARD","is_daily":false,"chose_seed":false,"campfire_upgraded":5,"win_rate":0.0,"timestamp":1609627271,"path_taken":["M","?","?","?","M","E","R","M","T","R","$","M","R","M","R","BOSS","M","?","?","M","?","R","E","R","T","E","?","E","?","M","R","BOSS"],"items_purchased_type":["Relic"],"build_version":"2020-12-22","purchased_purges":0,"victory":false,"max_hp_per_floor":[70,70,70,70,70,70,70,70,70,70,70,70,70,70,70,70,70,70,70,70,70,70,70,70,70,70,84,84,84,90,90,90,90,90],"card_choices":[{"not_picked":["Dagger Throw","Outmaneuver"],"picked":"Poisoned Stab","floor":1.0},{"not_picked":["Outmaneuver","Prepared"],"picked":"Infinite Blades","floor":4.0},{"not_picked":["Dodge and Roll","Dash"],"picked":"Dagger Throw","floor":5.0},{"not_picked":["Masterful Stab","All Out Attack"],"picked":"Endless Agony","floor":6.0},{"not_picked":["Underhanded Strike","Poisoned Stab"],"picked":"After Image","floor":8.0},{"not_picked":["Deflect","Slice"],"picked":"Dagger Spray","floor":12.0},{"not_picked":["Deadly Poison","Endless Agony"],"picked":"Crippling Poison","floor":14.0},{"not_picked":["Reflex","Calculated Gamble"],"picked":"Blade Dance","floor":18.0},{"not_picked":["Deflect","PiercingWail"],"picked":"Flying Knee","floor":21.0},{"not_picked":["Tactician","Outmaneuver"],"picked":"Concentrate","floor":24.0},{"not_picked":["Caltrops","Slice","Outmaneuver"],"picked":"Noxious Fumes","floor":27.0},{"not_picked":["Flying Knee+1","Cloak And Dagger","Prepared"],"picked":"Deadly Poison","floor":29.0},{"not_picked":["Acrobatics+1","Predator","Bane"],"picked":"Footwork","floor":31.0}],"player_experience":259499,"relics_obtained":[{"floor":6.0,"key":"Orichalcum"},{"floor":9.0,"key":"Mercury Hourglass"},{"floor":24.0,"key":"Question Card"},{"floor":24.0,"key":"Potion Belt"},{"floor":26.0,"key":"Juzu Bracelet"},{"floor":27.0,"key":"Mango"},{"floor":27.0,"key":"Darkstone Periapt"},{"floor":29.0,"key":"Tough Bandages"},{"floor":29.0,"key":"Toy Ornithopter"}],"event_choices":[{"damage_healed":0.0,"max_hp_gain":0.0,"max_hp_loss":0.0,"gold_gain":0.0,"event_name":"Golden Idol","player_choice":"Take Damage","floor":2.0,"gold_loss":0.0,"damage_taken":17.0,"relics_obtained":["Golden Idol"]},{"cards_removed":["Grand Finale"],"damage_healed":0.0,"max_hp_gain":0.0,"max_hp_loss":0.0,"gold_gain":0.0,"event_name":"WeMeetAgain","player_choice":"Gave Card","floor":3.0,"gold_loss":0.0,"damage_taken":0.0,"relics_obtained":["Pocketwatch"]},{"cards_removed":["Strike_G"],"damage_healed":0.0,"max_hp_gain":0.0,"max_hp_loss":0.0,"gold_gain":0.0,"event_name":"Beggar","player_choice":"Gave Gold","floor":19.0,"gold_loss":75.0,"damage_taken":0.0},{"damage_healed":0.0,"max_hp_gain":0.0,"max_hp_loss":0.0,"gold_gain":0.0,"event_name":"Forgotten Altar","player_choice":"Gave Idol","floor":20.0,"relics_lost":["Golden Idol"],"gold_loss":0.0,"damage_taken":0.0,"relics_obtained":["Bloody Idol"]},{"damage_healed":0.0,"max_hp_gain":0.0,"max_hp_loss":0.0,"gold_gain":0.0,"event_name":"Addict","player_choice":"Obtained Relic","floor":22.0,"gold_loss":85.0,"damage_taken":0.0,"relics_obtained":["Ninja Scroll"]},{"damage_healed":0.0,"max_hp_gain":0.0,"max_hp_loss":0.0,"gold_gain":0.0,"event_name":"Back to Basics","player_choice":"Simplicity","floor":28.0,"gold_loss":0.0,"damage_taken":0.0,"cards_upgraded":["Strike_G","Strike_G","Strike_G","Strike_G","Defend_G","Defend_G","Defend_G","Defend_G","Defend_G"]},{"damage_healed":0.0,"max_hp_gain":0.0,"max_hp_loss":0.0,"gold_gain":0.0,"event_name":"The Mausoleum","player_choice":"Opened","floor":30.0,"gold_loss":0.0,"damage_taken":0.0,"relics_obtained":["PreservedInsect"],"cards_obtained":["Writhe"]}],"is_beta":false,"boss_relics":[{"not_picked":["Fusion Hammer","Runic Pyramid"],"picked":"Black Star"}],"items_purged_floors":[],"is_endless":false,"potions_floor_spawned":[6,12,14,27],"killed_by":"Automaton","ascension_level":4}}