{"host":"baiuyraednrljtmn","time":1609588517,"event":{"mods":["BaseMod","Colored Map","Colored Powertips","DeckTracker","Keyboard Shortcuts","Minty Spire (QoL Compilation)","Relic Stats","StSLib","SuperFastMode","everything is the same but u backflip on backflip"],"gold_per_floor":[116,116,131,56,56,86,98,123,176,233,233,233],"floor_reached":11,"playtime":241,"items_purged":[],"score":212,"play_id":"e5a8de05-166b-4ca6-9025-5351004aa981","local_time":"20210102205517","is_ascension_mode":true,"campfire_choices":[],"circlet_count":0,"master_deck":["AscendersBane","Strike_G","Strike_G","Strike_G","Strike_G+1","Defend_G+1","Defend_G","Defend_G","Defend_G","Defend_G","Survivor","Neutralize","Underhanded Strike","Riddle With Holes","Prepared","Skewer"],"relics":["Ring of the Snake","NeowsBlessing","HornCleat","Toy Ornithopter","Blood Vial","Omamori"],"acts_visited":["Exordium"],"potions_floor_usage":[8,10],"damage_taken":[{"damage":0.0,"enemies":"Small Slimes","floor":1.0,"turns":1.0},{"damage":0.0,"enemies":"Jaw Worm","floor":3.0,"turns":1.0},{"damage":0.0,"enemies":"Lagavulin","floor":6.0,"turns":1.0},{"damage":0.0,"enemies":"2 Louse","floor":7.0,"turns":3.0},{"damage":15,"enemies":"3 Sentries","floor":8,"turns":9},{"damage":24,"enemies":"3 Sentries","floor":10,"turns":9},{"damage":19,"enemies":"Lagavulin","floor":11,"turns":5}],"seed_played":"-7415178679688181364","potions_obtained":[{"floor":7,"key":"DistilledChaos"},{"floor":8,"key":"Energy Potion"},{"floor":10,"key":"LiquidBronze"}],"is_trial":false,"path_per_floor":["M","?","M","?","?","E","M","E","T","?","E"],"character_chosen":"THE_SILENT","items_purchased":[],"campfire_rested":0,"item_purchase_floors":[],"current_hp_per_floor":[59,64,64,64,43,43,43,28,28,11,0,0],"gold":233,"neow_bonus":"THREE_ENEMY_KILL","is_daily":false,"chose_seed":false,"campfire_upgraded":0,"win_rate":0.0,"timestamp":1609588517,"path_taken":["M","?","M","?","?","E","M","E","T","?","E"],"items_purchased_type":[],"build_version":"2020-12-22","purchased_purges":0,"victory":false,"max_hp_per_floor":[66,71,71,71,71,71,71,71,71,71,71,71],"relic_stats":{"Blood Vial":4,"counters":[7,29],"obtain_stats":[{"Blood Vial":9,"HornCleat":6,"NeowsBlessing":0,"Omamori":10,"Toy Ornithopter":8,"Ring of the Snake":0},{"Blood Vial":5,"HornCleat":3,"NeowsBlessing":0,"Omamori":6,"Toy Ornithopter":5,"Ring of the Snake":0},{"Blood Vial":15,"HornCleat":3,"NeowsBlessing":0,"Omamori":24,"Toy Ornithopter":15,"Ring of the Snake":0}],"Toy Ornithopter":5,"Ring of the Snake":[14]},"card_choices":[{"not_picked":["Slice","Deflect","PiercingWail"],"picked":"SKIP","floor":1.0},{"not_picked":["Prepared","Accuracy"],"picked":"Underhanded Strike","floor":3.0},{"not_picked":["Quick Slash","Caltrops"],"picked":"Riddle With Holes","floor":6.0},{"not_picked":["Catalyst","Noxious Fumes"],"picked":"Prepared","floor":7},{"not_picked":["Outmaneuver","Dodge and Roll","PiercingWail"],"picked":"SKIP","floor":8},{"not_picked":["Accuracy","Caltrops"],"picked":"Skewer","floor":10}],"player_experience":1400039,"relics_obtained":[{"floor":6.0,"key":"HornCleat"},{"floor":8,"key":"Toy Ornithopter"},{"floor":9,"key":"Blood Vial"},{"floor":10,"key":"Omamori"}],"event_choices":[{"damage_healed":0.0,"max_hp_gain":5.0,"max_hp_loss":0.0,"gold_gain":0.0,"event_name":"Big Fish","player_choice":"Donut","floor":2.0,"gold_loss":0.0,"damage_taken":0.0},{"cards_removed":["Strike_G"],"damage_healed":0.0,"max_hp_gain":0.0,"max_hp_loss":0.0,"gold_gain":0.0,"event_name":"The Cleric","player_choice":"Card Removal","floor":4.0,"gold_loss":75.0,"damage_taken":0.0},{"damage_healed":0.0,"max_hp_gain":0.0,"max_hp_loss":0.0,"gold_gain":0.0,"event_name":"Shining Light","player_choice":"Entered Light","floor":5.0,"gold_loss":0.0,"damage_taken":21.0,"cards_upgraded":["Strike_G","Defend_G"]},{"damage_healed":0,"gold_gain":0,"player_choice":"Searched \u00272\u0027 times","damage_taken":0,"max_hp_gain":0,"max_hp_loss":0,"event_name":"Dead Adventurer","floor":10,"gold_loss":0}],"is_beta":false,"boss_relics":[],"items_purged_floors":[],"is_endless":false,"potions_floor_spawned":[7,8,10],"killed_by":"Lagavulin","ascension_level":20}}