{"host":"ymmeoa1x24ihslbm","time":1609617282,"event":{"mods":["AchievementEnabler","BaseMod","Colored Map","Colored Powertips","Defuse TimeMaze Blight","Highlight Path","Minty Spire (QoL Compilation)","Permanent Neow","Quick Restart","StSLib","Unceasing Turn Reminder"],"gold_per_floor":[210,210,225,225,235,235,251,251,251,284,284,304,304,323,323,323,323],"floor_reached":16,"playtime":589,"items_purged":[],"score":122,"play_id":"872d17df-12bd-4c3d-81ab-fbc08cab3133","local_time":"20210102205442","is_ascension_mode":true,"campfire_choices":[{"data":"Eruption","floor":6.0,"key":"SMITH"},{"data":"Vigilance","floor":11,"key":"SMITH"},{"data":"Blasphemy","floor":13,"key":"SMITH"},{"data":"Strike_P","floor":15,"key":"SMITH"}],"circlet_count":0,"master_deck":["Strike_P+1","Strike_P","Strike_P","Defend_P","Defend_P","Defend_P","Defend_P","Eruption+1","Vigilance+1","Meditate","EmptyBody","Blasphemy+1"],"relics":["PureWater","Matryoshka","Letter Opener"],"acts_visited":["Exordium"],"potions_floor_usage":[],"damage_taken":[{"damage":1.0,"enemies":"2 Louse","floor":1.0,"turns":4.0},{"damage":0.0,"enemies":"Jaw Worm","floor":3.0,"turns":4.0},{"damage":0.0,"enemies":"Cultist","floor":5.0,"turns":3.0},{"damage":8,"enemies":"Looter","floor":7,"turns":4},{"damage":31,"enemies":"3 Sentries","floor":10,"turns":11},{"damage":4,"enemies":"2 Fungi Beasts","floor":12,"turns":3},{"damage":10,"enemies":"3 Louse","floor":14,"turns":2},{"damage":0,"enemies":"Slime Boss","floor":16,"turns":3}],"seed_played":"8119018858912682465","potions_obtained":[{"floor":5.0,"key":"SmokeBomb"},{"floor":7,"key":"Strength Potion"},{"floor":10,"key":"LiquidBronze"}],"is_trial":false,"path_per_floor":["M","$","M","?","M","R","M","?","T","E","R","M","R","M","R","B"],"character_chosen":"WATCHER","items_purchased":[],"campfire_rested":0,"item_purchase_floors":[],"current_hp_per_floor":[71,71,71,76,76,76,68,68,68,37,37,33,33,23,23,23,23],"gold":323,"neow_bonus":"HUNDRED_GOLD","is_daily":false,"chose_seed":false,"campfire_upgraded":4,"win_rate":0.0,"timestamp":1609617282,"path_taken":["M","$","M","?","M","R","M","?","T","E","R","M","R","M","R","BOSS"],"items_purchased_type":[],"build_version":"2020-12-22","purchased_purges":0,"victory":false,"max_hp_per_floor":[72,72,72,77,77,77,77,77,77,77,77,77,77,77,77,77,77],"card_choices":[{"not_picked":["FlyingSleeves","EmptyFist"],"picked":"Meditate","floor":1.0},{"not_picked":["Crescendo","Evaluate","BowlingBash"],"picked":"SKIP","floor":3.0},{"not_picked":["FearNoEvil","FlyingSleeves","CrushJoints"],"picked":"SKIP","floor":5.0},{"not_picked":["Fasting2","Weave","Crescendo"],"picked":"SKIP","floor":7},{"not_picked":["FlurryOfBlows","Conclude"],"picked":"Blasphemy","floor":10},{"not_picked":["CutThroughFate","SashWhip","JustLucky"],"picked":"SKIP","floor":12},{"not_picked":["SashWhip","Protect","EmptyBody"],"picked":"SKIP","floor":14}],"player_experience":689035,"relics_obtained":[{"floor":9,"key":"Matryoshka"},{"floor":10,"key":"Letter Opener"}],"event_choices":[{"damage_healed":0.0,"max_hp_gain":5.0,"max_hp_loss":0.0,"gold_gain":0.0,"event_name":"Big Fish","player_choice":"Donut","floor":4.0,"gold_loss":0.0,"damage_taken":0.0},{"damage_healed":0,"gold_gain":0,"cards_transformed":["Strike_P"],"player_choice":"Transformed","damage_taken":0,"max_hp_gain":0,"max_hp_loss":0,"event_name":"Transmorgrifier","floor":8,"gold_loss":0,"cards_obtained":["EmptyBody"]}],"is_beta":false,"boss_relics":[],"items_purged_floors":[],"is_endless":false,"potions_floor_spawned":[5,7,10],"killed_by":"Slime Boss","ascension_level":4}}