{"host":"5jyeqch4fosnsiz2","time":1609612416,"event":{"mods":["BaseMod","Bestiary","Colored Map","Colored Powertips","Filter the Spire","Minty Spire (QoL Compilation)","Relic Stats","StSLib","Waifu the Spire","ojb\u0027s Better Paths Mod","ojb\u0027s Info Mod"],"gold_per_floor":[114,127,6,20,36,65,80,112,139,159,176,20,20,20,20,117,117,130,130,90,110,32,64,64,76,155,14,114,149,162,175,175,175,175],"floor_reached":33,"playtime":1475,"items_purged":["Defend_R"],"score":299,"play_id":"3e2fd025-52ef-453b-8266-ac970ab04182","local_time":"20210102133336","is_ascension_mode":false,"campfire_choices":[{"data":"Perfected Strike","floor":13,"key":"SMITH"},{"data":"Immolate","floor":15,"key":"SMITH"},{"data":"Perfected Strike","floor":32,"key":"SMITH"}],"circlet_count":0,"master_deck":["Strike_R","Strike_R","Strike_R","Strike_R","Strike_R","Defend_R","Defend_R+1","Defend_R","Bash","Pummel","Clash","Perfected Strike+1","Pommel Strike","Immolate+1","Pommel Strike","Bloodletting","Flame Barrier","Perfected Strike+1","Double Tap+1","Headbutt","Writhe","Cleave+1","Perfected Strike","Ghostly Armor","Battle Trance+1","Impervious"],"relics":["Burning Blood","StoneCalendar","Oddly Smooth Stone","Anchor","Membership Card","Sozu","War Paint","Orrery","Nunchaku","HornCleat","Lee\u0027s Waffle","CaptainsWheel","Frozen Egg 2","Blood Vial"],"acts_visited":["Exordium","TheCity"],"potions_floor_usage":[1,5,5,7,7,10,18],"damage_taken":[{"damage":1,"enemies":"Cultist","floor":1,"turns":4},{"damage":1,"enemies":"Jaw Worm","floor":2,"turns":3},{"damage":0,"enemies":"Small Slimes","floor":4,"turns":2},{"damage":0,"enemies":"Gremlin Gang","floor":5,"turns":4},{"damage":39,"enemies":"3 Sentries","floor":6,"turns":7},{"damage":0,"enemies":"Large Slime","floor":7,"turns":1},{"damage":35,"enemies":"Lagavulin","floor":8,"turns":6},{"damage":0,"enemies":"Exordium Wildlife","floor":10,"turns":2},{"damage":3,"enemies":"3 Louse","floor":11,"turns":2},{"damage":15,"enemies":"Slime Boss","floor":16,"turns":7},{"damage":0,"enemies":"Shell Parasite","floor":18,"turns":1},{"damage":7,"enemies":"2 Thieves","floor":21,"turns":3},{"damage":11,"enemies":"Book of Stabbing","floor":23,"turns":3},{"damage":3,"enemies":"Cultist and Chosen","floor":25,"turns":3},{"damage":12,"enemies":"Colosseum Slavers","floor":28,"turns":3},{"damage":14,"enemies":"Colosseum Nobs","floor":28,"turns":4},{"damage":8,"enemies":"Gremlin Leader","floor":29,"turns":4},{"damage":11,"enemies":"Snake Plant","floor":30,"turns":2},{"damage":8,"enemies":"Shelled Parasite and Fungi","floor":31,"turns":4},{"damage":84,"enemies":"Automaton","floor":33,"turns":8}],"seed_played":"-2903384683467780054","potions_obtained":[{"floor":0,"key":"Energy Potion"},{"floor":0,"key":"Block Potion"},{"floor":0,"key":"Dexterity Potion"},{"floor":1,"key":"SteroidPotion"},{"floor":2,"key":"PowerPotion"},{"floor":6,"key":"SteroidPotion"},{"floor":8,"key":"Energy Potion"},{"floor":16,"key":"AttackPotion"}],"is_trial":false,"path_per_floor":["M","M","$","M","M","E","M","E","T","M","M","$","R","$","R","B",null,"M","?","?","M","$","E","?","M","T","$","?","E","M","M","R","B"],"character_chosen":"IRONCLAD","items_purchased":["Perfected Strike","Membership Card","Perfected Strike","Orrery","Lee\u0027s Waffle","Impervious"],"campfire_rested":0,"item_purchase_floors":[3,12,12,22,27,27],"current_hp_per_floor":[80,80,80,80,80,47,53,24,24,30,33,33,33,33,33,24,80,80,80,80,79,79,74,59,62,62,92,78,76,73,73,73,0,0],"gold":175,"neow_bonus":"THREE_SMALL_POTIONS","is_daily":false,"chose_seed":false,"campfire_upgraded":3,"win_rate":0.0,"timestamp":1609612416,"path_taken":["M","M","$","M","?","E","M","E","T","M","M","?","R","?","R","BOSS","M","?","?","?","$","E","?","M","T","?","?","E","M","M","R","BOSS"],"items_purchased_type":["Card","Relic","Card","Relic","Relic","Card"],"build_version":"2020-12-22","purchased_purges":1,"victory":false,"max_hp_per_floor":[80,80,80,80,80,80,80,80,80,80,80,80,80,80,80,80,80,80,80,80,80,80,80,85,85,85,92,92,92,92,92,92,92,92],"relic_stats":{"Sozu":6,"Blood Vial":6,"Nunchaku":[6],"Lee\u0027s Waffle":30,"counters":[20,73],"StoneCalendar":[52],"War Paint":["Double Tap","Defend_R"],"obtain_stats":[{"Lee\u0027s Waffle":27,"Oddly Smooth Stone":8,"StoneCalendar":6,"War Paint":19,"Frozen Egg 2":28,"Burning Blood":0,"Sozu":17,"Blood Vial":29,"Anchor":9,"Nunchaku":23,"CaptainsWheel":28,"HornCleat":26,"Orrery":22,"Membership Card":12},{"Lee\u0027s Waffle":14,"Oddly Smooth Stone":7,"StoneCalendar":5,"War Paint":11,"Frozen Egg 2":16,"Burning Blood":0,"Sozu":10,"Blood Vial":17,"Anchor":7,"Nunchaku":13,"CaptainsWheel":16,"HornCleat":14,"Orrery":12,"Membership Card":9},{"Lee\u0027s Waffle":48,"Oddly Smooth Stone":27,"StoneCalendar":20,"War Paint":39,"Frozen Egg 2":55,"Burning Blood":0,"Sozu":38,"Blood Vial":59,"Anchor":27,"Nunchaku":45,"CaptainsWheel":55,"HornCleat":48,"Orrery":42,"Membership Card":31}],"Burning Blood":86},"card_choices":[{"not_picked":["Dark Embrace","Iron Wave"],"picked":"Pummel","floor":1},{"not_picked":["Blood for Blood","Rupture"],"picked":"Clash","floor":2},{"not_picked":["Armaments","Wild Strike"],"picked":"Pommel Strike","floor":4},{"not_picked":["Dropkick","Sever Soul","Anger"],"picked":"SKIP","floor":5},{"not_picked":["Dropkick","Armaments"],"picked":"Immolate","floor":6},{"not_picked":["Feel No Pain","Searing Blow"],"picked":"Pommel Strike","floor":7},{"not_picked":["Searing Blow","Perfected Strike"],"picked":"Bloodletting","floor":8},{"not_picked":["Shockwave","Clash"],"picked":"Flame Barrier","floor":10},{"not_picked":["Burning Pact","Thunderclap","Anger"],"picked":"SKIP","floor":11},{"not_picked":["Barricade","Juggernaut"],"picked":"Double Tap","floor":16},{"not_picked":["Clothesline+1","Entrench"],"picked":"Headbutt","floor":18},{"not_picked":["Thunderclap+1","True Grit"],"picked":"Cleave+1","floor":21},{"not_picked":["Sword Boomerang","Pommel Strike"],"picked":"Perfected Strike","floor":22},{"not_picked":["Iron Wave+1","Fiend Fire"],"picked":"Ghostly Armor","floor":22},{"not_picked":["Shockwave","Blood for Blood"],"picked":"Battle Trance+1","floor":22},{"not_picked":["Hemokinesis","Ghostly Armor","Clash"],"picked":"SKIP","floor":23},{"not_picked":["Sword Boomerang+1","Shrug It Off","Heavy Blade"],"picked":"SKIP","floor":25},{"not_picked":["Sword Boomerang","Flex","Burning Pact"],"picked":"SKIP","floor":29},{"not_picked":["Immolate","Heavy Blade+1","Iron Wave"],"picked":"SKIP","floor":30},{"not_picked":["Combust+1","Blood for Blood","Sword Boomerang"],"picked":"SKIP","floor":31}],"player_experience":284588,"relics_obtained":[{"floor":6,"key":"StoneCalendar"},{"floor":8,"key":"Oddly Smooth Stone"},{"floor":9,"key":"Anchor"},{"floor":23,"key":"Nunchaku"},{"floor":26,"key":"HornCleat"},{"floor":28,"key":"CaptainsWheel"},{"floor":28,"key":"Frozen Egg 2"},{"floor":29,"key":"Blood Vial"}],"event_choices":[{"damage_healed":0,"gold_gain":0,"player_choice":"Opened","damage_taken":0,"relics_obtained":["War Paint"],"max_hp_gain":0,"max_hp_loss":0,"event_name":"The Mausoleum","floor":19,"gold_loss":0,"cards_obtained":["Writhe"]},{"damage_healed":0,"gold_gain":0,"player_choice":"Bought 3 Potions","damage_taken":0,"max_hp_gain":0,"max_hp_loss":0,"event_name":"The Woman in Blue","floor":20,"gold_loss":0},{"damage_healed":0,"gold_gain":0,"player_choice":"Shed Blood","damage_taken":20,"max_hp_gain":5,"max_hp_loss":0,"event_name":"Forgotten Altar","floor":24,"gold_loss":0},{"damage_healed":0,"gold_gain":0,"player_choice":"Fight","damage_taken":0,"max_hp_gain":0,"max_hp_loss":0,"event_name":"Colosseum","floor":28,"gold_loss":0},{"damage_healed":0,"gold_gain":0,"player_choice":"Fought Nobs","damage_taken":0,"max_hp_gain":0,"max_hp_loss":0,"event_name":"Colosseum","floor":28,"gold_loss":0}],"is_beta":false,"boss_relics":[{"not_picked":["Cursed Key","Fusion Hammer"],"picked":"Sozu"}],"items_purged_floors":[3],"is_endless":false,"potions_floor_spawned":[1,2,6,8,16,18,25,28,30],"killed_by":"Automaton","ascension_level":0}}