{"host":"i0avyit1s6jb1siw","time":1609583588,"event":{"mods":["BaseMod","DeckTracker","Dota2Spire","Highlight Path","Minty Spire (QoL Compilation)","Quick Restart","Replay The Spire","StSLib","SuperFastMode"],"gold_per_floor":[116,74,74,90,15,15,40,40,40,40,54,54,82,96,96,170,170,183,108,108,119,119,119,119,119],"floor_reached":24,"playtime":360,"items_purged":["Strike_G"],"score":558,"play_id":"9c41a3ec-e367-4f69-8eb2-9f77df935aab","local_time":"20210102113308","is_ascension_mode":true,"campfire_choices":[{"data":"Dagger Spray","floor":6.0,"key":"SMITH"},{"floor":8.0,"key":"REST"},{"data":"Catalyst","floor":10.0,"key":"SMITH"},{"data":"Noxious Fumes","floor":15.0,"key":"SMITH"},{"floor":23,"key":"REST"}],"circlet_count":0,"master_deck":["AscendersBane","Strike_G+1","Strike_G+1","Strike_G+1","Defend_G+1","Defend_G+1","Defend_G+1","Defend_G+1","Survivor","Neutralize","Dagger Spray+1","Noxious Fumes+1","Dodge and Roll+1","Endless Agony","Catalyst+1","Catalyst","Burst","CurseOfTheBell"],"relics":["SlaversCollar","Replay:Wax Seal","Akabeko","Singing Bowl","Calling Bell","Replay:Mystery Machine","Dota2Spire:MantaStyle","Tough Bandages"],"acts_visited":["Exordium","TheCity"],"potions_floor_usage":[20],"damage_taken":[{"damage":8.0,"enemies":"Cultist","floor":1.0,"turns":5.0},{"damage":1.0,"enemies":"Small Slimes","floor":4.0,"turns":4.0},{"damage":40.0,"enemies":"Gremlin Nob","floor":7.0,"turns":5.0},{"damage":0.0,"enemies":"2 Louse","floor":11.0,"turns":1.0},{"damage":15.0,"enemies":"Lagavulin","floor":13.0,"turns":8.0},{"damage":0.0,"enemies":"Looter","floor":14.0,"turns":2.0},{"damage":0.0,"enemies":"The Guardian","floor":16.0,"turns":4.0},{"damage":19.0,"enemies":"2 Thieves","floor":18.0,"turns":4.0},{"damage":0,"enemies":"Spheric Guardian","floor":20,"turns":1},{"damage":36,"enemies":"Centurion and Healer","floor":21,"turns":8},{"damage":29,"enemies":"Chosen and Byrds","floor":24,"turns":4}],"seed_played":"966975100020010588","potions_obtained":[{"floor":4.0,"key":"Block Potion"},{"floor":7.0,"key":"SmokeBomb"},{"floor":11.0,"key":"Languid Potion"},{"floor":13.0,"key":"SkillPotion"},{"floor":21,"key":"SpeedPotion"}],"is_trial":false,"path_per_floor":["M","$","?","M","?","R","E","R","T","R","M","?","E","M","R","B",null,"M","$","M","M","?","R","M"],"character_chosen":"THE_SILENT","items_purchased":["Noxious Fumes"],"campfire_rested":2,"item_purchase_floors":[2],"current_hp_per_floor":[51,51,51,50,50,50,10,29,29,29,29,29,14,16,16,18,57,40,40,40,6,6,28,0,0],"gold":119,"neow_bonus":"BOSS_RELIC","is_daily":false,"chose_seed":false,"campfire_upgraded":3,"win_rate":0.0,"timestamp":1609583588,"path_taken":["M","$","?","M","?","R","E","R","T","R","M","?","E","M","R","BOSS","M","$","M","M","?","R","M"],"items_purchased_type":["Card"],"build_version":"2020-12-22","purchased_purges":1,"victory":false,"max_hp_per_floor":[66,66,66,66,66,66,66,66,66,66,66,66,66,68,68,70,70,72,72,72,74,74,74,74,74],"card_choices":[{"not_picked":["PiercingWail","Slice"],"picked":"Dagger Spray","floor":1.0},{"not_picked":["Backflip","Toxin Wave"],"picked":"Endless Agony","floor":4.0},{"not_picked":["Deadly Poison","PiercingWail"],"picked":"Catalyst","floor":7.0},{"not_picked":["Terror","Flying Knee"],"picked":"Catalyst","floor":11.0},{"not_picked":["Riddle With Holes","Cloak And Dagger"],"picked":"Burst","floor":13.0},{"not_picked":["Sucker Punch","Masterful Stab","Acrobatics"],"picked":"Singing Bowl","floor":14.0},{"not_picked":["Bullet Time","Phantasmal Killer","Envenom"],"picked":"Singing Bowl","floor":16.0},{"not_picked":["Quick Slash","All Out Attack","ReplayTheSpireMod:Speed Training+1"],"picked":"Singing Bowl","floor":18.0},{"not_picked":["Flying Knee+1","Terror","ReplayTheSpireMod:Tripwire"],"picked":"Singing Bowl","floor":21}],"player_experience":2160195,"relics_obtained":[{"floor":7.0,"key":"Replay:Wax Seal"},{"floor":9.0,"key":"Akabeko"},{"floor":13.0,"key":"Singing Bowl"},{"floor":17.0,"key":"Replay:Mystery Machine"},{"floor":17.0,"key":"Dota2Spire:MantaStyle"},{"floor":17.0,"key":"Tough Bandages"}],"event_choices":[{"cards_removed":["Defend_G"],"damage_healed":0.0,"max_hp_gain":0.0,"max_hp_loss":0.0,"gold_gain":0.0,"event_name":"The Cleric","player_choice":"Card Removal","floor":5.0,"gold_loss":75.0,"damage_taken":0.0},{"damage_healed":0,"gold_gain":0,"player_choice":"Simplicity","damage_taken":0,"max_hp_gain":0,"max_hp_loss":0,"event_name":"Back to Basics","floor":22,"gold_loss":0,"cards_upgraded":["Strike_G","Strike_G","Strike_G","Defend_G","Defend_G","Defend_G","Defend_G"]}],"is_beta":false,"boss_relics":[{"not_picked":["Ectoplasm","Fusion Hammer"],"picked":"Calling Bell"}],"items_purged_floors":[19],"is_endless":false,"potions_floor_spawned":[4,7,11,13,21],"killed_by":"Chosen and Byrds","ascension_level":20}}