{"host":"cijhj3091wf4aho3","time":1609546315,"event":{"mods":["BaseMod","Colored Map","Colored Powertips","Downfall","Friendly Minions","GifTheSpireLib","Highlight Path","Minty Spire (QoL Compilation)","Permanent Neow","Random Character Button","Relic Sorter","Relic Stats","StSLib","everything is the same but u backflip on backflip","slay the spire mod where everything is the same but ironclad has a cowboy hat"],"gold_per_floor":[0,13,30,15,26,26,26,57,77,77,2,24,24,84,101,200,200,200,211,278,328,478,478,478,503,519,550,600,650,650,677,691,791,791,716,732,743,757,44,55,82,93,108,33,138,167,167,217,230,230,230,258,27,27,27],"floor_reached":56,"playtime":9531,"items_purged":["champ:RageSigil"],"score":1735,"play_id":"9e279e88-cb0c-4518-987c-28b65160ff8e","local_time":"20210101161155","is_ascension_mode":true,"campfire_choices":[{"floor":1.0,"key":"RECALL"},{"data":"champ:Taunt","floor":11.0,"key":"SMITH"},{"data":"champ:Encircle","floor":18.0,"key":"SMITH"},{"data":"J.A.X.","floor":23.0,"key":"SMITH"},{"data":"champ:CalledShot","floor":30.0,"key":"SMITH"},{"data":"champ:BerserkerStyle","floor":35.0,"key":"SMITH"},{"data":"champ:SwordSigil","floor":44,"key":"SMITH"},{"data":"Bite","floor":47,"key":"SMITH"},{"data":"champ:AdrenalArmor","floor":54,"key":"SMITH"}],"circlet_count":0,"master_deck":["champ:Execute","champ:Taunt+1","champ:BerserkerStyle+1","champ:VampiricStrike","champ:BerserkersShout+1","champ:CalledShot+1","champ:Encircle+1","champ:RapidStrikes","Bite","Bite","Bite","Bite+1","champ:SwordSigil+1","champ:Backstep+1","J.A.X.+1","champ:HeartStrike","champ:FocusedBerserking","champ:Lariat+1","Master of Strategy","champ:ShieldSigil+1","champ:AdrenalArmor+1"],"relics":["champ:ChampionCrown","downfall:ShatteredFragment","PreservedInsect","InkBottle","downfall:HeartBlessingRed","Odd Mushroom","SsserpentHead","Sozu","MutagenicStrength","Ice Cream","Question Card","The Courier","Oddly Smooth Stone","Busted Crown","downfall:HeartBlessingGreen","Bag of Marbles","Mango","HornCleat","Nunchaku","War Paint","downfall:HeartBlessingBlue","Calipers","Art of War","Mummified Hand","Guardian:PocketSentry","Orichalcum"],"acts_visited":["Exordium","TheCity","TheBeyond","TheEnding"],"potions_floor_usage":[],"damage_taken":[{"damage":15.0,"enemies":"Cultist","floor":2.0,"turns":6.0},{"damage":10.0,"enemies":"Small Slimes","floor":3.0,"turns":3.0},{"damage":32.0,"enemies":"downfall:FleeingMerchant","floor":4.0,"turns":4.0},{"damage":10.0,"enemies":"2 Louse","floor":5.0,"turns":3.0},{"damage":40.0,"enemies":"Lagavulin","floor":8.0,"turns":4.0},{"damage":18.0,"enemies":"Exordium Thugs","floor":9.0,"turns":3.0},{"damage":31.0,"enemies":"The Mushroom Lair","floor":12.0,"turns":3.0},{"damage":38.0,"enemies":"Gremlin Gang","floor":14.0,"turns":3.0},{"damage":34.0,"enemies":"Large Slime","floor":15.0,"turns":6.0},{"damage":83.0,"enemies":"downfall:Ironclad","floor":16.0,"turns":5.0},{"damage":54.0,"enemies":"3 Byrds","floor":19.0,"turns":3.0},{"damage":31.0,"enemies":"Chosen","floor":20.0,"turns":3.0},{"damage":73.0,"enemies":"downfall:Augmenter","floor":22.0,"turns":4.0},{"damage":55.0,"enemies":"Slavers","floor":25.0,"turns":3.0},{"damage":37.0,"enemies":"Snake Plant","floor":26.0,"turns":3.0},{"damage":29.0,"enemies":"Gremlin Leader","floor":27.0,"turns":2.0},{"damage":41.0,"enemies":"Book of Stabbing","floor":31.0,"turns":2.0},{"damage":61.0,"enemies":"Chosen and Byrds","floor":32.0,"turns":4.0},{"damage":68.0,"enemies":"downfall:Defect","floor":33.0,"turns":5.0},{"damage":31,"enemies":"3 Shapes","floor":36,"turns":2},{"damage":99,"enemies":"3 Darklings","floor":37,"turns":4},{"damage":72,"enemies":"4 Shapes","floor":38,"turns":4},{"damage":65,"enemies":"downfall:FleeingMerchant","floor":39,"turns":4},{"damage":95,"enemies":"Maw","floor":40,"turns":3},{"damage":83,"enemies":"3 Darklings","floor":42,"turns":4},{"damage":44,"enemies":"Spire Growth","floor":43,"turns":2},{"damage":139,"enemies":"2 Orb Walkers","floor":45,"turns":3},{"damage":39,"enemies":"Reptomancer","floor":46,"turns":3},{"damage":129,"enemies":"Transient","floor":49,"turns":5},{"damage":93,"enemies":"downfall:Silent","floor":50,"turns":4},{"damage":134,"enemies":"downfall:CharBossMerchant","floor":52,"turns":4},{"damage":269,"enemies":"downfall:NeowBoss","floor":55,"turns":13}],"seed_played":"8195106582137847700","potions_obtained":[{"floor":2.0,"key":"Block Potion"},{"floor":8.0,"key":"Guardian:BlockOnCardUsePotion"},{"floor":14.0,"key":"sneckomod:MuddlingPotion"}],"is_trial":false,"path_per_floor":["R","M","M","$","M","?","T","E","M","?","R","?","?","M","M","B",null,"R","M","M","?","?","R","T","E","M","E","?","?","R","E","M","B",null,"R","M","M","M","$","M","T","M","M","R","?","E","R","?","M","B",null,"E","$","R","B",null],"character_chosen":"THE_CHAMP","items_purchased":["Bag of Marbles","Mango","HornCleat","Nunchaku","Master of Strategy","War Paint","Guardian:PocketSentry","Orichalcum"],"campfire_rested":0,"item_purchase_floors":[39,39,39,39,39,39,53,53],"current_hp_per_floor":[81,78,90,90,90,63,63,67,81,86,86,95,95,95,98,94,99,99,98,100,69,32,32,32,40,46,54,54,54,54,55,69,71,73,73,74,58,33,79,86,86,88,88,98,58,89,89,89,98,73,92,70,70,70,98],"gold":27,"neow_bonus":"TRANSFORM_TWO_CARDS","is_daily":false,"chose_seed":false,"campfire_upgraded":8,"win_rate":0.0,"timestamp":1609546315,"path_taken":["R","M","M","?","M","?","T","E","M","?","R","?","?","?","M","BOSS","R","M","?","?","?","R","T","E","M","E","?","?","R","E","M","BOSS","R","M","M","M","$","M","T","M","M","R","?","E","R","?","M","BOSS","E","$","R","BOSS"],"items_purchased_type":["Relic","Relic","Relic","Relic","Card","Relic","Relic","Relic"],"build_version":"2020-12-22","purchased_purges":1,"victory":true,"max_hp_per_floor":[90,90,90,90,90,90,90,90,90,95,95,95,95,95,100,100,100,100,100,100,69,69,69,69,69,69,69,69,69,69,69,69,74,74,74,74,74,74,88,88,88,88,88,98,98,98,98,98,98,98,98,98,98,98,98],"relic_stats":{"counters":[32,124],"PreservedInsect":433,"War Paint":["champ:BerserkersShout","champ:Backstep"],"Orichalcum":[42],"Question Card":16,"Sozu":7,"SsserpentHead":400,"Nunchaku":[13],"Busted Crown":22,"Mummified Hand":[1],"Art of War":[0],"obtain_stats":[{"Ice Cream":24,"Calipers":45,"champ:ChampionCrown":0,"downfall:HeartBlessingGreen":35,"Mango":39,"Sozu":17,"SsserpentHead":13,"Nunchaku":39,"HornCleat":39,"downfall:HeartBlessingBlue":44,"Mummified Hand":52,"InkBottle":8,"downfall:ShatteredFragment":6,"downfall:HeartBlessingRed":11,"Oddly Smooth Stone":31,"PreservedInsect":7,"The Courier":27,"Guardian:PocketSentry":53,"Odd Mushroom":12,"War Paint":39,"Orichalcum":53,"Question Card":25,"Busted Crown":34,"MutagenicStrength":22,"Bag of Marbles":39,"Art of War":46},{"Ice Cream":13,"Calipers":27,"champ:ChampionCrown":0,"downfall:HeartBlessingGreen":19,"Mango":23,"Sozu":10,"SsserpentHead":7,"Nunchaku":23,"HornCleat":23,"downfall:HeartBlessingBlue":26,"Mummified Hand":31,"InkBottle":5,"downfall:ShatteredFragment":4,"downfall:HeartBlessingRed":6,"Oddly Smooth Stone":17,"PreservedInsect":4,"The Courier":16,"Guardian:PocketSentry":31,"Odd Mushroom":7,"War Paint":23,"Orichalcum":31,"Question Card":14,"Busted Crown":19,"MutagenicStrength":13,"Bag of Marbles":23,"Art of War":28},{"Ice Cream":50,"Calipers":95,"champ:ChampionCrown":0,"downfall:HeartBlessingGreen":69,"Mango":83,"Sozu":40,"SsserpentHead":26,"Nunchaku":83,"HornCleat":83,"downfall:HeartBlessingBlue":92,"Mummified Hand":111,"InkBottle":20,"downfall:ShatteredFragment":16,"downfall:HeartBlessingRed":23,"Oddly Smooth Stone":60,"PreservedInsect":16,"The Courier":58,"Guardian:PocketSentry":111,"Odd Mushroom":26,"War Paint":83,"Orichalcum":111,"Question Card":53,"Busted Crown":69,"MutagenicStrength":50,"Bag of Marbles":83,"Art of War":98}],"InkBottle":[52]},"card_choices":[{"not_picked":["champ:EnGarde","champ:DefensiveShout"],"picked":"champ:RageSigil","floor":2.0},{"not_picked":["champ:CrookedStrike","champ:Haymaker"],"picked":"champ:BerserkersShout","floor":3.0},{"not_picked":["champ:CrookedStrike","champ:TornadoPunch"],"picked":"champ:CalledShot","floor":4.0},{"not_picked":["champ:CrookedStrike","champ:EnGarde","champ:BerserkerStyle"],"picked":"SKIP","floor":5.0},{"not_picked":["champ:RecklessLeap","champ:AdrenalArmor"],"picked":"champ:Encircle","floor":8.0},{"not_picked":["champ:GutPunch","champ:Haymaker","champ:StanceDance"],"picked":"SKIP","floor":9.0},{"not_picked":["champ:FaceSlap","champ:Backstep"],"picked":"champ:FightOn","floor":12.0},{"not_picked":["champ:TornadoPunch","champ:BladeFlurry","champ:DefensiveStyle"],"picked":"SKIP","floor":14.0},{"not_picked":["champ:GutPunch","champ:GladiatorsShout"],"picked":"champ:ArenaPreparation","floor":15.0},{"not_picked":["champ:ViciousMockery","champ:PerfectedStrike"],"picked":"champ:RapidStrikes","floor":19.0},{"not_picked":["champ:GladiatorsShout+1","champ:BerserkersShout+1","champ:EnchantCrown"],"picked":"SKIP","floor":20.0},{"not_picked":[],"picked":"J.A.X.","floor":22.0},{"not_picked":["champ:RisingSlash","champ:BladeFlurry+1"],"picked":"champ:HeartStrike","floor":25.0},{"not_picked":["champ:StanceDance","champ:ShieldWall","champ:RageSigil","champ:PerfectedStrike"],"picked":"SKIP","floor":26.0},{"not_picked":["champ:VampiricStrike","champ:GladiatorsShout","champ:Haymaker"],"picked":"champ:FocusedBerserking","floor":27.0},{"not_picked":["champ:PreciseThrust","champ:DeathBlow","champ:PerfectedStrike+1"],"picked":"champ:FightOn","floor":31.0},{"not_picked":["champ:DefensiveShout+1","champ:BringItOn","champ:BerserkerStyle","champ:GutPunch"],"picked":"SKIP","floor":32.0},{"not_picked":["champ:BringItOn","champ:Circumvent"],"picked":"SKIP","floor":36},{"not_picked":["champ:ShieldSigil","champ:FocusedDefense+1"],"picked":"SKIP","floor":37},{"not_picked":["champ:FocusedGladiator+1"],"picked":"champ:Lariat+1","floor":38},{"not_picked":["champ:DefensiveStyle","champ:FaceSlap+1"],"picked":"SKIP","floor":39},{"not_picked":["champ:Shatter","champ:DefensiveShout"],"picked":"SKIP","floor":40},{"not_picked":["champ:DefensiveShout+1","champ:TornadoPunch+1"],"picked":"SKIP","floor":42},{"not_picked":["champ:Haymaker"],"picked":"champ:ShieldSigil+1","floor":43},{"not_picked":["champ:DefensiveShout+1","champ:CrookedStrike"],"picked":"SKIP","floor":46},{"not_picked":["champ:FlashCut","champ:GutPunch+1"],"picked":"SKIP","floor":49},{"not_picked":["champ:RecklessLeap+1"],"picked":"champ:AdrenalArmor","floor":52}],"player_experience":464765,"relics_obtained":[{"floor":7.0,"key":"PreservedInsect"},{"floor":8.0,"key":"InkBottle"},{"floor":12.0,"key":"Odd Mushroom"},{"floor":22.0,"key":"MutagenicStrength"},{"floor":24.0,"key":"Ice Cream"},{"floor":25.0,"key":"Question Card"},{"floor":27.0,"key":"The Courier"},{"floor":31.0,"key":"Oddly Smooth Stone"},{"floor":45,"key":"Calipers"},{"floor":46,"key":"Art of War"},{"floor":52,"key":"Mummified Hand"}],"event_choices":[{"damage_healed":0.0,"max_hp_gain":5.0,"max_hp_loss":0.0,"gold_gain":0.0,"event_name":"Big Fish","player_choice":"Donut","floor":10.0,"gold_loss":0.0,"damage_taken":0.0},{"damage_healed":0.0,"max_hp_gain":0.0,"max_hp_loss":0.0,"gold_gain":0.0,"event_name":"Mushrooms","player_choice":"Fought Mushrooms","floor":12.0,"gold_loss":0.0,"damage_taken":0.0},{"damage_healed":0.0,"max_hp_gain":0.0,"max_hp_loss":0.0,"gold_gain":0.0,"event_name":"FaceTrader","player_choice":"Trade","floor":13.0,"gold_loss":0.0,"damage_taken":0.0,"relics_obtained":["SsserpentHead"]},{"damage_healed":0.0,"max_hp_gain":0.0,"max_hp_loss":31.0,"gold_gain":0.0,"event_name":"Vampires","player_choice":"Became a vampire","floor":21.0,"gold_loss":0.0,"damage_taken":0.0,"cards_obtained":["Bite","Bite","Bite","Bite","Bite"]},{"damage_healed":0,"gold_gain":0,"player_choice":"Fight","damage_taken":0,"max_hp_gain":0,"max_hp_loss":0,"event_name":"Mysterious Sphere","floor":45,"gold_loss":0},{"cards_removed":["champ:ArenaPreparation"],"damage_healed":0,"gold_gain":0,"player_choice":"Removed Skill","damage_taken":0,"max_hp_gain":0,"max_hp_loss":0,"event_name":"Falling","floor":48,"gold_loss":0}],"is_beta":false,"boss_relics":[{"not_picked":["Calling Bell","Black Star"],"picked":"Sozu"},{"not_picked":["Cursed Key","Pandora\u0027s Box"],"picked":"Busted Crown"}],"items_purged_floors":[39],"is_endless":false,"potions_floor_spawned":[2,8,14,19,25,26,31,33,43,45],"ascension_level":8}}