{"host":"sxnl403xm2xmiyj1","time":1609561845,"event":{"mods":["AchievementEnabler","BaseMod","Colored Map","Keyboard Shortcuts","Minty Spire (QoL Compilation)","Quick Restart","StSLib","SuperFastMode"],"gold_per_floor":[116,116,128,203,218,250,42,42,42],"floor_reached":8,"playtime":190,"items_purged":[],"score":84,"play_id":"ad8b4aa1-c03c-4da0-8a6f-a90cbd031849","local_time":"20210102133045","is_ascension_mode":true,"campfire_choices":[],"circlet_count":0,"master_deck":["AscendersBane","Strike_G","Strike_G","Strike_G","Strike_G","Strike_G","Defend_G","Defend_G","Defend_G","Defend_G","Defend_G","Survivor","Neutralize","Night Terror+1","Poisoned Stab","Prepared","Noxious Fumes","Outmaneuver","Backflip"],"relics":["Ring of the Snake","Juzu Bracelet","Snake Skull"],"acts_visited":["Exordium"],"potions_floor_usage":[8,8],"damage_taken":[{"damage":6.0,"enemies":"Cultist","floor":1.0,"turns":6.0},{"damage":0.0,"enemies":"Small Slimes","floor":3.0,"turns":3.0},{"damage":0.0,"enemies":"2 Louse","floor":5.0,"turns":2.0},{"damage":29.0,"enemies":"3 Sentries","floor":6.0,"turns":11.0},{"damage":8,"enemies":"Gremlin Nob","floor":8,"turns":4}],"seed_played":"1575671922478799112","potions_obtained":[{"floor":1.0,"key":"LiquidBronze"},{"floor":3.0,"key":"Dexterity Potion"}],"is_trial":false,"path_per_floor":["M","?","M","?","M","E","$","E"],"character_chosen":"THE_SILENT","items_purchased":["Snake Skull","Backflip"],"campfire_rested":0,"item_purchase_floors":[7,7],"current_hp_per_floor":[57,57,57,46,46,17,17,9,9],"gold":42,"neow_bonus":"ONE_RANDOM_RARE_CARD","is_daily":false,"chose_seed":false,"campfire_upgraded":0,"win_rate":0.0,"timestamp":1609561845,"path_taken":["M","?","M","?","M","E","$","E"],"items_purchased_type":["Relic","Card"],"build_version":"2020-12-22","purchased_purges":0,"victory":false,"max_hp_per_floor":[70,70,70,70,70,70,70,70,70],"card_choices":[{"not_picked":["Deflect","Dagger Throw"],"picked":"Poisoned Stab","floor":1.0},{"not_picked":["Distraction","Dagger Spray"],"picked":"Prepared","floor":3.0},{"not_picked":["Accuracy","Cloak And Dagger"],"picked":"Noxious Fumes","floor":5.0},{"not_picked":["Blade Dance","Flying Knee","Outmaneuver"],"picked":"SKIP","floor":6.0},{"not_picked":["Blade Dance","Flying Knee"],"picked":"Outmaneuver","floor":6.0}],"player_experience":143738,"relics_obtained":[{"floor":6.0,"key":"Juzu Bracelet"}],"event_choices":[{"damage_healed":0.0,"max_hp_gain":0.0,"max_hp_loss":0.0,"gold_gain":0.0,"event_name":"Living Wall","player_choice":"Grow","floor":2.0,"gold_loss":0.0,"damage_taken":0.0,"cards_upgraded":["Night Terror"]},{"damage_healed":0.0,"max_hp_gain":0.0,"max_hp_loss":0.0,"gold_gain":75.0,"event_name":"World of Goop","player_choice":"Gather Gold","floor":4.0,"gold_loss":0.0,"damage_taken":11.0}],"is_beta":false,"boss_relics":[],"items_purged_floors":[],"is_endless":false,"potions_floor_spawned":[1,3],"killed_by":"Gremlin Nob","ascension_level":10}}