{"host":"bux1pdxjwq4dkad9","time":1609554120,"event":{"mods":["BaseMod","Colored Map","Evolution","Minty Spire (QoL Compilation)","Quick Restart","StSLib","SuperFastMode","【遗物Mod】死灵法师NEW","【遗物Mod】简单游戏"],"gold_per_floor":[119,138,213,226,151,151,186,111,111,141,158,158,178,203,203,277,277,293,304,323,333,110,137,137,137,183,183,201,17,17,42,42,119,119,135,135,135,115,140,140,172,222,299,299,328,344,397,422,422,422,422,422,422,73,115,115],"floor_reached":57,"playtime":2653,"items_purged":["Strike_W","Strike_W","Defend_W"],"score":3582,"play_id":"226a1043-1761-4786-99e5-1cdee09e3bf0","local_time":"20210102102200","is_ascension_mode":true,"campfire_choices":[{"data":"Epidemicm","floor":6.0,"key":"SMITH"},{"data":"Negative_Energy_Arrows","floor":15.0,"key":"SMITH"},{"data":"Violent_Necrosis","floor":24.0,"key":"SMITH"},{"data":"Summon_Undead_Army","floor":27.0,"key":"SMITH"},{"floor":32.0,"key":"RECALL"},{"data":"Epidemic","floor":40.0,"key":"SMITH"},{"data":"Pandemic","floor":44.0,"key":"SMITH"},{"data":"Summon_Lich","floor":49.0,"key":"SMITH"},{"data":"ZombiePosion","floor":53.0,"key":"SMITH"}],"circlet_count":0,"master_deck":["AscendersBane","Strike_W","Defend_W+1","Defend_W","Defend_W","Bone_Wall+1","ZombiePosion+1","Summon_Undead_Army+1","Epidemicm+1","Bone_Armory","Bone_Prison","Consume_Illness","Bone_Armor","Stop_Heart","Uncharnel","Violent_Necrosis+1","Reap_The_Weak+1","Epidemic+1","Pandemic+1","Summon_Lich+1","Bone_Shift","Bone_Armory","Vampiric_Strike+1","Slay_Living+1","Acid_Javelin+1","Flash of Steel+1","Negative_Energy_Javelin+1","Corrupt+1"],"relics":["Vampire_Amulet","EVO:Axolotl","ImprovedEquipment","NeowsBlessing","Molten Egg 2","Smiling Mask","Shuriken","Du-Vu Doll","Coffee Dripper","Membership Card","Boot","SumUndead","Akabeko","RingOfChaos2","Pocketwatch","Strawberry","Mango","Question Card","Omamori","CeramicFish","Letter Opener","Ornamental Fan","UndeadPower"],"acts_visited":["Exordium","TheCity","TheBeyond","TheEnding"],"potions_floor_usage":[],"damage_taken":[{"damage":0.0,"enemies":"Small Slimes","floor":1.0,"turns":1.0},{"damage":0.0,"enemies":"Jaw Worm","floor":2.0,"turns":1.0},{"damage":0.0,"enemies":"2 Louse","floor":4.0,"turns":1.0},{"damage":0.0,"enemies":"Gremlin Nob","floor":7.0,"turns":4.0},{"damage":0.0,"enemies":"3 Sentries","floor":10.0,"turns":7.0},{"damage":0.0,"enemies":"Looter","floor":11.0,"turns":3.0},{"damage":0.0,"enemies":"2 Fungi Beasts","floor":13.0,"turns":4.0},{"damage":0.0,"enemies":"Lagavulin","floor":14.0,"turns":6.0},{"damage":0.0,"enemies":"The Guardian","floor":16.0,"turns":6.0},{"damage":0.0,"enemies":"2 Thieves","floor":18.0,"turns":4.0},{"damage":0.0,"enemies":"Chosen","floor":19.0,"turns":4.0},{"damage":0.0,"enemies":"Sentry and Sphere","floor":20.0,"turns":4.0},{"damage":0.0,"enemies":"Snecko","floor":21.0,"turns":3.0},{"damage":0.0,"enemies":"Book of Stabbing","floor":23.0,"turns":5.0},{"damage":0.0,"enemies":"Cultist and Chosen","floor":28.0,"turns":5.0},{"damage":0.0,"enemies":"Gremlin Leader","floor":31.0,"turns":5.0},{"damage":0.0,"enemies":"Collector","floor":33.0,"turns":6.0},{"damage":0.0,"enemies":"3 Darklings","floor":35.0,"turns":5.0},{"damage":0.0,"enemies":"Mind Bloom Boss Battle","floor":39.0,"turns":7.0},{"damage":1.0,"enemies":"Nemesis","floor":41.0,"turns":5.0},{"damage":4.0,"enemies":"2 Orb Walkers","floor":42.0,"turns":4.0},{"damage":0.0,"enemies":"Giant Head","floor":45.0,"turns":5.0},{"damage":0.0,"enemies":"3 Shapes","floor":46.0,"turns":2.0},{"damage":0.0,"enemies":"Jaw Worm Horde","floor":48.0,"turns":3.0},{"damage":0.0,"enemies":"Donu and Deca","floor":50.0,"turns":5.0},{"damage":0.0,"enemies":"Time Eater","floor":51.0,"turns":6.0},{"damage":18.0,"enemies":"Shield and Spear","floor":55.0,"turns":5.0},{"damage":47,"enemies":"The Heart","floor":56,"turns":8}],"seed_played":"-7875759362925475815","potions_obtained":[{"floor":2.0,"key":"PowerPotion"},{"floor":7.0,"key":"FearPotion"},{"floor":13.0,"key":"GamblersBrew"},{"floor":41.0,"key":"Dexterity Potion"}],"is_trial":false,"path_per_floor":["M","M","?","M","$","R","E","?","T","E","M","?","M","E","R","B",null,"M","M","M","M","$","E","R","?","T","R","M","$","?","E","R","B",null,"M","$","?","$","?","R","E","?","T","R","E","M","T","M","R","B","B",null,"R","$","E","B",null],"character_chosen":"NECROMANCER","items_purchased":["Membership Card","SumUndead","Summon_Lich","Acid_Javelin+1","Flash of Steel+1","Letter Opener","Ornamental Fan","Negative_Energy_Javelin+1"],"campfire_rested":0,"item_purchase_floors":[22,29,38,54,54,54,54,54],"current_hp_per_floor":[60,60,49,49,49,49,49,49,49,49,49,29,29,29,29,29,57,57,60,60,60,60,60,60,60,60,60,60,60,42,42,42,57,68,68,68,68,68,71,71,78,88,88,88,92,92,92,92,92,92,92,92,92,92,92,92],"gold":115,"neow_bonus":"THREE_ENEMY_KILL","is_daily":false,"chose_seed":false,"campfire_upgraded":8,"win_rate":0.0,"timestamp":1609554120,"path_taken":["M","M","?","M","$","R","E","?","T","E","M","?","M","E","R","BOSS","M","M","M","M","$","E","R","?","T","R","M","$","?","E","R","BOSS","BOSS","M","$","?","$","?","R","E","?","T","R","E","M","?","?","R","BOSS","BOSS","R","$","E","BOSS"],"items_purchased_type":["Relic","Relic","Card","Card","Card","Relic","Relic","Card"],"build_version":"2020-12-22","purchased_purges":3,"victory":true,"max_hp_per_floor":[66,66,66,66,66,66,66,66,66,66,66,66,66,66,66,66,66,66,66,66,66,66,66,66,66,66,66,66,66,71,71,71,71,71,71,71,71,71,71,71,78,92,92,92,92,92,92,92,92,92,92,92,92,92,92,92],"card_choices":[{"not_picked":["Acid_Javelin","Bone_Shift"],"picked":"ZombiePosion","floor":1.0},{"not_picked":["Toxic_Smoke_Screen","Shackles_Of_Pain"],"picked":"Summon_Undead_Army","floor":2.0},{"not_picked":["Negative_Energy_Sphere","Acid_Javelin"],"picked":"Epidemicm","floor":4.0},{"not_picked":["Negative_Energy_Mist","Hellfire+1","Blood_Curse"],"picked":"SKIP","floor":7.0},{"not_picked":["finger_Of_Death+1","Negative_Energy_Sphere+1"],"picked":"Bone_Armory","floor":10.0},{"not_picked":["Toxic_Smoke_Screen","Summon_Undead_Army","Bone_Spikes+1"],"picked":"SKIP","floor":11.0},{"not_picked":["LuckyCard","PosionWeak"],"picked":"Bone_Prison","floor":13.0},{"not_picked":["Posionadd","Negative_Energy_Bomb+1","Hellfire+1"],"picked":"SKIP","floor":14.0},{"not_picked":["WallConcept","Grasp_Heart+1"],"picked":"Consume_Illness","floor":16.0},{"not_picked":["Bone_Armor","Bone_Armory","Necrotic_Claws+1"],"picked":"SKIP","floor":18.0},{"not_picked":["Bone_Armory","Necrotic_Claws+1"],"picked":"Bone_Armor","floor":18.0},{"not_picked":["Blood_Whip+1","finger_Of_Death+1"],"picked":"Stop_Heart","floor":19.0},{"not_picked":["PosionRing","ZombiePosion+1"],"picked":"Uncharnel","floor":20.0},{"not_picked":["Blood_Whip+1","PosionWeak","PosionArmor+1"],"picked":"SKIP","floor":21.0},{"not_picked":["Toxic_Smoke_Screen","Kotodama"],"picked":"Violent_Necrosis","floor":23.0},{"not_picked":["PosionWeak2+1","Bone_Armor"],"picked":"Reap_The_Weak+1","floor":28.0},{"not_picked":["Negative_Energy_Mist","PosionWeak2","Negative_Energy_Javelin+1"],"picked":"SKIP","floor":31.0},{"not_picked":["Summon_Death_Knight","Negative_Energy_Bomb+1"],"picked":"Epidemic","floor":33.0},{"not_picked":["Blood_Whip+1","ZombiePosion"],"picked":"Pandemic","floor":35.0},{"not_picked":["Time_Jump","WallConcept","Creater_Tree"],"picked":"SKIP","floor":41.0},{"not_picked":["Violent_Necrosis+1","Blood_Curse"],"picked":"Bone_Shift","floor":42.0},{"not_picked":["Blood_Curse+1","Necrotic_Claws+1","Bone_Shift"],"picked":"Bone_Armory","floor":45.0},{"not_picked":["ZombiePosion","Blood_Whip+1","Shackles_Of_Pain"],"picked":"Vampiric_Strike+1","floor":46.0},{"not_picked":["PosionWeak2","Shade_Step","Vampiric_Strike+1"],"picked":"Slay_Living+1","floor":48.0},{"not_picked":["Life_Tap","Violent_Necrosis","Negative_Energy_Sphere+1"],"picked":"Corrupt+1","floor":55.0}],"player_experience":3172630,"relics_obtained":[{"floor":7.0,"key":"Molten Egg 2"},{"floor":9.0,"key":"Smiling Mask"},{"floor":10.0,"key":"Shuriken"},{"floor":14.0,"key":"Du-Vu Doll"},{"floor":23.0,"key":"Boot"},{"floor":31.0,"key":"Akabeko"},{"floor":39.0,"key":"Pocketwatch"},{"floor":41.0,"key":"Strawberry"},{"floor":42.0,"key":"Mango"},{"floor":43.0,"key":"Question Card"},{"floor":45.0,"key":"Omamori"},{"floor":47.0,"key":"CeramicFish"},{"floor":55.0,"key":"UndeadPower"}],"event_choices":[{"damage_healed":0.0,"max_hp_gain":0.0,"max_hp_loss":0.0,"gold_gain":75.0,"event_name":"World of Goop","player_choice":"Gather Gold","floor":3.0,"gold_loss":0.0,"damage_taken":11.0},{"cards_removed":["Strike_W"],"damage_healed":0.0,"max_hp_gain":0.0,"max_hp_loss":0.0,"gold_gain":0.0,"event_name":"The Cleric","player_choice":"Card Removal","floor":8.0,"gold_loss":75.0,"damage_taken":0.0},{"damage_healed":0.0,"max_hp_gain":0.0,"max_hp_loss":0.0,"gold_gain":0.0,"event_name":"Shining Light","player_choice":"Entered Light","floor":12.0,"gold_loss":0.0,"damage_taken":20.0,"cards_upgraded":["Defend_W","Bone_Wall"]},{"damage_healed":0.0,"max_hp_gain":0.0,"max_hp_loss":0.0,"gold_gain":0.0,"event_name":"Ghosts","player_choice":"Ignored","floor":25.0,"gold_loss":0.0,"damage_taken":0.0},{"damage_healed":0.0,"max_hp_gain":5.0,"max_hp_loss":0.0,"gold_gain":0.0,"event_name":"Forgotten Altar","player_choice":"Shed Blood","floor":30.0,"gold_loss":0.0,"damage_taken":23.0},{"cards_removed":["Negative_Energy_Arrows"],"damage_healed":0.0,"max_hp_gain":0.0,"max_hp_loss":0.0,"gold_gain":0.0,"event_name":"Falling","player_choice":"Removed Attack","floor":37.0,"gold_loss":0.0,"damage_taken":0.0},{"damage_healed":0.0,"max_hp_gain":0.0,"max_hp_loss":0.0,"gold_gain":0.0,"event_name":"MindBloom","player_choice":"Fight","floor":39.0,"gold_loss":0.0,"damage_taken":0.0},{"damage_healed":0.0,"max_hp_gain":0.0,"max_hp_loss":0.0,"gold_gain":0.0,"event_name":"Mysterious Sphere","player_choice":"Fight","floor":42.0,"gold_loss":0.0,"damage_taken":0.0}],"is_beta":false,"boss_relics":[{"not_picked":["Tiny House","Fusion Hammer"],"picked":"Coffee Dripper"},{"not_picked":["Runic Pyramid","Busted Crown"],"picked":"RingOfChaos2"}],"items_purged_floors":[5,22,29],"is_endless":false,"potions_floor_spawned":[2,7,11,13,20,23,41,45,46,48],"ascension_level":20}}