{"host":"645xqr9rkj71uhiq","time":1609631089,"event":{"mods":["AchievementEnabler","Act Like it!","BaseMod","Beaked The Cultist","Better Altar","Better Third Choice","BetterRewards","Card Forge","Colored Map","Conspire","Downfall","Hallownest","Hermit","Hubris","Infinite Spire","Lobotomy","Minty Spire (QoL Compilation)","Rare Cards Sparkle","Replay The Spire","Spicy Shops","Spikes Relics","StSLib","The Bug Knight","The Hierophant"],"gold_per_floor":[369,382,382,382,50,77,77,90,90,102,116,132,132,132],"floor_reached":13,"playtime":776,"items_purged":["Defend_R"],"score":99,"play_id":"0c0af57e-718f-454a-9c56-ad9e63cc47ca","local_time":"20210102184449","is_ascension_mode":true,"campfire_choices":[{"floor":7,"key":"REST"}],"circlet_count":0,"master_deck":["Strike_R","Strike_R","Strike_R","Strike_R","Strike_R","Defend_R","Defend_R","Defend_R","Bash","Shrug It Off","Inflame","Disarm","Combust","Pommel Strike","ReplayTheSpireMod:Muscle Training","beaked:WindBringer"],"relics":["Burning Blood","Hammer of Thor","Seething Fire","Anvil of the Gods","Hallownest:SalubrasBlessingRelic","Hallownest:DreamNailRelic","Snack Pack","hubris:DisguiseKit","conspire:Flyswatter"],"acts_visited":["Hallownest:Greenpath"],"potions_floor_usage":[13],"damage_taken":[{"damage":20,"enemies":"Hallownest:2_Tiktiks_and_1_Crawlid","floor":1,"turns":6},{"damage":2,"enemies":"Hallownest:monsterHuskWarrior","floor":2,"turns":4},{"damage":41,"enemies":"Hallownest:eliteVengeflyKing","floor":6,"turns":14},{"damage":18,"enemies":"Hallownest:monsterHuskGuard","floor":8,"turns":5},{"damage":24,"enemies":"Hallownest:MossCreep_and_Mosskin","floor":10,"turns":6},{"damage":0,"enemies":"Hallownest:monsterFoolEater","floor":11,"turns":5},{"damage":14,"enemies":"Hallownest:2_Tiktiks_1_Baldur_1_Crawlid","floor":12,"turns":4},{"damage":20,"enemies":"Hallownest:eliteMossKnight","floor":13,"turns":5}],"seed_played":"-7484133268877901582","potions_obtained":[{"floor":1,"key":"Milkshake"},{"floor":11,"key":"Swift Potion"},{"floor":12,"key":"FearPotion"}],"is_trial":false,"path_per_floor":["M","M","?","?","$","E","R","M","T","M","M","M","E"],"character_chosen":"IRONCLAD","items_purchased":["Snack Pack"],"campfire_rested":1,"item_purchase_floors":[5],"current_hp_per_floor":[42,46,46,46,46,17,43,31,31,15,23,15,0,0],"gold":132,"neow_bonus":"TWO_FIFTY_GOLD","is_daily":false,"chose_seed":false,"campfire_upgraded":0,"win_rate":0.0,"timestamp":1609631089,"path_taken":["M","M","?","?","$","E","R","M","T","?","M","?","E"],"items_purchased_type":["Relic"],"build_version":"2020-12-22","purchased_purges":1,"victory":false,"max_hp_per_floor":[80,80,80,80,80,80,82,82,82,82,82,82,82,82],"card_choices":[{"not_picked":["Warcry","Clash"],"picked":"Shrug It Off","floor":1},{"not_picked":["Fire Breathing","Entrench"],"picked":"Inflame","floor":2},{"not_picked":["Dual Wield","Seeing Red"],"picked":"Disarm","floor":6},{"not_picked":["hubris:CleavingFinish","Flex","beaked:Cower"],"picked":"Combust","floor":8},{"not_picked":["Heavy Blade","Headbutt","ReplayTheSpireMod:Wings of Steel"],"picked":"Pommel Strike","floor":10},{"not_picked":["Clothesline","Run Through","beaked:Molting"],"picked":"ReplayTheSpireMod:Muscle Training","floor":11},{"not_picked":["BarbarianYell","Thunderclap","Bloodletting"],"picked":"beaked:WindBringer","floor":12}],"player_experience":17412,"relics_obtained":[{"floor":6,"key":"hubris:DisguiseKit"},{"floor":9,"key":"conspire:Flyswatter"}],"event_choices":[],"is_beta":false,"boss_relics":[],"items_purged_floors":[5],"is_endless":false,"potions_floor_spawned":[1,11,12],"killed_by":"Hallownest:eliteMossKnight","ascension_level":3}}