{"host":"3vgzk5mhz751jdrj","time":1609562190,"event":{"mods":["2.2 Compatiblity","AchievementEnabler","Act Like it!","Aspiration","BaseMod","Better Match","Better Note","Better Sensory Stone","Better Skull","Better Third Choice","Block Reminder","Colored Map","Conspire","Displayed Cursed Tome","Downfall","Downfall-Rebalance","Friendly Minions","GifTheSpireLib","Halation","Hubris","Marked Mod","Mimic Mod","Minty Spire (QoL Compilation)","Quick Restart","Rare Cards Sparkle","Replay The Spire","Reworked Bosses","Shop Mod","Spicy Shops","Spikes Relics","StSLib","Stuff the Spire","The Marked","Trackpad","vexMod"],"gold_per_floor":[109,329,343,354,42,42,42,77,77,77,77,94,59,94,94,194,194,210,210,210,228,66,80,80,80,80,96,96,122,122,122,122,226,226,241,241,289,344,354,354,370,370,445,470,470,69,80,92,92,92,92,92,92,125,125,125],"floor_reached":55,"playtime":4173,"items_purged":["theMarked:Strike"],"score":786,"play_id":"0bad0699-48c6-4489-bb27-659ebfc493af","local_time":"20210101233630","is_ascension_mode":false,"campfire_choices":[{"data":"theMarked:MaelstromOfLightning","floor":6.0,"key":"SMITH"},{"floor":11.0,"key":"REST"},{"data":"theMarked:Levitate","floor":15.0,"key":"SMITH"},{"floor":24.0,"key":"REST"},{"floor":28.0,"key":"REST"},{"floor":32.0,"key":"REST"},{"floor":40.0,"key":"REST"},{"floor":42.0,"key":"REST"},{"floor":45.0,"key":"RECALL"},{"data":"Apotheosis","floor":49.0,"key":"SMITH"},{"data":"StuffTheSpire:BrainWave","floor":52.0,"key":"SMITH"}],"circlet_count":0,"master_deck":["theMarked:Strike","theMarked:Strike","theMarked:Strike","theMarked:Defend","theMarked:Defend","theMarked:Defend","theMarked:Defend","theMarked:SoldierOfQuellstein+1","theMarked:MaelstromOfLightning+1","theMarked:Electrocute","theMarked:CreepingChasm","theMarked:Levitate+1","theMarked:ParalyzingBlade","theMarked:RepellingDischarge","theMarked:Defy","theMarked:MaelstromOfLightning+1","theMarked:Levitate+1","Apotheosis+1","theMarked:Polarize","theMarked:EnhanceMovement","theMarked:ComboAttacks","theMarked:SummonStrength","theMarked:ChainLightning+1","StuffTheSpire:BrainWave+1","theMarked:Aftermath","theMarked:PowerFlow+1","theMarked:Electrocute+1","theMarked:TurnInvisible","theMarked:AttractMetal","theMarked:EnhanceMovement+1"],"relics":["theMarked:ArtifactOfAir","hubris:SlimyHat","aspiration:ChemicalBlood","StuffTheSpire:HeavyRock","Potion Belt","Nloth\u0027s Gift","vexMod:InvisibilityCloak","hubris:Towel","hubris:Backtick","theMarked:Winder","FossilizedHelix","Happy Flower","trackpad:ByrdBGone","trackpad:CultistFigurine","aspiration:StickyExplosives_weak","trackpad:DisasterInABottle"],"acts_visited":["Exordium","TheCity","TheBeyond","TheEnding"],"potions_floor_usage":[55,55],"damage_taken":[{"damage":1.0,"enemies":"Jaw Worm","floor":1.0,"turns":3.0},{"damage":0.0,"enemies":"Cultist","floor":3.0,"turns":3.0},{"damage":0.0,"enemies":"conspire:RoseBush","floor":4.0,"turns":3.0},{"damage":25.0,"enemies":"Lagavulin","floor":8.0,"turns":5.0},{"damage":9.0,"enemies":"2 Fungi Beasts","floor":12.0,"turns":3.0},{"damage":4.0,"enemies":"conspire:MimicChest","floor":14.0,"turns":5.0},{"damage":0.0,"enemies":"Hexaghost","floor":16.0,"turns":8.0},{"damage":0.0,"enemies":"Chosen","floor":18.0,"turns":4.0},{"damage":33.0,"enemies":"conspire:FuzzyDice","floor":21.0,"turns":4.0},{"damage":18.0,"enemies":"Chosen and Byrds","floor":23.0,"turns":6.0},{"damage":0.0,"enemies":"Centurion and Healer","floor":27.0,"turns":6.0},{"damage":8.0,"enemies":"conspire:SneckoGhost","floor":29.0,"turns":5.0},{"damage":51.0,"enemies":"bossMod:newCollector","floor":33.0,"turns":7.0},{"damage":5.0,"enemies":"3 Darklings","floor":35.0,"turns":8.0},{"damage":27.0,"enemies":"2 Orb Walkers","floor":37.0,"turns":4.0},{"damage":0.0,"enemies":"Orb Walker","floor":39.0,"turns":4.0},{"damage":25.0,"enemies":"Transient","floor":41.0,"turns":5.0},{"damage":0.0,"enemies":"R_Hoarder","floor":44.0,"turns":7.0},{"damage":12.0,"enemies":"Spire Growth","floor":47.0,"turns":5.0},{"damage":0.0,"enemies":"Maw","floor":48.0,"turns":5.0},{"damage":19.0,"enemies":"bossMod:newAwakened","floor":50.0,"turns":9.0},{"damage":15.0,"enemies":"Shield and Spear","floor":54.0,"turns":6.0},{"damage":49,"enemies":"The Heart","floor":55,"turns":6}],"seed_played":"-2746868909026390960","potions_obtained":[{"floor":1.0,"key":"GamblersBrew"},{"floor":8.0,"key":"SpeedPotion"},{"floor":12.0,"key":"Venom Potion"},{"floor":14.0,"key":"Strength Potion"},{"floor":16.0,"key":"Milkshake"},{"floor":21.0,"key":"Elixir"},{"floor":23.0,"key":"CultistPotion"},{"floor":35.0,"key":"Elixir"},{"floor":41.0,"key":"AttackPotion"},{"floor":44.0,"key":"FearPotion"},{"floor":48.0,"key":"ColorlessPotion"}],"is_trial":false,"path_per_floor":["M","?","M","M","$","R","$","E","T","?","R","M","?","?","R","B",null,"M","?","?","M","$","M","R","?","T","M","R","E","$","?","R","B",null,"M","?","?","T","M","R","M","R","T","E","R","$","M","M","R","B",null,"R","$","E","B"],"character_chosen":"THE_DEFAULT","items_purchased":["hubris:SlimyHat","aspiration:ChemicalBlood","Apotheosis","theMarked:AttractMetal","aspiration:StickyExplosives_weak"],"campfire_rested":6,"item_purchase_floors":[5,5,22,46,46],"current_hp_per_floor":[69,51,51,51,51,51,51,26,26,26,47,38,55,51,51,51,70,70,70,70,37,37,19,40,40,40,40,61,53,53,53,70,19,70,65,63,36,36,36,54,29,47,47,62,62,62,50,50,50,31,63,63,63,48,0,0],"gold":125,"neow_bonus":"UPGRADE_CARD","is_daily":false,"chose_seed":false,"campfire_upgraded":4,"win_rate":0.0,"timestamp":1609562190,"path_taken":["M","?","M","?","?","R","$","E","T","?","R","?","?","?","R","BOSS","M","?","?","M","?","?","R","?","T","M","R","E","?","?","R","BOSS","M","?","?","?","M","R","M","R","T","E","R","$","M","M","R","BOSS","R","$","E","BOSS"],"items_purchased_type":["Relic","Relic","Card","Card","Relic"],"build_version":"2020-12-22","purchased_purges":1,"victory":false,"max_hp_per_floor":[70,70,70,70,70,70,70,70,70,70,70,70,70,70,70,70,70,70,70,70,70,70,70,70,70,70,70,70,70,70,70,70,70,70,70,63,63,63,63,63,63,63,63,63,63,63,63,63,63,63,63,63,63,63,63,63],"card_choices":[{"not_picked":["theMarked:ContemptForTheProud","theMarked:EmpowerWeapon"],"picked":"theMarked:MaelstromOfLightning","floor":1.0},{"not_picked":["theMarked:SelfDefenseTraining","theMarked:Parkour","theMarked:TunnelVision"],"picked":"SKIP","floor":3.0},{"not_picked":["theMarked:HeightenedSenses","theMarked:ElectricStrings"],"picked":"theMarked:Electrocute","floor":4.0},{"not_picked":["theMarked:EmpowerWeapon","theMarked:MysticalArsenal"],"picked":"theMarked:CreepingChasm","floor":8.0},{"not_picked":["theMarked:HeightenedSenses","theMarked:StartUp"],"picked":"theMarked:ParalyzingBlade","floor":12.0},{"not_picked":["theMarked:SwordAndMagic","theMarked:Aftermath"],"picked":"theMarked:RepellingDischarge","floor":14.0},{"not_picked":["theMarked:UnarmedFury","theMarked:SuspiciousRaven"],"picked":"theMarked:Defy","floor":16.0},{"not_picked":["theMarked:Parry","theMarked:TwofoldDefense"],"picked":"theMarked:MaelstromOfLightning+1","floor":18.0},{"not_picked":["theMarked:Improvise","theMarked:EmpowerWeapon","theMarked:WastefulDefense"],"picked":"SKIP","floor":21.0},{"not_picked":["theMarked:WastefulDefense","theMarked:ThrowWeapon"],"picked":"theMarked:Polarize","floor":23.0},{"not_picked":["theMarked:ReduceFriction","theMarked:Static"],"picked":"theMarked:EnhanceMovement","floor":27.0},{"not_picked":["theMarked:Vacuum","theMarked:SuspiciousRaven"],"picked":"theMarked:ComboAttacks","floor":29.0},{"not_picked":["theMarked:Vacuum","theMarked:Defy"],"picked":"theMarked:SummonStrength","floor":33.0},{"not_picked":["theMarked:Aftermath+1","theMarked:ElectricStrings"],"picked":"theMarked:ChainLightning+1","floor":35.0},{"not_picked":["theMarked:Parry","theMarked:ElectricStrings"],"picked":"theMarked:Aftermath","floor":37.0},{"not_picked":["theMarked:Parry","theMarked:Opportunist"],"picked":"theMarked:PowerFlow+1","floor":39.0},{"not_picked":["theMarked:CreepingChasm+1","theMarked:Polarize+1"],"picked":"theMarked:Electrocute+1","floor":41.0},{"not_picked":["theMarked:Static+1","theMarked:EternalStudent"],"picked":"theMarked:TurnInvisible","floor":44.0},{"not_picked":["theMarked:BanishingStrike+1","theMarked:ParalyzingBlade"],"picked":"theMarked:EnhanceMovement+1","floor":47.0},{"not_picked":["theMarked:BanishingWave","theMarked:ResourceFulStrike","theMarked:Parkour+1"],"picked":"SKIP","floor":48.0},{"not_picked":["theMarked:ElectricStrings+1","theMarked:GodGivenPower+1","theMarked:SelfDefenseTraining"],"picked":"SKIP","floor":54.0}],"player_experience":423091,"relics_obtained":[{"floor":8.0,"key":"Pocketwatch"},{"floor":9.0,"key":"StuffTheSpire:HeavyRock"},{"floor":14.0,"key":"Potion Belt"},{"floor":29.0,"key":"vexMod:InvisibilityCloak"},{"floor":37.0,"key":"FossilizedHelix"},{"floor":38.0,"key":"Happy Flower"},{"floor":43.0,"key":"trackpad:ByrdBGone"},{"floor":44.0,"key":"trackpad:CultistFigurine"},{"floor":54.0,"key":"trackpad:DisasterInABottle"}],"event_choices":[{"damage_healed":0.0,"max_hp_gain":0.0,"max_hp_loss":0.0,"gold_gain":220.0,"event_name":"betterSkull:BetterSkull","player_choice":"GO GO ","floor":2.0,"gold_loss":0.0,"damage_taken":20.0,"cards_upgraded":[],"relics_obtained":[]},{"damage_healed":0.0,"max_hp_gain":0.0,"max_hp_loss":0.0,"gold_gain":0.0,"cards_transformed":["theMarked:Strike"],"event_name":"Transmorgrifier","player_choice":"Transformed","floor":10.0,"gold_loss":0.0,"damage_taken":0.0,"cards_obtained":["theMarked:Levitate"]},{"damage_healed":17.0,"max_hp_gain":0.0,"max_hp_loss":0.0,"gold_gain":0.0,"event_name":"The Cleric","player_choice":"Healed","floor":13.0,"gold_loss":35.0,"damage_taken":0.0},{"cards_removed":["theMarked:Levitate"],"damage_healed":0.0,"max_hp_gain":0.0,"max_hp_loss":0.0,"gold_gain":0.0,"event_name":"betterNote:BetterNote","player_choice":"Give","floor":19.0,"gold_loss":0.0,"damage_taken":0.0,"cards_obtained":["theMarked:BindingBlade"]},{"damage_healed":0.0,"max_hp_gain":0.0,"max_hp_loss":0.0,"gold_gain":2.0,"event_name":"betterStone:BetterStone","player_choice":"4","floor":20.0,"gold_loss":0.0,"damage_taken":0.0,"cards_obtained":["theMarked:Levitate"]},{"damage_healed":0.0,"max_hp_gain":0.0,"max_hp_loss":0.0,"gold_gain":0.0,"event_name":"N\u0027loth","player_choice":"Traded Relic","floor":25.0,"relics_lost":["Pocketwatch"],"gold_loss":0.0,"damage_taken":0.0,"relics_obtained":["Nloth\u0027s Gift"]},{"damage_healed":0.0,"max_hp_gain":0.0,"max_hp_loss":0.0,"gold_gain":0.0,"event_name":"Mysterious Sphere","player_choice":"Fight","floor":37.0,"gold_loss":0.0,"damage_taken":0.0}],"is_beta":false,"boss_relics":[{"not_picked":["Astrolabe","halation:Risk","Replay:Drink Me"]},{"not_picked":["Honey Jar","ReplayTheSpireMod:DimensionalGlitch"],"picked":"hubris:Backtick"}],"items_purged_floors":[46],"is_endless":false,"potions_floor_spawned":[1,8,12,14,16,21,23,35,41,44,48],"killed_by":"The Heart","ascension_level":0}}