{"host":"89b1o62hw5aqf71h","time":1609630776,"event":{"mods":["Ascension Reborn","Ascension Unlocker","Aspiration","Bard","BaseMod","Bestiary","Better Silent Start","Better-Laid Plans","BetterRewards","CatGirl Mod","Challenge The Spire","Colored Map","Colored Powertips","Conspire","Dio Mod","Dota2Spire","Energized Spire","GungeonMod","Hubris","Infinite Spire","JesterMod","Marisa????????","Mimic Mod","Minty Spire (QoL Compilation)","Potionbrewer","Random Character Button","Random Character Mod","Replay The Spire","Retaliation","Shop Mod","Small Relic Pack","Spicy Shops","Spikes Relics","StSLib","The Alterego","The Bladedancer","The Blue Laboratory","The Druid","The Hierophant","The Poker Player","The Runesmith","The Sage","The Saiyan","The Vixen","TheArtist","TheVelvet","Thieving Mod","Uncapped","Waifu the Spire","everything is the same but u backflip on backflip","vexMod","??????REMEMod"],"gold_per_floor":[22,22,49,74,107,107,16,16,61,94,124,124,0,0,35,81,120,132,132],"floor_reached":18,"playtime":1965,"items_purged":["Runesmith:MetallurgicalResearch"],"score":280,"play_id":"25932fad-c0a9-4928-9a68-58c970ff5523","local_time":"20210102183936","daily_mods":["challengethespire:Silver Difficulty","challengethespire:Modded Elite Rush","Uncertain Future"],"is_ascension_mode":true,"campfire_choices":[{"data":"sagemod:Upwards","floor":2,"key":"SMITH"},{"data":"sagemod:How_To_Befriend_A_Turtle","floor":8,"key":"SMITH"},{"data":"sagemod:How_To_Greet_Byrds","floor":14,"key":"SMITH"}],"circlet_count":0,"master_deck":["sagemod:Strike","sagemod:Strike","sagemod:Strike","sagemod:Strike","sagemod:Defend","sagemod:Defend","sagemod:Defend","sagemod:Defend","sagemod:Fly","sagemod:Upwards+1","sagemod:Extra_Portion","sagemod:How_To_Befriend_A_Turtle","sagemod:On_The_Head","sagemod:How_To_Befriend_A_Turtle+1","sagemod:Altitude","sagemod:Bookworm","sagemod:How_To_Greet_Byrds+1","sagemod:How_To_Poke_At_Slimes","Pot Of Greed","Pot Of Greed","sagemod:How_To_Murder_Ants","sagemod:How_To_Poke_At_Slimes"],"relics":["sagemod:Flying_Carpet","Black Star","Sling","PreservedInsect","REME_ComplimentaryCards","Dota2Spire:MagicBottle","Orichalcum","Chemical X","infinitespire:Satchel","Blue Doll","Sundial","Unceasing Top","Dota2Spire:BattleFury","conspire:TopHat","conspire:RunicOctahedron","Replay:Lucky Slots","Dota2Spire:DrumOfEndurance","Replay:Bottled Flurry","Dota2Spire:EyeOfSkadi","hubris:Metronome","BrokenLever","DemoMod:JetPack","potionbrewer:BhaskarasWheel","hubris:MysteriousPyramids","MawBank","Dota2Spire:UrnOfShadows","Grinning Jar","Bronze Scales","Replay:Bottled Steam"],"acts_visited":["Exordium"],"potions_floor_usage":[5,9,9,9,9],"damage_taken":[{"damage":8,"enemies":"Replay:BlueRogue","floor":3,"turns":7},{"damage":2,"enemies":"Lagavulin","floor":4,"turns":8},{"damage":2,"enemies":"3 Sentries","floor":5,"turns":10},{"damage":2,"enemies":"REME_1_Revenger","floor":9,"turns":7},{"damage":3,"enemies":"conspire:Head Lice","floor":10,"turns":11},{"damage":7,"enemies":"conspire:SneckoGhost","floor":11,"turns":6},{"damage":0,"enemies":"Reptomancer","floor":15,"turns":9},{"damage":0,"enemies":"Giant Head","floor":16,"turns":7},{"damage":1,"enemies":"Nemesis","floor":17,"turns":5}],"seed_played":"-5208158451111821329","potions_obtained":[{"floor":5,"key":"potionbrewer:MidasPotion"}],"is_trial":true,"path_per_floor":["$","R","E","E","E","T","$","R","E","E","E","T","$","R","E","E","E","E"],"character_chosen":"THE_SAGE","items_purchased":["potionbrewer:BoundlessPotion","blueLaboratory:PhilterOfMotion","potionbrewer:BarricadePotion","sagemod:Extra_Portion","Dota2Spire:MagicBottle","Orichalcum","Chemical X","Replay:Lucky Slots","blueLaboratory:BottleOfRum","blueLaboratory:BottledHope"],"campfire_rested":0,"item_purchase_floors":[1,1,1,1,1,1,1,7,13,13],"current_hp_per_floor":[50,50,42,40,50,50,50,50,48,50,55,55,55,55,55,55,54,0,0],"gold":132,"neow_bonus":"","is_daily":false,"chose_seed":false,"campfire_upgraded":3,"win_rate":0.0,"timestamp":1609630776,"path_taken":["$","R","E","E","E","T","$","R","E","E","E","T","$","R","E","E","E","E"],"items_purchased_type":["Potion","Potion","Potion","Card","Relic","Relic","Relic","Relic","Potion","Potion"],"build_version":"2020-12-22","purchased_purges":1,"victory":false,"max_hp_per_floor":[50,50,50,50,50,50,50,50,50,55,55,55,55,55,55,55,55,55,55],"card_choices":[],"player_experience":18979,"relics_obtained":[{"floor":3,"key":"infinitespire:Satchel"},{"floor":3,"key":"Blue Doll"},{"floor":4,"key":"Sundial"},{"floor":4,"key":"Unceasing Top"},{"floor":5,"key":"Dota2Spire:BattleFury"},{"floor":5,"key":"conspire:TopHat"},{"floor":9,"key":"Dota2Spire:DrumOfEndurance"},{"floor":9,"key":"Replay:Bottled Flurry"},{"floor":10,"key":"Dota2Spire:EyeOfSkadi"},{"floor":10,"key":"hubris:Metronome"},{"floor":11,"key":"BrokenLever"},{"floor":11,"key":"DemoMod:JetPack"},{"floor":15,"key":"hubris:MysteriousPyramids"},{"floor":15,"key":"MawBank"},{"floor":16,"key":"Dota2Spire:UrnOfShadows"},{"floor":16,"key":"Grinning Jar"},{"floor":17,"key":"Bronze Scales"},{"floor":17,"key":"Replay:Bottled Steam"}],"event_choices":[],"is_beta":false,"boss_relics":[{"not_picked":["conspire:SeveredTorchhead","energizedSpire:DeadBattery"],"picked":"conspire:RunicOctahedron"},{"not_picked":["aspiration:RunesmithSkillbook","energizedSpire:EnergizedDie"],"picked":"potionbrewer:BhaskarasWheel"}],"items_purged_floors":[1],"is_endless":false,"potions_floor_spawned":[3,5],"killed_by":"PillarMen","ascension_level":0}}