{"host":"h4lp0eeso8a0ssq0","time":1609552723,"event":{"mods":["2.2 Compatiblity","AchievementEnabler","BaseMod","CapriCore","Colored Map","Lobotomy","Minty Spire (QoL Compilation)","StSLib","SuperFastMode"],"gold_per_floor":[99,99,99,99,24,24,0,0,0,0,0,0,0,0,0,0,0,0,0,0,0,0,0],"floor_reached":22,"playtime":585,"items_purged":["Strike_P"],"score":203,"play_id":"8919fd28-0242-4f04-981c-3df329b222e2","local_time":"20210102105843","is_ascension_mode":false,"campfire_choices":[{"data":"Adaptation","floor":6,"key":"SMITH"},{"data":"Eruption","floor":13,"key":"SMITH"},{"data":"Vigilance","floor":15,"key":"SMITH"}],"circlet_count":0,"master_deck":["Strike_P","Defend_P","Defend_P","Defend_P","Eruption+1","Vigilance+1","Adaptation+1","Prostrate","ForeignInfluence"],"relics":["Ectoplasm"],"acts_visited":["Exordium","TheCity"],"potions_floor_usage":[8,16,18,21,21],"damage_taken":[{"damage":2,"enemies":"2 Louse","floor":1,"turns":2},{"damage":0,"enemies":"Cultist","floor":2,"turns":2},{"damage":0,"enemies":"Small Slimes","floor":3,"turns":2},{"damage":0,"enemies":"Exordium Thugs","floor":7,"turns":5},{"damage":0,"enemies":"Looter","floor":10,"turns":4},{"damage":0,"enemies":"2 Fungi Beasts","floor":11,"turns":3},{"damage":4,"enemies":"3 Louse","floor":12,"turns":4},{"damage":16,"enemies":"Large Slime","floor":14,"turns":6},{"damage":22,"enemies":"Slime Boss","floor":16,"turns":9},{"damage":5,"enemies":"Shell Parasite","floor":18,"turns":6},{"damage":13,"enemies":"3 Byrds","floor":21,"turns":9},{"damage":5,"enemies":"Centurion and Healer","floor":22,"turns":4}],"seed_played":"3805558247349027135","potions_obtained":[{"floor":1,"key":"AttackPotion"},{"floor":3,"key":"BottledMiracle"},{"floor":8,"key":"Fruit Juice"},{"floor":8,"key":"DuplicationPotion"},{"floor":12,"key":"Fire Potion"},{"floor":16,"key":"BlessingOfTheForge"},{"floor":18,"key":"Fire Potion"},{"floor":21,"key":"Fruit Juice"}],"is_trial":false,"path_per_floor":["M","M","M","?","$","R","M","?","T","M","M","M","R","M","R","B",null,"M","?","?","M","M"],"character_chosen":"WATCHER","items_purchased":[],"campfire_rested":0,"item_purchase_floors":[],"current_hp_per_floor":[70,70,70,70,70,70,70,75,75,75,75,71,71,55,55,33,77,72,58,58,50,45,45],"gold":0,"neow_bonus":"BOSS_RELIC","is_daily":false,"chose_seed":false,"campfire_upgraded":3,"win_rate":0.0,"timestamp":1609552723,"path_taken":["M","M","M","?","?","R","M","?","T","M","M","M","R","M","R","BOSS","M","?","?","M","M"],"items_purchased_type":[],"build_version":"2020-12-22","purchased_purges":1,"victory":false,"max_hp_per_floor":[72,72,72,72,72,72,72,77,77,77,77,77,77,77,77,77,77,77,82,82,87,87,87],"card_choices":[{"not_picked":["ReachHeaven","JustLucky","Perseverance"],"picked":"SKIP","floor":1},{"not_picked":["WaveOfTheHand","Evaluate"],"picked":"Adaptation","floor":2},{"not_picked":["Halt","Adaptation","CutThroughFate"],"picked":"SKIP","floor":3},{"not_picked":["TalkToTheHand","WheelKick","FollowUp"],"picked":"SKIP","floor":7},{"not_picked":["Prostrate","Meditate","ReachHeaven"],"picked":"SKIP","floor":10},{"not_picked":["Perseverance","CarveReality","CutThroughFate"],"picked":"SKIP","floor":11},{"not_picked":["EmptyBody","WheelKick","Pray"],"picked":"SKIP","floor":12},{"not_picked":["ThirdEye","Crescendo","CrushJoints"],"picked":"SKIP","floor":14},{"not_picked":["JustLucky","EmptyMind+1","Conclude+1"],"picked":"SKIP","floor":18},{"not_picked":["Prostrate","WreathOfFlame+1","PathToVictory"],"picked":"SKIP","floor":21}],"player_experience":21740,"relics_obtained":[],"event_choices":[{"cards_removed":["Strike_P"],"damage_healed":0,"gold_gain":0,"player_choice":"Card Removal","damage_taken":0,"max_hp_gain":0,"max_hp_loss":0,"event_name":"Wheel of Change","floor":4,"gold_loss":0},{"damage_healed":0,"gold_gain":0,"player_choice":"Got Potions","damage_taken":0,"max_hp_gain":0,"max_hp_loss":0,"event_name":"Lab","floor":8,"gold_loss":0},{"damage_healed":0,"gold_gain":0,"player_choice":"Shed Blood","damage_taken":19,"max_hp_gain":5,"max_hp_loss":0,"event_name":"Forgotten Altar","floor":19,"gold_loss":0},{"damage_healed":0,"gold_gain":0,"cards_transformed":["Strike_P","Defend_P"],"player_choice":"Became Test Subject","damage_taken":0,"max_hp_gain":0,"max_hp_loss":0,"event_name":"Drug Dealer","floor":20,"gold_loss":0,"cards_obtained":["Prostrate","ForeignInfluence"]}],"is_beta":false,"boss_relics":[{"not_picked":["Philosopher\u0027s Stone","Velvet Choker","Astrolabe"]}],"items_purged_floors":[5],"is_endless":false,"potions_floor_spawned":[1,3,12,16,18,21],"killed_by":"Centurion and Healer","ascension_level":0}}