{"host":"g01l53quoe6lrer0","time":1609594235,"event":{"mods":["2.2 Compatiblity","AchievementEnabler","BaseMod","Colored Map","Highlight Path","Keyboard Shortcuts","Minty Spire (QoL Compilation)","Permanent Neow","Quick Restart","StSLib","SuperFastMode","everything is the same but u backflip on backflip"],"gold_per_floor":[110,128,128,140,151,151,162,162,239,274,284,296,323,15,15,15,15],"floor_reached":16,"playtime":373,"items_purged":["Strike_R"],"score":131,"play_id":"ae639a11-8a2f-47a0-9fbf-0a4295e40d73","local_time":"20210102223035","is_ascension_mode":true,"campfire_choices":[{"data":"Fiend Fire","floor":6,"key":"SMITH"},{"data":"Whirlwind","floor":8,"key":"SMITH"},{"data":"Strike_R","floor":15,"key":"PURGE"}],"circlet_count":0,"master_deck":["Strike_R","Strike_R","Strike_R","Defend_R","Defend_R","Defend_R","Defend_R","Bash","Fiend Fire+1","Wild Strike","Whirlwind+1","Bloodletting","Burning Pact","Shrug It Off+1","Havoc+1","Seeing Red+1"],"relics":["Burning Blood","Toxic Egg 2","Peace Pipe","Nunchaku","ClockworkSouvenir"],"acts_visited":["Exordium"],"potions_floor_usage":[16,16],"damage_taken":[{"damage":6,"enemies":"Small Slimes","floor":1,"turns":2},{"damage":0,"enemies":"2 Louse","floor":2,"turns":1},{"damage":1,"enemies":"Cultist","floor":4,"turns":3},{"damage":11,"enemies":"Blue Slaver","floor":5,"turns":3},{"damage":4,"enemies":"Red Slaver","floor":7,"turns":2},{"damage":25,"enemies":"3 Sentries","floor":10,"turns":5},{"damage":15,"enemies":"Large Slime","floor":11,"turns":5},{"damage":10,"enemies":"Looter","floor":12,"turns":3},{"damage":21,"enemies":"Gremlin Nob","floor":13,"turns":3},{"damage":29,"enemies":"The Guardian","floor":16,"turns":9}],"seed_played":"-2609185375931233388","potions_obtained":[{"floor":1,"key":"FairyPotion"},{"floor":5,"key":"Regen Potion"},{"floor":10,"key":"Regen Potion"},{"floor":13,"key":"Fire Potion"}],"is_trial":false,"path_per_floor":["M","M","?","M","M","R","M","R","T","E","M","M","E","$","R","B"],"character_chosen":"IRONCLAD","items_purchased":["ClockworkSouvenir","Seeing Red+1"],"campfire_rested":0,"item_purchase_floors":[14,14],"current_hp_per_floor":[80,80,85,85,80,80,82,82,82,63,54,50,35,35,35,18,18],"gold":15,"neow_bonus":"ONE_RANDOM_RARE_CARD","is_daily":false,"chose_seed":false,"campfire_upgraded":2,"win_rate":0.0,"timestamp":1609594235,"path_taken":["M","M","?","M","M","R","M","R","T","E","M","M","E","$","R","BOSS"],"items_purchased_type":["Relic","Card"],"build_version":"2020-12-22","purchased_purges":1,"victory":false,"max_hp_per_floor":[80,80,85,85,85,85,85,85,85,85,85,85,85,85,85,85,85],"card_choices":[{"not_picked":["Reckless Charge","Cleave"],"picked":"Wild Strike","floor":1},{"not_picked":["Twin Strike","Pummel"],"picked":"Whirlwind","floor":2},{"not_picked":["Wild Strike","Shrug It Off"],"picked":"Bloodletting","floor":4},{"not_picked":["Perfected Strike","Clash","Anger"],"picked":"SKIP","floor":5},{"not_picked":["True Grit","Hemokinesis"],"picked":"Burning Pact","floor":7},{"not_picked":["Sword Boomerang","Thunderclap","Perfected Strike"],"picked":"SKIP","floor":10},{"not_picked":["Havoc+1","Searing Blow"],"picked":"Shrug It Off+1","floor":11},{"not_picked":["Pommel Strike","Twin Strike"],"picked":"Havoc+1","floor":12},{"not_picked":["Body Slam","Juggernaut","Perfected Strike"],"picked":"SKIP","floor":13}],"player_experience":23092,"relics_obtained":[{"floor":9,"key":"Toxic Egg 2"},{"floor":10,"key":"Peace Pipe"},{"floor":13,"key":"Nunchaku"}],"event_choices":[{"damage_healed":0,"gold_gain":0,"player_choice":"Donut","damage_taken":0,"max_hp_gain":5,"max_hp_loss":0,"event_name":"Big Fish","floor":3,"gold_loss":0}],"is_beta":false,"boss_relics":[],"items_purged_floors":[14],"is_endless":false,"potions_floor_spawned":[1,5,10,13],"killed_by":"The Guardian","ascension_level":3}}