{"host":"qljq6nt1bltq73k9","time":1609593419,"event":{"mods":["BaseMod","Colored Map","Colored Powertips","Minty Spire (QoL Compilation)","Quick Restart","Replay The Spire","StSLib","[IsaacMod]ÒÔÈö¼âËþ"],"gold_per_floor":[117,99061,99079,99047,99061,99093,99112,99151,99233,99233,98219,98219,98241,98256,98256,98364,98364,98393,100,100,130,165,210,21,21,21,62,80,80,380,400,409,534,534,569,598,472,472,508,508,535,599,667,676,676,757,757,781,790,820,820,829,708,758,1016],"floor_reached":56,"playtime":2804,"items_purged":["Defend_G","Defend_G","Strike_G"],"score":1445,"play_id":"224f03fd-8e89-447d-8ec6-cd36d952ea0b","local_time":"20210102211659","is_ascension_mode":false,"campfire_choices":[{"floor":12,"key":"DIG"},{"floor":15,"key":"RECALL"},{"data":"Strike_G+1","floor":32,"key":"PURGE"},{"data":"Prepared+1","floor":49,"key":"PURGE"}],"circlet_count":25,"master_deck":["Neutralize","BloodyBrimstone+1","Wraith Form v2+1","Apotheosis+1","After Image+1","Caltrops","ReplayTheSpireMod:Tripwire+1","Catalyst+1","Phantasmal Killer+1","Discovery+1","Distraction+1","Prepared+1","Tools of the Trade+1","Envenom+1","Blade Dance+1","Noxious Fumes+1","ReplayTheSpireMod:Scrap Shanks+1","ReplayTheSpireMod:Scrap Shanks+1","Accuracy+1","Replay:Bag of Tricks+1","Accuracy+1","Deadly Poison+1","ReplayTheSpireMod:Scrap Shanks+1","Adrenaline+1","Accuracy+1","Calculated Gamble+1","Prepared+1","Fluid Movement+1"],"relics":["Ring of the Snake","HushsDoor","Damocles","Toxic Egg 2","Replay:Wax Seal","BelialBook","Toolbox","Replay:Bandana","Smiling Mask","Regal Pillow","Art of War","Potion Belt","Ancient Tea Set","BookofShadows","Golden Egg","Chemical X","Replay:Multitool","Mango","Replay:Rubber Ducky","BranchBurnRelic","Snecko Scales","NineLifeCat","The Courier","Iron Hammer","Snake Skull","TheAbacus","Diplopia","Eternal Feather","Bag of Marbles","TheBean","Akabeko","D4","GnawedLeaf","HowToJump","SatanicBible","Letter Opener","Bronze Scales","ReplayFunnel","BookOfRevelations","Ornamental Fan","DeadEye","Anchor","Pondfish Scales","Molten Egg 2","WingedGreaves","Centennial Puzzle","Thread and Needle","Nunchaku","ReplayTheSpireMod:Ninjato","Torii","Singing Bowl","Gremlin Food","Ninja Scroll","Bag of Preparation","Orichalcum","Replay:Bottled Steam","Tiny Chest","GuppysTail","Blood Vial","Ice Cream","Shovel","Blue Doll","Omamori","CeramicFish","EdensBlessing","PreservedInsect","Snack Pack","D6","Juzu Bracelet","Strawberry","Pet Ghost","Prayer Wheel","Toy Ornithopter","Turnip","Paper Crane","FossilizedHelix","Mercury Hourglass","UnicornStump","TuHaoJin","Lizard Tail","Lantern","Pen Nib","Replay:WaspNest","Replay:Baseball","PokeGo","Happy Flower","GuppysHead","Whetstone","Dream Catcher","DoctorsRemote","BlankCard","Byrd Skull","Question Card","SalivaCoin","Bottled Flame","Replay:PocketPolymizer","White Beast Statue","Vajra","PunchingBag","ReplayTheSpireMod:Lightbulb","Frozen Egg 2","War Paint","Replay:Mystery Machine","Oddly Smooth Stone","MealTicket","Boot","ReplayTheSpireMod:TigerMarble","Quantum Egg","Simple Rune","Garlic","Mirror","Shuriken","Replay:Bottled Eggs","PillsDrop","Kunai","Bottled Lightning","StrikeDummy","Replay:Bottled Snecko","Onion Ring","Gremlin Horn","Chameleon Ring","Vampiric Spirits","Pear","Replay:Accelerometer","Mummified Hand","AnarchistCookbook","ReplayTheSpireMod:Shallot","TheBible","Darkstone Periapt","Blue Candle","Meat on the Bone","SharpPlug","DeathBook","Sundial","Replay:Bottled Flurry","Pantograph","Matryoshka","InkBottle","Pocketwatch","HornCleat","Replay:Ringing Soul","Bottled Tornado","Tingsha","Divine Protection","Replay:Kaleidoscope","YumHeart","Incense Burner","Unceasing Top","CaptainsWheel","MoneyPower","Bird Faced Urn","Replay:Towering Pillar of Hats","Du-Vu Doll","Durian","Replay:Arrowhead","Counterbalance","The Specimen","Basket Of Snakes","Leech","Calipers","Ginger","TungstenRod","Tough Bandages","Peace Pipe","Void","StoneCalendar","Gambling Chip","ForgetMeNow","GuppysPaw","BloodDonationMachine","Guide Book","Circlet","Replay:Drink Me","Damocles","Sling","ReplayTheSpireMod:Ring of Challenge","Ring of Chaos","Habit"],"acts_visited":["Exordium","TheCity","TheBeyond","TheEnding"],"potions_floor_usage":[8,16,18,55,55,55,55,55],"damage_taken":[{"damage":0.0,"enemies":"Cultist","floor":1.0,"turns":5.0},{"damage":5.0,"enemies":"Jaw Worm","floor":3.0,"turns":5.0},{"damage":0.0,"enemies":"Small Slimes","floor":5.0,"turns":4.0},{"damage":0.0,"enemies":"Lagavulin","floor":6.0,"turns":2.0},{"damage":0.0,"enemies":"Blue Slaver","floor":7.0,"turns":5.0},{"damage":0,"enemies":"3 Sentries","floor":8,"turns":2},{"damage":0,"enemies":"Looter","floor":13,"turns":3},{"damage":0,"enemies":"Large Slime","floor":14,"turns":5},{"damage":0,"enemies":"Hexaghost","floor":16,"turns":5},{"damage":0,"enemies":"3 Byrds","floor":18,"turns":3},{"damage":0,"enemies":"2 Thieves","floor":21,"turns":1},{"damage":0,"enemies":"Cultist and Chosen","floor":22,"turns":1},{"damage":0,"enemies":"Replay:Snechameleon","floor":23,"turns":1},{"damage":0,"enemies":"Gremlin Leader","floor":27,"turns":1},{"damage":0,"enemies":"Snecko","floor":31,"turns":1},{"damage":0,"enemies":"Collector","floor":33,"turns":1},{"damage":0,"enemies":"3 Shapes","floor":35,"turns":1},{"damage":0,"enemies":"3 Darklings","floor":36,"turns":1},{"damage":0,"enemies":"Maw","floor":39,"turns":1},{"damage":0,"enemies":"Sphere and 2 Shapes","floor":41,"turns":1},{"damage":0,"enemies":"Mind Bloom Boss Battle","floor":42,"turns":1},{"damage":0,"enemies":"4 Shapes","floor":48,"turns":1},{"damage":0,"enemies":"Donu and Deca","floor":50,"turns":1},{"damage":0,"enemies":"Shield and Spear","floor":54,"turns":1},{"damage":0,"enemies":"Delirium","floor":55,"turns":6}],"seed_played":"8026567382431418060","potions_obtained":[{"floor":5.0,"key":"CunningPotion"},{"floor":7.0,"key":"Cursed Concoction"},{"floor":8,"key":"Venom Potion"},{"floor":18,"key":"SneckoOil"},{"floor":21,"key":"Milkshake"},{"floor":52,"key":"Dexterity Potion"}],"is_trial":false,"path_per_floor":["M","$","M","?","M","E","M","E","T","?","$","R","M","M","R_BF","B",null,"M","$","T","M","M","E","$","?","T","E","R","$","?","M","R","B",null,"M","M","$","T","M","?","M","?","T","R","?","T","?","M","R_BF","B",null,"R","$","E","B",null],"character_chosen":"THE_SILENT","items_purchased":["SpeedPotion","LiquidMemories","Dexterity Potion","Replay:Wax Seal","BelialBook","Toolbox","Apotheosis+1","After Image","Setup+1","Golden Egg","Chemical X","Replay:Multitool","Discovery+1","Adrenaline Potion","ColorlessPotion","Distraction+1","NineLifeCat","Iron Hammer","Snake Skull","TheAbacus","Diplopia","Eternal Feather","Bag of Marbles","TheBean","Akabeko","D4","GnawedLeaf","HowToJump","SatanicBible","Letter Opener","Bronze Scales","ReplayFunnel","BookOfRevelations","Ornamental Fan","DeadEye","Anchor","Pondfish Scales","Molten Egg 2","WingedGreaves","Centennial Puzzle","Thread and Needle","Nunchaku","ReplayTheSpireMod:Ninjato","Torii","Singing Bowl","Gremlin Food","Ninja Scroll","Bag of Preparation","Orichalcum","Replay:Bottled Steam","Tiny Chest","GuppysTail","Blood Vial","Ice Cream","Shovel","Blue Doll","Omamori","CeramicFish","EdensBlessing","PreservedInsect","Snack Pack","D6","Juzu Bracelet","Strawberry","Pet Ghost","Prayer Wheel","Toy Ornithopter","Turnip","Paper Crane","FossilizedHelix","Mercury Hourglass","UnicornStump","TuHaoJin","Lizard Tail","Lantern","Pen Nib","Replay:WaspNest","Replay:Baseball","PokeGo","Happy Flower","GuppysHead","Whetstone","Dream Catcher","DoctorsRemote","BlankCard","Byrd Skull","Question Card","SalivaCoin","Bottled Flame","Replay:PocketPolymizer","White Beast Statue","Vajra","PunchingBag","ReplayTheSpireMod:Lightbulb","Frozen Egg 2","War Paint","Replay:Mystery Machine","Oddly Smooth Stone","MealTicket","Boot","ReplayTheSpireMod:TigerMarble","Quantum Egg","Simple Rune","Garlic","Mirror","Shuriken","Replay:Bottled Eggs","PillsDrop","Kunai","Bottled Lightning","StrikeDummy","Replay:Bottled Snecko","Onion Ring","Gremlin Horn","Chameleon Ring","Vampiric Spirits","Pear","Replay:Accelerometer","Mummified Hand","AnarchistCookbook","ReplayTheSpireMod:Shallot","TheBible","Darkstone Periapt","Blue Candle","Meat on the Bone","SharpPlug","DeathBook","Sundial","Replay:Bottled Flurry","Pantograph","Matryoshka","InkBottle","Pocketwatch","HornCleat","Replay:Ringing Soul","Bottled Tornado","Tingsha","Divine Protection","Replay:Kaleidoscope","YumHeart","Incense Burner","Unceasing Top","CaptainsWheel","MoneyPower","Bird Faced Urn","Replay:Towering Pillar of Hats","Du-Vu Doll","Durian","Replay:Arrowhead","Counterbalance","The Specimen","Basket Of Snakes","Leech","Calipers","Ginger","TungstenRod","Tough Bandages","Peace Pipe","Void","StoneCalendar","Gambling Chip","ForgetMeNow","GuppysPaw","BloodDonationMachine","Guide Book","ReplayTheSpireMod:Scrap Shanks+1","Accuracy+1","Damocles","Sling","Habit"],"campfire_rested":0,"item_purchase_floors":[2,2,2,2,2,2,2,2,2,11,11,11,11,11,11,11,17,19,19,19,19,19,19,19,19,19,19,19,19,19,19,19,19,19,19,19,19,19,19,19,19,19,19,19,19,19,19,19,19,19,19,19,19,19,19,19,19,19,19,19,19,19,19,19,19,19,19,19,19,19,19,19,19,19,19,19,19,19,19,19,19,19,19,19,19,19,19,19,19,19,19,19,19,19,19,19,19,19,19,19,19,19,19,19,19,19,19,19,19,19,19,19,19,19,19,19,19,19,19,19,19,19,19,19,19,19,19,19,19,19,19,19,19,19,19,19,19,19,19,19,19,19,19,19,19,19,19,19,19,19,19,19,19,19,19,19,19,19,19,19,19,19,19,19,24,24,24,34,37,53],"current_hp_per_floor":[77,77,72,72,72,72,72,72,72,72,72,86,86,86,86,85,18,18,40,40,48,53,58,61,66,76,88,91,91,91,96,99,102,67,82,96,96,101,115,115,129,146,151,154,154,159,159,173,176,176,176,179,179,196,190],"gold":1016,"neow_bonus":"TEN_PERCENT_HP_BONUS","is_daily":false,"chose_seed":false,"campfire_upgraded":0,"win_rate":0.0,"timestamp":1609593419,"path_taken":["M","$","?","?","M","E","M","E","T","?","$","R","M","M","R_BF","BOSS","M","?","?","M","M","E","$","?","T","E","R","$","?","M","R","BOSS","M","M","$","?","M","?","M","?","T","R","?","?","?","M","R_BF","BOSS","R","$","E","BOSS"],"items_purchased_type":["Potion","Potion","Potion","Relic","Relic","Relic","Card","Card","Card","Relic","Relic","Relic","Card","Potion","Potion","Card","Relic","Relic","Relic","Relic","Relic","Relic","Relic","Relic","Relic","Relic","Relic","Relic","Relic","Relic","Relic","Relic","Relic","Relic","Relic","Relic","Relic","Relic","Relic","Relic","Relic","Relic","Relic","Relic","Relic","Relic","Relic","Relic","Relic","Relic","Relic","Relic","Relic","Relic","Relic","Relic","Relic","Relic","Relic","Relic","Relic","Relic","Relic","Relic","Relic","Relic","Relic","Relic","Relic","Relic","Relic","Relic","Relic","Relic","Relic","Relic","Relic","Relic","Relic","Relic","Relic","Relic","Relic","Relic","Relic","Relic","Relic","Relic","Relic","Relic","Relic","Relic","Relic","Relic","Relic","Relic","Relic","Relic","Relic","Relic","Relic","Relic","Relic","Relic","Relic","Relic","Relic","Relic","Relic","Relic","Relic","Relic","Relic","Relic","Relic","Relic","Relic","Relic","Relic","Relic","Relic","Relic","Relic","Relic","Relic","Relic","Relic","Relic","Relic","Relic","Relic","Relic","Relic","Relic","Relic","Relic","Relic","Relic","Relic","Relic","Relic","Relic","Relic","Relic","Relic","Relic","Relic","Relic","Relic","Relic","Relic","Relic","Relic","Relic","Relic","Relic","Relic","Relic","Card","Relic","Relic","Relic","Relic","Relic","Relic","Card","Card","Relic","Relic","Relic"],"build_version":"2020-12-22","purchased_purges":3,"victory":true,"max_hp_per_floor":[77,77,77,77,77,77,77,74,74,74,74,88,88,88,88,85,18,18,40,40,48,53,58,61,66,76,88,91,91,91,96,99,102,67,82,96,96,101,115,115,129,146,151,154,154,159,159,173,176,176,176,179,179,196,190],"card_choices":[{"not_picked":[],"picked":"BloodyBrimstone","floor":0.0},{"not_picked":["Bane","Sucker Punch"],"picked":"Wraith Form v2","floor":1.0},{"not_picked":["Quick Slash","Underhanded Strike"],"picked":"Deadly Poison+1","floor":3.0},{"not_picked":["Dagger Throw","Dodge and Roll+1"],"picked":"Slice","floor":5.0},{"not_picked":["Quick Slash","Poisoned Stab"],"picked":"Caltrops","floor":6.0},{"not_picked":["Underhanded Strike","Poisoned Stab"],"picked":"ReplayTheSpireMod:Tripwire+1","floor":7.0},{"not_picked":["Poisoned Stab","Outmaneuver+1"],"picked":"Catalyst+1","floor":8},{"not_picked":["Blade Dance+1","Draining Mist+1"],"picked":"Prepared+1","floor":13},{"not_picked":["Distraction+1","Hidden Blade+1"],"picked":"Tools of the Trade","floor":14},{"not_picked":["Grand Finale","A Thousand Cuts"],"picked":"Envenom","floor":16},{"not_picked":["Dagger Throw+1","Dagger Spray"],"picked":"Prepared+1","floor":18},{"not_picked":["Expertise+1","Calculated Gamble+1","Escape Plan+1","Prepared+1"],"picked":"Singing Bowl","floor":21},{"not_picked":["Footwork+1","Reflex+1","Heel Hook+1"],"picked":"Blade Dance+1","floor":21},{"not_picked":["Slice+1","Poisoned Stab+1","Endless Agony+1"],"picked":"Noxious Fumes+1","floor":22},{"not_picked":["Deadly Poison+1","Acrobatics+1","ReplayTheSpireMod:Shiv Toss+1","Underhanded Strike+1"],"picked":"Singing Bowl","floor":22},{"not_picked":["Skewer+1","Concentrate+1","Backflip+1","Dagger Throw+1"],"picked":"Singing Bowl","floor":23},{"not_picked":["Tactician+1","Caltrops+1","Dagger Throw+1","ReplayTheSpireMod:Exploit Weakness+1"],"picked":"Singing Bowl","floor":27},{"not_picked":["Venomology+1","Quick Slash+1","Caltrops+1","Heel Hook+1"],"picked":"Singing Bowl","floor":31},{"not_picked":["Dodge and Roll+1","Flechettes+1","ReplayTheSpireMod:Speed Training+1"],"picked":"Deadly Poison+1","floor":31},{"not_picked":["Atom Bomb+1","Bullet Time+1","Venomology+1"],"picked":"Adrenaline+1","floor":33},{"not_picked":["Prepared+1","Acrobatics+1","Quick Slash+1","Cloak And Dagger+1"],"picked":"Singing Bowl","floor":35},{"not_picked":["ReplayTheSpireMod:Tripwire+1","Cloak And Dagger+1","Prepared+1"],"picked":"Accuracy+1","floor":35},{"not_picked":["Acrobatics+1","Quick Slash+1","Concentrate+1","Blade Dance+1"],"picked":"Singing Bowl","floor":36},{"not_picked":["Outmaneuver+1","ReplayTheSpireMod:Tripwire+1","Wraith Form v2+1","PiercingWail+1"],"picked":"Singing Bowl","floor":36},{"not_picked":["Predator+1","Setup+1","Caltrops+1","Dagger Spray+1"],"picked":"Singing Bowl","floor":39},{"not_picked":["Poisoned Stab+1","Masterful Stab+1","Replay:Poison Smokescreen+1","Sucker Punch+1"],"picked":"Singing Bowl","floor":39},{"not_picked":["Hidden Blade+1","Prepared+1","Reflex+1","Well Laid Plans+1"],"picked":"Singing Bowl","floor":41},{"not_picked":["Deadly Poison+1","Sucker Punch+1","Burst+1","Flechettes+1"],"picked":"Singing Bowl","floor":41},{"not_picked":["Toxin Wave+1","ReplayTheSpireMod:Exploit Weakness+1","Deadly Poison+1","Dagger Spray+1"],"picked":"Singing Bowl","floor":42},{"not_picked":["Bane+1","Blade Dance+1","Deflect+1","PiercingWail+1"],"picked":"Singing Bowl","floor":48},{"not_picked":["Prepared+1","Bane+1","Quick Slash+1","Phantasmal Killer+1"],"picked":"Singing Bowl","floor":48},{"not_picked":["Riddle With Holes+1","Dodge and Roll+1","Concentrate+1","PiercingWail+1"],"picked":"Singing Bowl","floor":54}],"player_experience":349774,"relics_obtained":[{"floor":1.0,"key":"Toxic Egg 2"},{"floor":3.0,"key":"Dead Branch"},{"floor":5.0,"key":"Replay:Bandana"},{"floor":6.0,"key":"Smiling Mask"},{"floor":6.0,"key":"Regal Pillow"},{"floor":7.0,"key":"Art of War"},{"floor":8,"key":"Potion Belt"},{"floor":8,"key":"Ancient Tea Set"},{"floor":9,"key":"BookofShadows"},{"floor":12,"key":"Mango"},{"floor":14,"key":"Replay:Rubber Ducky"},{"floor":18,"key":"The Courier"},{"floor":26,"key":"Circlet"},{"floor":26,"key":"Circlet"},{"floor":27,"key":"Circlet"},{"floor":27,"key":"Circlet"},{"floor":31,"key":"Circlet"},{"floor":35,"key":"Circlet"},{"floor":35,"key":"Circlet"},{"floor":36,"key":"Circlet"},{"floor":36,"key":"Circlet"},{"floor":38,"key":"Circlet"},{"floor":39,"key":"Circlet"},{"floor":39,"key":"Circlet"},{"floor":41,"key":"Circlet"},{"floor":41,"key":"Circlet"},{"floor":42,"key":"Circlet"},{"floor":42,"key":"Circlet"},{"floor":42,"key":"Circlet"},{"floor":43,"key":"Circlet"},{"floor":45,"key":"ReplayTheSpireMod:Ring of Challenge"},{"floor":45,"key":"Ring of Chaos"},{"floor":46,"key":"Circlet"},{"floor":48,"key":"Circlet"},{"floor":48,"key":"Circlet"},{"floor":54,"key":"Circlet"},{"floor":54,"key":"Circlet"},{"floor":54,"key":"Circlet"}],"event_choices":[{"damage_healed":0.0,"max_hp_gain":0.0,"max_hp_loss":0.0,"gold_gain":0.0,"event_name":"World of Goop","player_choice":"Left Gold","floor":4.0,"gold_loss":32.0,"damage_taken":0.0},{"damage_healed":0,"gold_gain":0,"cards_transformed":["Defend_G"],"player_choice":"Change","damage_taken":0,"max_hp_gain":0,"max_hp_loss":0,"event_name":"Living Wall","floor":10,"gold_loss":0,"cards_obtained":["Phantasmal Killer"]},{"damage_healed":0,"gold_gain":0,"player_choice":"Read","damage_taken":0,"max_hp_gain":0,"max_hp_loss":0,"event_name":"The Library","floor":28,"gold_loss":0,"cards_obtained":["Accuracy"]},{"damage_healed":0,"gold_gain":0,"player_choice":"Ignored","damage_taken":0,"max_hp_gain":0,"max_hp_loss":0,"event_name":"Mysterious Sphere","floor":40,"gold_loss":0},{"damage_healed":0,"gold_gain":0,"player_choice":"Fight","damage_taken":0,"max_hp_gain":0,"max_hp_loss":0,"event_name":"MindBloom","floor":42,"gold_loss":0},{"cards_removed":["Deadly Poison"],"damage_healed":0,"gold_gain":0,"player_choice":"Purged","damage_taken":0,"max_hp_gain":0,"max_hp_loss":0,"event_name":"Purifier","floor":44,"gold_loss":0}],"is_beta":false,"boss_relics":[{"not_picked":["ReplayTheSpireMod:DimensionalGlitch","Kintsugi"],"picked":"Snecko Scales"},{"not_picked":[]},{"not_picked":["Black Star","HoveringKite"],"picked":"Replay:Drink Me"},{"not_picked":[]}],"items_purged_floors":[2,11,19],"is_endless":false,"potions_floor_spawned":[5,7,8,18,21,22,31,33,36],"ascension_level":0}}