{"host":"xwqwvmlzre68xjvm","time":1609571836,"event":{"mods":["BaseMod","Colored Map","Colored Powertips","Hermit","Minty Spire (QoL Compilation)","Replay The Spire","StSLib","SuperFastMode","Td1madao Mod","The Bug Knight","The Cursed","The Hierophant","The Runesmith"],"gold_per_floor":[110,185,185,185,185,205,236,247,247,266,266,280,280,294,294,294,294],"floor_reached":16,"playtime":596,"items_purged":[],"score":127,"play_id":"284a1280-38d8-4663-9e94-caa76e2bbfcc","local_time":"20210102161716","is_ascension_mode":false,"campfire_choices":[{"floor":11,"key":"RECALL"},{"data":"hermit:Quickdraw","floor":13,"key":"SMITH"},{"floor":15,"key":"REST"}],"circlet_count":0,"master_deck":["hermit:Strike_Hermit","hermit:Strike_Hermit","hermit:Strike_Hermit","hermit:Strike_Hermit","hermit:Defend_Hermit","hermit:Defend_Hermit","hermit:Defend_Hermit","hermit:Snapshot","hermit:Covet","hermit:Quickdraw+1","hermit:GhostlyPresence","hermit:Deadeye","hermit:BigShot","hermit:GoldenBullet"],"relics":["hermit:Momento","NeowsBlessing","Ring of Fury","Ring of Panic","Mango","Replay:Rubber Ducky"],"acts_visited":["Exordium"],"potions_floor_usage":[16,16],"damage_taken":[{"damage":0,"enemies":"Small Slimes","floor":1,"turns":1},{"damage":0,"enemies":"Jaw Worm","floor":6,"turns":1},{"damage":0,"enemies":"3 Sentries","floor":7,"turns":2},{"damage":3,"enemies":"2 Louse","floor":8,"turns":2},{"damage":1,"enemies":"2 Fungi Beasts","floor":10,"turns":4},{"damage":7,"enemies":"Red Slaver","floor":12,"turns":3},{"damage":33,"enemies":"Gremlin Gang","floor":14,"turns":5},{"damage":51,"enemies":"Fading Forest","floor":16,"turns":8}],"seed_played":"-653167488327526286","potions_obtained":[{"floor":7,"key":"hermit:Tonic"},{"floor":10,"key":"Flashbang"},{"floor":12,"key":"SteroidPotion"}],"is_trial":false,"path_per_floor":["M","?","?","?","?","M","E","M","T","M","R","M","R","M","R","B"],"character_chosen":"HERMIT","items_purchased":[],"campfire_rested":1,"item_purchase_floors":[],"current_hp_per_floor":[75,64,64,66,59,59,59,56,56,55,55,48,48,15,41,0,0],"gold":294,"neow_bonus":"THREE_ENEMY_KILL","is_daily":false,"chose_seed":false,"campfire_upgraded":1,"win_rate":0.0,"timestamp":1609571836,"path_taken":["M","?","?","?","?","M","E","M","T","M","R","M","R","M","R","BOSS"],"items_purchased_type":[],"build_version":"2020-12-22","purchased_purges":0,"victory":false,"max_hp_per_floor":[75,75,75,89,89,89,89,89,89,89,89,89,89,89,89,89,89],"card_choices":[{"not_picked":["hermit:Desperado","hermit:Misfire"],"picked":"hermit:Quickdraw","floor":1},{"not_picked":["hermit:Dive","hermit:Desperado"],"picked":"hermit:GhostlyPresence","floor":6},{"not_picked":["hermit:Misfire","hermit:Coalescence"],"picked":"hermit:Deadeye","floor":7},{"not_picked":["hermit:Misfire","hermit:Coalescence"],"picked":"hermit:BigShot","floor":8},{"not_picked":["hermit:LowProfile","hermit:HighCaliber","hermit:Headshot"],"picked":"SKIP","floor":10},{"not_picked":["hermit:Grudge","hermit:Dive","hermit:Showdown"],"picked":"SKIP","floor":12},{"not_picked":["hermit:LoneWolf","hermit:CalledShot"],"picked":"hermit:GoldenBullet","floor":14}],"player_experience":31377,"relics_obtained":[{"floor":3,"key":"Ring of Fury"},{"floor":3,"key":"Ring of Panic"},{"floor":7,"key":"Replay:Rubber Ducky"}],"event_choices":[{"damage_healed":0,"gold_gain":75,"player_choice":"Gather Gold","damage_taken":11,"max_hp_gain":0,"max_hp_loss":0,"event_name":"World of Goop","floor":2,"gold_loss":0},{"damage_healed":0,"gold_gain":0,"player_choice":"Success","damage_taken":12,"relics_obtained":["Mango"],"max_hp_gain":0,"max_hp_loss":0,"event_name":"Scrap Ooze","floor":4,"gold_loss":0},{"cards_removed":["hermit:Defend_Hermit"],"damage_healed":0,"gold_gain":0,"player_choice":"Card Removal","damage_taken":7,"max_hp_gain":0,"max_hp_loss":0,"event_name":"Golden Wing","floor":5,"gold_loss":0}],"is_beta":false,"boss_relics":[],"items_purged_floors":[],"is_endless":false,"potions_floor_spawned":[7,10,12],"killed_by":"Fading Forest","ascension_level":0}}