{"host":"w1xj5yb993x94b3l","time":1609621924,"event":{"mods":["AchievementEnabler","Act Like it!","Aspiration","BaseMod","Beaked The Cultist","BetterRewards","CCEM","Clockwork Mod","Colored Powertips","Conspire","Downfall","Energized Spire","Friendly Minions","GifTheSpireLib","Glutton Mod","Halation","Hubris","Infinite Spire","Lobotomy","LobotomyExtend","Mad Scientist","Marisa????????","Minty Spire (QoL Compilation)","Relic Sorter","Replay The Spire","Slumbering Mod","Spikes Relics","StSLib","Stuff the Spire","The Bladedancer","The Construct","The Disciple","The Jungle","The Mystic","The Runesmith","The Sage","The Servant 0.9.4","Trackpad","vexMod"],"gold_per_floor":[99,99,115,128,144,129,156,172,204,218,238,258,272,283,302,397,397,322,338,338,353,453,553,553,566,566,566,566,566,577,593,609,705,705,705,721,733,733,753,753,753,753],"floor_reached":40,"playtime":3396,"items_purged":[],"score":448,"play_id":"a47a7d8f-86ae-45ea-9700-89535cfd8a4e","local_time":"20210102221204","is_ascension_mode":false,"campfire_choices":[{"data":"Slimebound:Split","floor":1,"key":"SMITH"},{"data":"Slimebound:GrowthPunch","floor":18,"key":"SMITH"},{"floor":26,"key":"REST"},{"floor":29,"key":"REST"},{"data":"Slimebound:PrepareCrush","floor":35,"key":"SMITH"}],"circlet_count":0,"master_deck":["Slimebound:Strike_Slimebound","Slimebound:Strike_Slimebound","Slimebound:Strike_Slimebound","Slimebound:Tackle","Slimebound:Defend_Slimebound","Slimebound:Defend_Slimebound","Slimebound:Defend_Slimebound","Slimebound:Defend_Slimebound","Slimebound:Split+1","Slimebound:CorrosiveSpit+1","Slimebound:RollThrough","Slimebound:LeechingTouch","Slimebound:Schlurp","Slimebound:Replication","Slimebound:Nibble","Slimebound:GrowthPunch","Slimebound:Nibble","Slimebound:GrowthPunch+1","Slimebound:GoopSpray","Slimebound:MegaLick","Slimebound:DisruptingSlam","CurseOfTheBell","Slimebound:SplitAcid","Slimebound:SlimeSpikes","Slimebound:FinishingTackle","Slimebound:SplitMire","Slimebound:RollThrough","J.A.X.","Slimebound:TongueLash","Slimebound:PrepareCrush+1","Slimebound:SpikyOuterGoop","Slimebound:FinishingTackle+1","hubris:Fate","Parasite"],"relics":["Slimebound:AbsorbEndCombat","halation:LettersToHer","LetterFromLob","aspiration:ChemicalBlood","hubris:SphereOfDissonance","Calling Bell","Dream Catcher","trackpad:BottledShadow","hubris:MedicalManual","downfall:HeartBlessingGreen","Garlic","halation:SmartPhone","WingedGreaves","CCEMRelics:TechnogenicHelmet","MutagenicStrength","CCEMRelics:DerglesHeadphones","Moonlight_r","halation:PinkSoulGem","vexMod:CursedCompass","CaptainsWheel","vexMod:BigBerry"],"acts_visited":["Exordium","TheCity","TheBeyond"],"potions_floor_usage":[13,16,16,16,16,16,16,21,21,22,22,22,22,22,23,25,25,30,30,31,32,32,33,33,33,39,40,40,40],"damage_taken":[{"damage":8,"enemies":"Small Slimes","floor":3,"turns":3},{"damage":13,"enemies":"infinitespire:Voidling","floor":4,"turns":3},{"damage":9,"enemies":"Cultist","floor":5,"turns":3},{"damage":8,"enemies":"downfall:FleeingMerchant","floor":6,"turns":4},{"damage":9,"enemies":"3 Louse","floor":8,"turns":3},{"damage":27,"enemies":"theSlumbering:Adrasteia","floor":9,"turns":8},{"damage":12,"enemies":"Gremlin Gang","floor":10,"turns":3},{"damage":9,"enemies":"Exordium Wildlife","floor":11,"turns":3},{"damage":2,"enemies":"theSlumbering:NewSlaver","floor":12,"turns":3},{"damage":16,"enemies":"Gremlin Gang","floor":13,"turns":3},{"damage":10,"enemies":"Blue Slaver","floor":14,"turns":3},{"damage":7,"enemies":"Looter","floor":15,"turns":2},{"damage":83,"enemies":"downfall:Defect","floor":16,"turns":6},{"damage":9,"enemies":"Chosen","floor":19,"turns":4},{"damage":30,"enemies":"Shell Parasite","floor":21,"turns":4},{"damage":14,"enemies":"Colosseum Nobs","floor":22,"turns":3},{"damage":29,"enemies":"downfall:Augmenter","floor":23,"turns":6},{"damage":24,"enemies":"Snecko","floor":25,"turns":5},{"damage":0,"enemies":"Shelled Parasite and Fungi","floor":30,"turns":4},{"damage":16,"enemies":"conspire:HollyBat","floor":31,"turns":9},{"damage":13,"enemies":"Centurion and Healer","floor":32,"turns":5},{"damage":74,"enemies":"downfall:Watcher","floor":33,"turns":8},{"damage":0,"enemies":"Orb Walker","floor":36,"turns":2},{"damage":0,"enemies":"3 Shapes","floor":37,"turns":3},{"damage":25,"enemies":"Writhing Mass","floor":39,"turns":4},{"damage":107,"enemies":"Nightmare","floor":40,"turns":7}],"seed_played":"-5953776883005715029","potions_obtained":[{"floor":4,"key":"CultistPotion"},{"floor":10,"key":"Milkshake"},{"floor":13,"key":"AttackPotion"},{"floor":14,"key":"conspire:TimeTravelPotion"},{"floor":16,"key":"FearPotion"},{"floor":16,"key":"EntropicBrew"},{"floor":19,"key":"SkillPotion"},{"floor":21,"key":"Milkshake"},{"floor":23,"key":"SteroidPotion"},{"floor":30,"key":"Slimebound:SlimedPotion"},{"floor":30,"key":"Fire Potion"},{"floor":32,"key":"Fruit Juice"},{"floor":33,"key":"Slimebound:SlimyTonguePotion"},{"floor":37,"key":"Strength Potion"},{"floor":39,"key":"Slimebound:ThreeZeroPotion"},{"floor":39,"key":"DistilledChaos"},{"floor":40,"key":"Ancient Potion"}],"is_trial":false,"path_per_floor":["R","?","M","M","M","$","T","M","E","M","M","M","M","M","M","B",null,"R","M","AVR","M","?","?","T","M","R","M","?","R","M","M","M","B",null,"R","M","M","AVR","M","NM"],"character_chosen":"SLIMEBOUND","items_purchased":[],"campfire_rested":2,"item_purchase_floors":[],"current_hp_per_floor":[60,60,60,59,59,60,60,55,49,60,60,60,60,60,57,36,60,60,60,60,54,53,30,30,25,43,7,7,25,41,45,61,21,65,65,59,57,78,65,0,0,0],"gold":753,"neow_bonus":"RANDOM_COMMON_RELIC","is_daily":false,"chose_seed":false,"campfire_upgraded":3,"win_rate":0.0,"timestamp":1609621924,"path_taken":["R","?","M","M","M","$","T","M","E","M","M","?","?","M","M","BOSS","R","M","AVR","M","?","?","T","M","R","M","?","R","M","M","M","BOSS","R","M","M","AVR","M","NM"],"items_purchased_type":[],"build_version":"2020-12-22","purchased_purges":0,"victory":false,"max_hp_per_floor":[60,60,60,60,60,60,60,60,60,60,60,60,60,60,60,60,60,60,60,60,60,60,60,60,60,60,60,60,60,60,60,65,65,65,65,65,65,95,95,95,95,95],"card_choices":[{"not_picked":["Slimebound:RainOfGoop","Slimebound:SplitAcid"],"picked":"Slimebound:RollThrough","floor":3},{"not_picked":["Slimebound:FlameTackle","Slimebound:MegaLick"],"picked":"Slimebound:LeechingTouch","floor":4},{"not_picked":["Slimebound:FinishingTackle","Slimebound:ComboTackle"],"picked":"Slimebound:Schlurp","floor":5},{"not_picked":["Slimebound:AcidTongue","Slimebound:HauntingLick"],"picked":"Slimebound:Replication","floor":6},{"not_picked":["Slimebound:RejuvenatingLick","Slimebound:GoopTackle"],"picked":"Slimebound:FirmFortitude","floor":8},{"not_picked":["Slimebound:RejuvenatingLick","Slimebound:GoopTackle"],"picked":"Slimebound:Nibble","floor":9},{"not_picked":["Slimebound:LeechEnergy","Slimebound:Dissolve"],"picked":"Slimebound:GrowthPunch","floor":10},{"not_picked":["Slimebound:FinishingTackle","Slimebound:SlimeSpikes"],"picked":"Slimebound:Nibble","floor":11},{"not_picked":["Slimebound:Schlurp","Slimebound:FlameTackle"],"picked":"Slimebound:GrowthPunch","floor":12},{"not_picked":["Slimebound:ForwardTackle","Slimebound:SamplingLick"],"picked":"Slimebound:GoopSpray","floor":13},{"not_picked":["Slimebound:GrowthPunch","Slimebound:Schlurp"],"picked":"Slimebound:MegaLick","floor":14},{"not_picked":["Slimebound:RollThrough","Slimebound:SlimeBarrage"],"picked":"Slimebound:DisruptingSlam","floor":15},{"not_picked":["Slimebound:Overexert","Slimebound:DouseInSlime"],"picked":"Slimebound:LeechLife","floor":16},{"not_picked":["Slimebound:ItLooksTasty","Slimebound:LeechingTouch"],"picked":"Slimebound:SplitAcid","floor":19},{"not_picked":["Slimebound:ViciousTackle","Slimebound:GoopTackle"],"picked":"Slimebound:SlimeSpikes","floor":21},{"not_picked":["Slimebound:LeechEnergy","Slimebound:ViciousTackle+1"],"picked":"Slimebound:FinishingTackle","floor":22},{"not_picked":[],"picked":"J.A.X.","floor":23},{"not_picked":["Slimebound:RejuvenatingLick","Slimebound:PressTheAttack"],"picked":"Slimebound:TongueLash","floor":25},{"not_picked":["Slimebound:ComboTackle+1","Slimebound:SplitLeeching","Slimebound:FinishingTackle"],"picked":"SKIP","floor":30},{"not_picked":["Slimebound:SplitAcid+1","Slimebound:SplitBruiser","Slimebound:SplitMire+1"],"picked":"SKIP","floor":31},{"not_picked":["Slimebound:SplitMire","Slimebound:GrowthPunch","Slimebound:FlameTackle+1"],"picked":"SKIP","floor":32},{"not_picked":["Slimebound:Teamwork","Slimebound:LeechLife"],"picked":"Slimebound:PrepareCrush","floor":33},{"not_picked":["Slimebound:SlimeBarrage","Slimebound:ViciousTackle"],"picked":"Slimebound:SpikyOuterGoop","floor":36},{"not_picked":["Slimebound:TongueLash","Slimebound:RollThrough+1"],"picked":"Slimebound:FinishingTackle+1","floor":37},{"not_picked":["Slimebound:SplitBruiser","Slimebound:SlimeTap+1","Slimebound:SamplingLick"],"picked":"SKIP","floor":39}],"player_experience":236413,"relics_obtained":[{"floor":3,"key":"LetterFromLob"},{"floor":7,"key":"halation:LettersToHer"},{"floor":7,"key":"aspiration:ChemicalBlood"},{"floor":9,"key":"hubris:SphereOfDissonance"},{"floor":17,"key":"Dream Catcher"},{"floor":17,"key":"trackpad:BottledShadow"},{"floor":17,"key":"hubris:MedicalManual"},{"floor":22,"key":"WingedGreaves"},{"floor":22,"key":"CCEMRelics:TechnogenicHelmet"},{"floor":23,"key":"MutagenicStrength"},{"floor":24,"key":"halation:LettersToHer"},{"floor":24,"key":"CCEMRelics:DerglesHeadphones"}],"event_choices":[{"damage_healed":0,"gold_gain":0,"player_choice":"Upgraded","damage_taken":0,"max_hp_gain":0,"max_hp_loss":0,"event_name":"Upgrade Shrine","floor":2,"gold_loss":0,"cards_upgraded":["Slimebound:CorrosiveSpit"]}],"is_beta":false,"boss_relics":[{"not_picked":["Replay:Drink Me","Ring of Chaos"],"picked":"Calling Bell"},{"not_picked":["energizedSpire:SpiderWeb","Painkiller Herb"],"picked":"vexMod:CursedCompass"}],"items_purged_floors":[],"is_endless":false,"potions_floor_spawned":[4,10,11,12,14,16,19,30,32,37],"killed_by":"Nightmare","ascension_level":0}}