{"host":"qswkx8hggytna0kc","time":1609550918,"event":{"mods":["Aspiration","BaseMod","BetterRewards","Colored Map","Colored Powertips","Highlight Path","Hubris","Mimic Mod","Minty Spire (QoL Compilation)","Quick Restart","Replay The Spire","StSLib","SuperFastMode"],"gold_per_floor":[118,118,129,54,71,99,99,119,144,157,185,135,135,160,160,262,262,279,294,313,325,339,339,339],"floor_reached":23,"playtime":852,"items_purged":["Strike_B"],"score":300,"play_id":"5d3d8ae9-14c2-4701-b18b-777596677dce","local_time":"20210102092838","is_ascension_mode":true,"campfire_choices":[{"data":"Zap","floor":7.0,"key":"SMITH"},{"data":"Dualcast","floor":13.0,"key":"SMITH"},{"data":"Defragment","floor":15,"key":"SMITH"}],"circlet_count":0,"master_deck":["Defend_B","Defend_B","Defend_B","Zap+1","Dualcast+1","Time Bomb","Glacier","Cold Snap","Force Field","Panic Button","Defragment+1","Undo","Meteor Strike","Echo Form","Beam Cell","ReplaySolidLightProjector+1","Double Energy","Conserve Battery","Beam Cell"],"relics":["Cracked Core","NeowsBlessing","Potion Belt","Lantern","hubris:BallOfYels","hubris:TenFootPole","Replay:Drink Me"],"acts_visited":["Exordium","TheCity"],"potions_floor_usage":[16],"damage_taken":[{"damage":0.0,"enemies":"Jaw Worm","floor":1.0,"turns":1.0},{"damage":0.0,"enemies":"Cultist","floor":3.0,"turns":1.0},{"damage":0.0,"enemies":"2 Louse","floor":5.0,"turns":1.0},{"damage":8.0,"enemies":"Lagavulin","floor":6.0,"turns":7.0},{"damage":4.0,"enemies":"Looter","floor":8.0,"turns":4.0},{"damage":4.0,"enemies":"Exordium Wildlife","floor":10.0,"turns":3.0},{"damage":12.0,"enemies":"Gremlin Nob","floor":11.0,"turns":2.0},{"damage":2,"enemies":"3 Sentries","floor":14,"turns":9},{"damage":5,"enemies":"Hexaghost","floor":16,"turns":9},{"damage":0,"enemies":"Spheric Guardian","floor":18,"turns":3},{"damage":0,"enemies":"Chosen","floor":19,"turns":5},{"damage":11,"enemies":"Shelled Parasite and Fungi","floor":20,"turns":8},{"damage":19,"enemies":"Centurion and Healer","floor":21,"turns":9},{"damage":6,"enemies":"Snecko","floor":22,"turns":5},{"damage":17,"enemies":"Slavers","floor":23,"turns":2}],"seed_played":"83152148733457614","potions_obtained":[{"floor":2.0,"key":"GamblersBrew"},{"floor":2.0,"key":"Death Potion"},{"floor":2.0,"key":"FocusPotion"},{"floor":8.0,"key":"Elixir"},{"floor":11.0,"key":"SpeedPotion"},{"floor":14,"key":"SpeedPotion"},{"floor":18,"key":"Doom Potion"},{"floor":20,"key":"Regen Potion"}],"is_trial":false,"path_per_floor":["M","?","M","$","M","E","R","M","T","M","E","?","R","E","R","B",null,"M","M","M","M","M","E"],"character_chosen":"DEFECT","items_purchased":[],"campfire_rested":0,"item_purchase_floors":[],"current_hp_per_floor":[75,75,75,75,75,67,67,63,63,59,47,47,47,45,45,40,53,53,53,42,23,17,0,0],"gold":339,"neow_bonus":"THREE_ENEMY_KILL","is_daily":false,"chose_seed":false,"campfire_upgraded":3,"win_rate":0.0,"timestamp":1609550918,"path_taken":["M","?","?","?","M","E","R","M","T","M","E","?","R","E","R","BOSS","M","M","M","M","M","E"],"items_purchased_type":[],"build_version":"2020-12-22","purchased_purges":1,"victory":false,"max_hp_per_floor":[75,75,75,75,75,75,75,75,75,75,75,75,75,75,75,75,57,57,57,57,57,57,57,57],"card_choices":[{"not_picked":["Streamline","Rebound"],"picked":"Time Bomb","floor":1.0},{"not_picked":["Stack","Beam Cell"],"picked":"Glacier","floor":3.0},{"not_picked":["FIFO Queue","Rebound"],"picked":"Cold Snap","floor":5.0},{"not_picked":["Barrage","Redo"],"picked":"Force Field","floor":6.0},{"not_picked":["ReplayGash","Streamline"],"picked":"Panic Button","floor":8.0},{"not_picked":["Ball Lightning","Cold Snap"],"picked":"Defragment","floor":10.0},{"not_picked":["Reprogram","Go for the Eyes"],"picked":"Undo","floor":11.0},{"not_picked":["Sweeping Beam","Beam Cell"],"picked":"Meteor Strike","floor":14},{"not_picked":["Meteor Strike","Amplify"],"picked":"Echo Form","floor":16},{"not_picked":["Panic Button","Cold Snap"],"picked":"Beam Cell","floor":18},{"not_picked":["Stack","Ball Lightning"],"picked":"ReplaySolidLightProjector+1","floor":19},{"not_picked":["Steam","Reprogram+1"],"picked":"Double Energy","floor":20},{"not_picked":["Sweeping Beam","Coolheaded+1"],"picked":"Conserve Battery","floor":21},{"not_picked":["Panic Button","hubris:SpecializedCircuitry"],"picked":"Beam Cell","floor":22}],"player_experience":208539,"relics_obtained":[{"floor":6.0,"key":"Potion Belt"},{"floor":9.0,"key":"Lantern"},{"floor":11.0,"key":"hubris:BallOfYels"},{"floor":14,"key":"hubris:TenFootPole"}],"event_choices":[{"damage_healed":0.0,"max_hp_gain":0.0,"max_hp_loss":0.0,"gold_gain":0.0,"event_name":"Lab","player_choice":"Got Potions","floor":2.0,"gold_loss":0.0,"damage_taken":0.0},{"cards_removed":["Strike_B"],"damage_healed":0.0,"max_hp_gain":0.0,"max_hp_loss":0.0,"gold_gain":0.0,"event_name":"The Cleric","player_choice":"Card Removal","floor":12.0,"gold_loss":50.0,"damage_taken":0.0}],"is_beta":false,"boss_relics":[{"not_picked":["aspiration:WatcherSkillbook","Snecko Eye"],"picked":"Replay:Drink Me"}],"items_purged_floors":[4],"is_endless":false,"potions_floor_spawned":[3,8,11,14,18,20],"killed_by":"Slavers","ascension_level":5}}