{"host":"h4lp0eeso8a0ssq0","time":1609552089,"event":{"mods":["2.2 Compatiblity","AchievementEnabler","BaseMod","CapriCore","Colored Map","Lobotomy","Minty Spire (QoL Compilation)","StSLib","SuperFastMode"],"gold_per_floor":[117,117,117,129,144,144,162,162,162,197,147,147,165,240,240,240,240],"floor_reached":16,"playtime":233,"items_purged":[],"score":100,"play_id":"66356a89-4275-4b1d-8490-a055f58bc99c","local_time":"20210102104809","is_ascension_mode":false,"campfire_choices":[{"data":"Eruption","floor":6,"key":"SMITH"},{"data":"Vigilance","floor":8,"key":"SMITH"},{"data":"Defend_P","floor":15,"key":"SMITH"}],"circlet_count":0,"master_deck":["Strike_P+1","Strike_P","Strike_P","Defend_P+1","Defend_P+1","Defend_P","Defend_P","Eruption+1","Vigilance+1"],"relics":["Cursed Key"],"acts_visited":["Exordium"],"potions_floor_usage":[10],"damage_taken":[{"damage":0.0,"enemies":"Small Slimes","floor":1.0,"turns":2.0},{"damage":0,"enemies":"Jaw Worm","floor":4,"turns":2},{"damage":0,"enemies":"2 Louse","floor":5,"turns":3},{"damage":0,"enemies":"Looter","floor":7,"turns":2},{"damage":7,"enemies":"3 Sentries","floor":10,"turns":9},{"damage":6,"enemies":"3 Louse","floor":13,"turns":3},{"damage":70,"enemies":"Slime Boss","floor":16,"turns":3}],"seed_played":"-8792940206846006787","potions_obtained":[{"floor":1.0,"key":"Regen Potion"},{"floor":4,"key":"LiquidMemories"},{"floor":7,"key":"LiquidBronze"}],"is_trial":false,"path_per_floor":["M","?","?","M","M","R","M","R","T","E","?","T","M","?","R","B"],"character_chosen":"WATCHER","items_purchased":[],"campfire_rested":0,"item_purchase_floors":[],"current_hp_per_floor":[72,58,58,58,58,58,58,58,58,51,51,51,45,34,34,0,0],"gold":240,"neow_bonus":"BOSS_RELIC","is_daily":false,"chose_seed":false,"campfire_upgraded":3,"win_rate":0.0,"timestamp":1609552089,"path_taken":["M","?","?","M","M","R","M","R","T","E","?","?","M","?","R","BOSS"],"items_purchased_type":[],"build_version":"2020-12-22","purchased_purges":0,"victory":false,"max_hp_per_floor":[72,72,72,72,72,72,72,72,72,72,72,72,72,72,72,72,72],"card_choices":[{"not_picked":["Vengeance","JustLucky","TalkToTheHand"],"picked":"SKIP","floor":1.0},{"not_picked":["Nirvana","FlyingSleeves","SandsOfTime"],"picked":"SKIP","floor":4},{"not_picked":["FlurryOfBlows","CutThroughFate","ThirdEye"],"picked":"SKIP","floor":5},{"not_picked":["Indignation","TalkToTheHand","SignatureMove"],"picked":"SKIP","floor":7},{"not_picked":["Protect","ReachHeaven","ThirdEye"],"picked":"SKIP","floor":10},{"not_picked":["WreathOfFlame","FollowUp","Evaluate"],"picked":"SKIP","floor":13}],"player_experience":21493,"relics_obtained":[],"event_choices":[{"damage_healed":0.0,"max_hp_gain":0.0,"max_hp_loss":0.0,"gold_gain":0.0,"event_name":"Shining Light","player_choice":"Entered Light","floor":2.0,"gold_loss":0.0,"damage_taken":14.0,"cards_upgraded":["Defend_P","Strike_P"]},{"damage_healed":0,"gold_gain":0,"player_choice":"Fled","damage_taken":0,"max_hp_gain":0,"max_hp_loss":0,"event_name":"Scrap Ooze","floor":3,"gold_loss":0},{"cards_removed":["Strike_P"],"damage_healed":0,"gold_gain":0,"player_choice":"Card Removal","damage_taken":0,"max_hp_gain":0,"max_hp_loss":0,"event_name":"The Cleric","floor":11,"gold_loss":50},{"damage_healed":0,"gold_gain":75,"player_choice":"Gather Gold","damage_taken":11,"max_hp_gain":0,"max_hp_loss":0,"event_name":"World of Goop","floor":14,"gold_loss":0}],"is_beta":false,"boss_relics":[],"items_purged_floors":[],"is_endless":false,"potions_floor_spawned":[1,4,7],"killed_by":"Slime Boss","ascension_level":0}}