{"host":"wriew0wqy82guk6a","time":1609619162,"event":{"mods":["BaseMod","Colored Powertips","Hermit","Minty Spire (QoL Compilation)","StSLib"],"gold_per_floor":[109,184,184,134,59,86,86,104,104,104,78,98,119,155,155,286,286,310,225,273,27,52,52,74,74,152,6,49,76,175,202,202,202,202],"floor_reached":33,"playtime":855,"items_purged":["Defend_R"],"score":417,"play_id":"7d33d5a0-1058-4d9e-9221-617bfc03bf1d","local_time":"20210102152602","is_ascension_mode":true,"campfire_choices":[{"data":"Flex","floor":7,"key":"SMITH"},{"data":"Bash","floor":15,"key":"SMITH"},{"data":"Anger","floor":23,"key":"SMITH"},{"floor":25,"key":"REST"},{"floor":32,"key":"REST"}],"circlet_count":0,"master_deck":["Strike_R","Strike_R","Strike_R","Strike_R","Defend_R","Defend_R","Defend_R","Bash+1","Flex+1","Cleave","Clash","Cleave","Anger+1","Thunderclap","Cleave","Battle Trance"],"relics":["Burning Blood","NeowsBlessing","Ornamental Fan","Meat on the Bone","Golden Idol","Sundial","Runic Cube","Darkstone Periapt","CeramicFish","Kunai","Matryoshka","Nunchaku","Potion Belt"],"acts_visited":["Exordium","TheCity"],"potions_floor_usage":[16,22,29,33],"damage_taken":[{"damage":0,"enemies":"Small Slimes","floor":1,"turns":1},{"damage":0,"enemies":"3 Sentries","floor":6,"turns":1},{"damage":0,"enemies":"Jaw Worm","floor":8,"turns":1},{"damage":0,"enemies":"Cultist","floor":12,"turns":2},{"damage":14,"enemies":"Large Slime","floor":13,"turns":4},{"damage":30,"enemies":"Lagavulin","floor":14,"turns":5},{"damage":23,"enemies":"Slime Boss","floor":16,"turns":7},{"damage":2,"enemies":"Chosen","floor":18,"turns":4},{"damage":18,"enemies":"Spheric Guardian","floor":22,"turns":4},{"damage":21,"enemies":"Cultist and Chosen","floor":24,"turns":6},{"damage":30,"enemies":"Gremlin Leader","floor":28,"turns":5},{"damage":14,"enemies":"Snecko","floor":29,"turns":3},{"damage":33,"enemies":"Centurion and Healer","floor":31,"turns":3},{"damage":98,"enemies":"Champ","floor":33,"turns":10}],"seed_played":"2837507415358780551","potions_obtained":[{"floor":8,"key":"FairyPotion"},{"floor":14,"key":"Ancient Potion"},{"floor":16,"key":"BlessingOfTheForge"},{"floor":28,"key":"DuplicationPotion"},{"floor":31,"key":"Swift Potion"}],"is_trial":false,"path_per_floor":["M","?","?","?","$","E","R","M","T","?","$","M","M","E","R","B",null,"M","?","T","$","M","R","M","R","T","$","E","M","?","M","R","B"],"character_chosen":"IRONCLAD","items_purchased":["Clash","Kunai","Nunchaku"],"campfire_rested":2,"item_purchase_floors":[11,21,27],"current_hp_per_floor":[78,67,67,67,67,73,73,79,79,59,59,65,57,45,45,40,70,74,74,74,74,62,62,47,71,71,71,47,51,51,36,60,0,0],"gold":202,"neow_bonus":"THREE_ENEMY_KILL","is_daily":false,"chose_seed":false,"campfire_upgraded":3,"win_rate":0.0,"timestamp":1609619162,"path_taken":["M","?","?","?","?","E","R","?","T","?","$","M","M","E","R","BOSS","M","?","?","$","M","R","M","R","T","$","E","M","?","M","R","BOSS"],"items_purchased_type":["Card","Relic","Relic"],"build_version":"2020-12-22","purchased_purges":1,"victory":false,"max_hp_per_floor":[80,80,80,80,80,80,80,80,80,80,80,80,80,80,80,80,80,80,80,80,80,80,80,80,80,80,80,80,80,80,80,80,80,80],"card_choices":[{"not_picked":["Pommel Strike","Heavy Blade"],"picked":"Flex","floor":1},{"not_picked":["Wild Strike","Twin Strike"],"picked":"Cleave","floor":6},{"not_picked":["Shrug It Off","Sword Boomerang","Carnage"],"picked":"SKIP","floor":8},{"not_picked":["Exhume","Searing Blow","Rampage"],"picked":"SKIP","floor":12},{"not_picked":["Power Through","Searing Blow","Body Slam"],"picked":"SKIP","floor":13},{"not_picked":["Iron Wave","Clothesline"],"picked":"Cleave","floor":14},{"not_picked":["True Grit","Headbutt+1","Searing Blow"],"picked":"SKIP","floor":18},{"not_picked":["Shockwave","Rupture"],"picked":"Anger","floor":22},{"not_picked":["Sever Soul","Reckless Charge+1"],"picked":"Thunderclap","floor":24},{"not_picked":["Perfected Strike","True Grit+1","Havoc"],"picked":"SKIP","floor":28},{"not_picked":["Clothesline+1","Immolate"],"picked":"Cleave","floor":29},{"not_picked":["Twin Strike+1","Armaments"],"picked":"Battle Trance","floor":31}],"player_experience":488010,"relics_obtained":[{"floor":6,"key":"Ornamental Fan"},{"floor":9,"key":"Meat on the Bone"},{"floor":14,"key":"Sundial"},{"floor":20,"key":"CeramicFish"},{"floor":26,"key":"Matryoshka"},{"floor":28,"key":"Potion Belt"}],"event_choices":[{"damage_healed":0,"gold_gain":75,"player_choice":"Gather Gold","damage_taken":11,"max_hp_gain":0,"max_hp_loss":0,"event_name":"World of Goop","floor":2,"gold_loss":0},{"damage_healed":0,"gold_gain":0,"player_choice":"Ignored","damage_taken":0,"max_hp_gain":0,"max_hp_loss":0,"event_name":"Liars Game","floor":3,"gold_loss":0},{"cards_removed":["Strike_R"],"damage_healed":0,"gold_gain":0,"player_choice":"Card Removal","damage_taken":0,"max_hp_gain":0,"max_hp_loss":0,"event_name":"The Cleric","floor":4,"gold_loss":50},{"damage_healed":0,"gold_gain":0,"player_choice":"Take Damage","damage_taken":20,"relics_obtained":["Golden Idol"],"max_hp_gain":0,"max_hp_loss":0,"event_name":"Golden Idol","floor":10,"gold_loss":0},{"damage_healed":0,"gold_gain":0,"player_choice":"Obtained Relic","damage_taken":0,"relics_obtained":["Darkstone Periapt"],"max_hp_gain":0,"max_hp_loss":0,"event_name":"Addict","floor":19,"gold_loss":85},{"damage_healed":0,"gold_gain":99,"player_choice":"Stole From Cult","damage_taken":0,"max_hp_gain":0,"max_hp_loss":0,"event_name":"Nest","floor":30,"gold_loss":0}],"is_beta":false,"boss_relics":[{"not_picked":["Fusion Hammer","Philosopher\u0027s Stone"],"picked":"Runic Cube"}],"items_purged_floors":[5],"is_endless":false,"potions_floor_spawned":[8,14,16,28,31],"killed_by":"Champ","ascension_level":8}}