{"host":"6hzrz31j95f2y1pa","time":1609578851,"event":{"mods":["BaseMod","Colored Map","Downfall","Minty Spire (QoL Compilation)","StSLib"],"gold_per_floor":[99,116,132,143,161,193,220,233,233,233,233],"floor_reached":9,"playtime":338,"items_purged":[],"score":101,"play_id":"2a04baad-b15a-4de2-9646-312d80506751","local_time":"20210102041411","is_ascension_mode":true,"campfire_choices":[{"data":"champ:Taunt","floor":1,"key":"SMITH"}],"circlet_count":0,"master_deck":["AscendersBane","champ:Strike","champ:Strike","champ:Strike","champ:Strike","champ:Defend","champ:Defend","champ:Defend+1","champ:Defend","champ:Execute","champ:Taunt+1","champ:GutPunch","champ:ArenaPreparation+1","champ:Encircle","champ:TornadoPunch","champ:StanceDance","champ:BerserkersShout"],"relics":["champ:ChampionCrown","War Paint","Happy Flower"],"acts_visited":["Exordium"],"potions_floor_usage":[6,9],"damage_taken":[{"damage":9,"enemies":"2 Louse","floor":2,"turns":4},{"damage":5,"enemies":"Jaw Worm","floor":3,"turns":3},{"damage":24,"enemies":"Cultist","floor":4,"turns":4},{"damage":18,"enemies":"Blue Slaver","floor":5,"turns":3},{"damage":59,"enemies":"Lagavulin","floor":6,"turns":5},{"damage":37,"enemies":"Large Slime","floor":8,"turns":5},{"damage":81,"enemies":"Gremlin Nob","floor":9,"turns":5}],"seed_played":"1985726545683706592","potions_obtained":[{"floor":2,"key":"Swift Potion"},{"floor":4,"key":"SkillPotion"}],"is_trial":false,"path_per_floor":["R","M","M","M","M","E","T","M","E"],"character_chosen":"THE_CHAMP","items_purchased":[],"campfire_rested":0,"item_purchase_floors":[],"current_hp_per_floor":[90,86,86,85,82,59,59,54,0,0,0],"gold":233,"neow_bonus":"TEN_PERCENT_HP_BONUS","is_daily":false,"chose_seed":false,"campfire_upgraded":1,"win_rate":0.0,"timestamp":1609578851,"path_taken":["R","M","M","M","M","E","T","M","E"],"items_purchased_type":[],"build_version":"2020-12-22","purchased_purges":0,"victory":false,"max_hp_per_floor":[99,99,99,99,99,99,99,99,99,99,99],"card_choices":[{"not_picked":["champ:FocusedDefense","champ:Haymaker"],"picked":"champ:GutPunch","floor":2},{"not_picked":["champ:BringItOn","champ:Aggression"],"picked":"champ:ArenaPreparation","floor":3},{"not_picked":["champ:FocusedBerserking","champ:HeartStrike"],"picked":"champ:Encircle","floor":4},{"not_picked":["champ:Backstep","champ:StanceDance"],"picked":"champ:TornadoPunch","floor":5},{"not_picked":["champ:GladiatorStyle","champ:IronFortress"],"picked":"champ:StanceDance","floor":6},{"not_picked":["champ:GladiatorsShout","champ:Haymaker"],"picked":"champ:BerserkersShout","floor":8}],"player_experience":1272469,"relics_obtained":[{"floor":6,"key":"War Paint"},{"floor":7,"key":"Happy Flower"}],"event_choices":[],"is_beta":false,"boss_relics":[],"items_purged_floors":[],"is_endless":false,"potions_floor_spawned":[2,4,5],"killed_by":"Gremlin Nob","ascension_level":11}}