{"host":"w9yruvs4bqht6bhw","time":1609613454,"event":{"mods":["BaseMod","Colored Powertips","Minty Spire (QoL Compilation)"],"gold_per_floor":[114,132,152,252,263,263,263,136,136,169,169,209,228,249,249,370,370,394,414,414,217,231,231,266,17,41,62,62,62],"floor_reached":28,"playtime":855,"items_purged":["Strike_R"],"score":439,"play_id":"93d70477-d466-450a-b62f-a2148ef6d413","local_time":"20210102135054","is_ascension_mode":true,"campfire_choices":[{"data":"Anger","floor":6,"key":"SMITH"},{"data":"Uppercut","floor":11,"key":"SMITH"},{"data":"Limit Break","floor":15,"key":"SMITH"},{"floor":23,"key":"REST"}],"circlet_count":0,"master_deck":["Strike_R","Strike_R","Strike_R","Strike_R","Defend_R","Defend_R","Defend_R","Defend_R","Bash","Anger+1","Carnage","Spot Weakness","Flex","Uppercut+1","Cleave","Limit Break+1","Heavy Blade","Limit Break","Pommel Strike"],"relics":["Burning Blood","NeowsBlessing","Golden Idol","Ancient Tea Set","Blue Candle","Smiling Mask","Busted Crown","Strawberry","Meat on the Bone","Omamori"],"acts_visited":["Exordium","TheCity"],"potions_floor_usage":[10,10,10,14],"damage_taken":[{"damage":0,"enemies":"2 Louse","floor":1,"turns":1},{"damage":0,"enemies":"Cultist","floor":2,"turns":1},{"damage":0,"enemies":"Jaw Worm","floor":3,"turns":1},{"damage":0,"enemies":"2 Fungi Beasts","floor":5,"turns":2},{"damage":0,"enemies":"3 Sentries","floor":10,"turns":4},{"damage":18,"enemies":"Gremlin Nob","floor":12,"turns":4},{"damage":6,"enemies":"Gremlin Gang","floor":13,"turns":3},{"damage":11,"enemies":"Red Slaver","floor":14,"turns":3},{"damage":0,"enemies":"Slime Boss","floor":16,"turns":7},{"damage":23,"enemies":"Spheric Guardian","floor":18,"turns":4},{"damage":19,"enemies":"3 Byrds","floor":19,"turns":4},{"damage":43,"enemies":"Snake Plant","floor":22,"turns":5},{"damage":15,"enemies":"Gremlin Leader","floor":24,"turns":4},{"damage":22,"enemies":"Sentry and Sphere","floor":27,"turns":4},{"damage":40,"enemies":"Centurion and Healer","floor":28,"turns":7}],"seed_played":"7909217694088138837","potions_obtained":[{"floor":2,"key":"AttackPotion"},{"floor":3,"key":"BlessingOfTheForge"},{"floor":10,"key":"EssenceOfSteel"},{"floor":16,"key":"Ancient Potion"}],"is_trial":false,"path_per_floor":["M","M","M","?","M","R","?","$","T","E","R","E","M","M","R","B",null,"M","M","?","$","M","R","E","$","T","M","M"],"character_chosen":"IRONCLAD","items_purchased":["Uppercut","Fire Potion","LiquidBronze","LiquidBronze","Meat on the Bone"],"campfire_rested":1,"item_purchase_floors":[8,8,21,21,25],"current_hp_per_floor":[78,80,80,80,80,80,60,60,60,66,66,54,54,49,49,55,74,57,44,44,44,7,31,29,29,29,25,0,0],"gold":62,"neow_bonus":"THREE_ENEMY_KILL","is_daily":false,"chose_seed":false,"campfire_upgraded":3,"win_rate":0.0,"timestamp":1609613454,"path_taken":["M","M","M","?","?","R","?","$","T","E","R","E","M","M","R","BOSS","M","M","?","$","M","R","E","$","T","?","M"],"items_purchased_type":["Card","Potion","Potion","Potion","Relic"],"build_version":"2020-12-22","purchased_purges":1,"victory":false,"max_hp_per_floor":[80,80,80,80,80,80,80,80,80,80,80,80,80,80,80,80,80,80,80,80,80,80,80,87,87,87,87,87,87],"card_choices":[{"not_picked":["Dark Embrace","Rupture"],"picked":"Anger","floor":1},{"not_picked":["Cleave","Flex"],"picked":"Carnage","floor":2},{"not_picked":["Battle Trance","Body Slam"],"picked":"Spot Weakness","floor":3},{"not_picked":["Sword Boomerang","Combust"],"picked":"Flex","floor":5},{"not_picked":["Intimidate","Flame Barrier"],"picked":"Cleave","floor":10},{"not_picked":["Immolate","Thunderclap"],"picked":"Limit Break","floor":12},{"not_picked":["Seeing Red","Evolve"],"picked":"Heavy Blade","floor":13},{"not_picked":["Thunderclap","Sword Boomerang","Bloodletting"],"picked":"SKIP","floor":14},{"not_picked":["Berserk","Brutality"],"picked":"Limit Break","floor":16},{"not_picked":[],"picked":"Pommel Strike","floor":18},{"not_picked":["Perfected Strike"],"picked":"SKIP","floor":19},{"not_picked":["Cleave"],"picked":"SKIP","floor":22},{"not_picked":["Seeing Red"],"picked":"SKIP","floor":24},{"not_picked":["Pommel Strike"],"picked":"SKIP","floor":27}],"player_experience":259275,"relics_obtained":[{"floor":9,"key":"Ancient Tea Set"},{"floor":10,"key":"Blue Candle"},{"floor":12,"key":"Smiling Mask"},{"floor":24,"key":"Strawberry"},{"floor":26,"key":"Omamori"}],"event_choices":[{"damage_healed":0,"gold_gain":100,"player_choice":"Pray","damage_taken":0,"max_hp_gain":0,"max_hp_loss":0,"event_name":"Golden Shrine","floor":4,"gold_loss":0},{"damage_healed":0,"gold_gain":0,"player_choice":"Take Damage","damage_taken":20,"relics_obtained":["Golden Idol"],"max_hp_gain":0,"max_hp_loss":0,"event_name":"Golden Idol","floor":7,"gold_loss":0},{"damage_healed":0,"gold_gain":0,"player_choice":"Ignored","damage_taken":0,"max_hp_gain":0,"max_hp_loss":0,"event_name":"Transmorgrifier","floor":20,"gold_loss":0}],"is_beta":false,"boss_relics":[{"not_picked":["Mark of Pain","Cursed Key"],"picked":"Busted Crown"}],"items_purged_floors":[21],"is_endless":false,"potions_floor_spawned":[2,3,10,16,22,27],"killed_by":"Centurion and Healer","ascension_level":7}}