{"host":"873t0y8ybyo38pfq","time":1609601071,"event":{"mods":["BaseMod","Bestiary","Colored Map","Colored Powertips","Highlight Path","Minty Spire (QoL Compilation)","Quick Restart","RNG Fix","Rare Cards Sparkle","Relic Stats","StSLib"],"gold_per_floor":[110,30,30,40,55,55,81,81,106,139,151,162,179,14,14,88,88,105,105,105,105,105],"floor_reached":21,"playtime":898,"items_purged":["Strike_B"],"score":403,"play_id":"fb200ab7-09f4-49c8-b4d6-bf23ccd6fd45","local_time":"20210102102431","is_ascension_mode":true,"campfire_choices":[{"data":"Zap","floor":6,"key":"SMITH"},{"data":"Dualcast","floor":8,"key":"SMITH"},{"data":"Capacitor","floor":15,"key":"SMITH"}],"circlet_count":0,"master_deck":["AscendersBane","Defend_B","Defend_B","Defend_B","Zap+1","Dualcast+1","Coolheaded","Glacier","Streamline","Static Discharge","Capacitor+1","Compile Driver","Lockon","Glacier","Echo Form","Bite","Bite","Bite","Bite","Bite"],"relics":["Cracked Core","Potion Belt","Toy Ornithopter","Bag of Marbles","MealTicket","Black Star"],"acts_visited":["Exordium","TheCity"],"potions_floor_usage":[7,10,13,16,18,21],"damage_taken":[{"damage":4,"enemies":"Small Slimes","floor":1,"turns":4},{"damage":0,"enemies":"Cultist","floor":4,"turns":3},{"damage":1,"enemies":"Jaw Worm","floor":5,"turns":4},{"damage":32,"enemies":"Gremlin Nob","floor":7,"turns":4},{"damage":17,"enemies":"3 Sentries","floor":10,"turns":7},{"damage":3,"enemies":"Large Slime","floor":11,"turns":5},{"damage":6,"enemies":"Looter","floor":12,"turns":3},{"damage":5,"enemies":"Gremlin Gang","floor":13,"turns":5},{"damage":14,"enemies":"Hexaghost","floor":16,"turns":12},{"damage":54,"enemies":"3 Byrds","floor":18,"turns":7},{"damage":17,"enemies":"Chosen","floor":21,"turns":3}],"seed_played":"3390769782917890460","potions_obtained":[{"floor":5,"key":"PowerPotion"},{"floor":7,"key":"LiquidBronze"},{"floor":11,"key":"PowerPotion"},{"floor":12,"key":"DuplicationPotion"},{"floor":13,"key":"Ancient Potion"},{"floor":18,"key":"DuplicationPotion"}],"is_trial":false,"path_per_floor":["M","?","?","M","M","R","E","R","T","E","M","M","M","$","R","B",null,"M","?","?","M"],"character_chosen":"DEFECT","items_purchased":["Glacier"],"campfire_rested":0,"item_purchase_floors":[14],"current_hp_per_floor":[60,60,55,55,54,54,27,27,27,15,12,6,6,21,21,12,51,2,2,2,0,0],"gold":105,"neow_bonus":"REMOVE_TWO","is_daily":false,"chose_seed":false,"campfire_upgraded":3,"win_rate":0.0,"timestamp":1609601071,"path_taken":["M","?","?","M","M","R","E","R","T","E","?","M","M","$","R","BOSS","M","?","?","M"],"items_purchased_type":["Card"],"build_version":"2020-12-22","purchased_purges":1,"victory":false,"max_hp_per_floor":[64,64,64,64,64,64,64,64,64,64,64,64,64,64,64,64,64,64,64,44,44,44],"relic_stats":{"counters":[11,57],"MealTicket":15,"Black Star":0,"obtain_stats":[{"Potion Belt":2,"MealTicket":10,"Bag of Marbles":7,"Black Star":17,"Cracked Core":0,"Toy Ornithopter":3},{"Potion Belt":1,"MealTicket":5,"Bag of Marbles":4,"Black Star":9,"Cracked Core":0,"Toy Ornithopter":1},{"Potion Belt":4,"MealTicket":22,"Bag of Marbles":15,"Black Star":47,"Cracked Core":0,"Toy Ornithopter":4}],"Toy Ornithopter":30},"card_choices":[{"not_picked":["Hologram","Steam Power"],"picked":"Coolheaded","floor":1},{"not_picked":["Cold Snap","Blizzard"],"picked":"Glacier","floor":4},{"not_picked":["Steam","Multi-Cast"],"picked":"Streamline","floor":5},{"not_picked":["Consume","Tempest"],"picked":"Static Discharge","floor":7},{"not_picked":["Fusion","Beam Cell","Rip and Tear"],"picked":"SKIP","floor":10},{"not_picked":["Double Energy","Rebound"],"picked":"Capacitor","floor":11},{"not_picked":["Gash","Ball Lightning"],"picked":"Compile Driver","floor":12},{"not_picked":["White Noise","Beam Cell"],"picked":"Lockon","floor":13},{"not_picked":["Machine Learning","Fission"],"picked":"Echo Form","floor":16},{"not_picked":["Sunder","Recycle","Compile Driver"],"picked":"SKIP","floor":18}],"player_experience":1480538,"relics_obtained":[{"floor":7,"key":"Bag of Marbles"},{"floor":10,"key":"MealTicket"}],"event_choices":[{"damage_healed":0,"gold_gain":0,"player_choice":"Paid Gold","damage_taken":0,"relics_obtained":["Potion Belt"],"max_hp_gain":0,"max_hp_loss":0,"event_name":"WeMeetAgain","floor":2,"gold_loss":80},{"damage_healed":0,"gold_gain":0,"player_choice":"Success","damage_taken":5,"relics_obtained":["Toy Ornithopter"],"max_hp_gain":0,"max_hp_loss":0,"event_name":"Scrap Ooze","floor":3,"gold_loss":0},{"damage_healed":0,"gold_gain":0,"player_choice":"Ignored","damage_taken":0,"max_hp_gain":0,"max_hp_loss":0,"event_name":"The Mausoleum","floor":19,"gold_loss":0},{"damage_healed":0,"gold_gain":0,"player_choice":"Became a vampire","damage_taken":0,"max_hp_gain":0,"max_hp_loss":20,"event_name":"Vampires","floor":20,"gold_loss":0,"cards_obtained":["Bite","Bite","Bite","Bite","Bite"]}],"is_beta":false,"boss_relics":[{"not_picked":["Tiny House","Sozu"],"picked":"Black Star"}],"items_purged_floors":[14],"is_endless":false,"potions_floor_spawned":[5,7,11,12,13,18],"killed_by":"Chosen","ascension_level":20}}