{"host":"ac6e1xz8pi3qqstb","time":1609584486,"event":{"mods":["BaseMod","Minty Spire (QoL Compilation)","MostiFishMod","Relic Stats","Replay The Spire","StSLib","[IsaacMod]ÒÔÈö¼âËþ","¡¾ÒÅÎï¿¨ÅÆ¡¿REMEMod"],"gold_per_floor":[112,287,119,133,147,147,167,167,167,167,167,181,196,209,209,209,209],"floor_reached":16,"playtime":563,"items_purged":["Doubt"],"score":94,"play_id":"2666ae54-0dcc-4983-8034-f9f9f2408ff5","local_time":"20210102184806","is_ascension_mode":false,"campfire_choices":[{"data":"Hello World","floor":6,"key":"SMITH"},{"data":"Stack","floor":11,"key":"SMITH"},{"data":"Buffer","floor":15,"key":"SMITH"}],"circlet_count":0,"master_deck":["Strike_B+1","Strike_B","Strike_B+1","Strike_B","Defend_B","Defend_B","Defend_B","Defend_B","Zap","Dualcast","REME_BuildACard","Steam","Stack+1","Hello World+1","Defragment","Double Energy","Parasite","MostiFishMod:ReprogramOld","Buffer+1"],"relics":["DaveBox","REME_ComplimentaryCards","HushsDoor","HaiYi:Twilight","Damocles","ThornShield","Onion Ring","SynthV:TestCard","Molten Egg 2","Replay:WaspNest","TuHaoJin","Garlic","Bottled Tornado","REME_PuzzleBoxRelic","Blood Vial"],"acts_visited":["Exordium"],"potions_floor_usage":[16],"damage_taken":[{"damage":6,"enemies":"Jaw Worm","floor":1,"turns":4},{"damage":0,"enemies":"2 Louse","floor":4,"turns":2},{"damage":5,"enemies":"Cultist","floor":5,"turns":4},{"damage":7,"enemies":"Red Slaver","floor":7,"turns":4},{"damage":0,"enemies":"Exordium Wildlife","floor":12,"turns":3},{"damage":4,"enemies":"Blue Slaver","floor":13,"turns":3},{"damage":0,"enemies":"Large Slime","floor":14,"turns":3},{"damage":37,"enemies":"Fading Forest","floor":16,"turns":8}],"seed_played":"-2079653123420204336","potions_obtained":[{"floor":4,"key":"Elixir"},{"floor":12,"key":"Weak Potion"},{"floor":13,"key":"Fruit Juice"}],"is_trial":false,"path_per_floor":["M","?","$","M","M","R","M","?","T","?","R","M","M","M","R","B"],"character_chosen":"DEFECT","items_purchased":["Stack","Hello World"],"campfire_rested":0,"item_purchase_floors":[3,3],"current_hp_per_floor":[69,69,69,69,64,64,57,42,42,60,60,60,56,56,56,0,0],"gold":209,"neow_bonus":"BOSS_RELIC","is_daily":false,"chose_seed":false,"campfire_upgraded":3,"win_rate":0.0,"timestamp":1609584486,"path_taken":["M","?","$","?","M","R","M","?","T","?","R","?","M","M","R","BOSS"],"items_purchased_type":["Card","Card"],"build_version":"2020-12-22","purchased_purges":1,"victory":false,"max_hp_per_floor":[75,75,75,75,75,75,75,75,75,75,75,75,75,75,75,80,80],"relic_stats":{"Blood Vial":2,"counters":[8,31],"obtain_stats":[{"KeepersGift":0,"Damocles":0,"DaveBox":0,"Replay:WaspNest":5,"Bottled Tornado":12,"ThornShield":0,"Blood Vial":14,"SynthV:TestCard":1,"HaiYi:Twilight":0,"Onion Ring":1,"Molten Egg 2":4,"TuHaoJin":7,"Garlic":9,"REME_PuzzleBoxRelic":13,"Cracked Core":0,"HushsDoor":0,"REME_ComplimentaryCards":0},{"KeepersGift":0,"Damocles":0,"DaveBox":0,"Replay:WaspNest":3,"Bottled Tornado":5,"ThornShield":0,"Blood Vial":7,"SynthV:TestCard":1,"HaiYi:Twilight":0,"Onion Ring":1,"Molten Egg 2":2,"TuHaoJin":4,"Garlic":4,"REME_PuzzleBoxRelic":6,"Cracked Core":0,"HushsDoor":0,"REME_ComplimentaryCards":0},{"KeepersGift":0,"Damocles":0,"DaveBox":0,"Replay:WaspNest":10,"Bottled Tornado":17,"ThornShield":0,"Blood Vial":23,"SynthV:TestCard":4,"HaiYi:Twilight":0,"Onion Ring":4,"Molten Egg 2":6,"TuHaoJin":14,"Garlic":14,"REME_PuzzleBoxRelic":20,"Cracked Core":0,"HushsDoor":0,"REME_ComplimentaryCards":0}]},"card_choices":[{"not_picked":["Heatsinks","MostiFishMod:PushDownKick"],"picked":"Steam","floor":1},{"not_picked":["MostiFishMod:PushDownKick+1","Gash+1","Turbo","Redo"],"picked":"Defragment","floor":4},{"not_picked":["REME_SelfUpgrade","Fusion","Barrage+1","Cancel"],"picked":"Double Energy","floor":5},{"not_picked":["REME_Compress","Time Bomb","Distribution","Rip and Tear+1","Rebound+1"],"picked":"SKIP","floor":7},{"not_picked":["Defragment","Ball Lightning+1","Rebound+1","Bomb"],"picked":"MostiFishMod:ReprogramOld","floor":12},{"not_picked":["MostiFishMod:FluxCapactior","Cold Snap+1","Redo","Gash+1"],"picked":"Buffer","floor":13},{"not_picked":["ReplayTheSpireMod:GoodbyeWorld","Doom and Gloom+1","Reprogram","Gash+1","Melter+1"],"picked":"SKIP","floor":14}],"player_experience":402440,"relics_obtained":[{"floor":1,"key":"Onion Ring"},{"floor":1,"key":"SynthV:TestCard"},{"floor":4,"key":"Molten Egg 2"},{"floor":5,"key":"Replay:WaspNest"},{"floor":7,"key":"TuHaoJin"},{"floor":9,"key":"Garlic"},{"floor":12,"key":"Bottled Tornado"},{"floor":13,"key":"REME_PuzzleBoxRelic"},{"floor":14,"key":"Blood Vial"}],"event_choices":[{"damage_healed":0,"gold_gain":175,"player_choice":"AGREE","damage_taken":0,"max_hp_gain":0,"max_hp_loss":0,"event_name":"Liars Game","floor":2,"gold_loss":0,"cards_obtained":["Doubt"]},{"damage_healed":0,"gold_gain":0,"player_choice":"Entered Light","damage_taken":15,"max_hp_gain":0,"max_hp_loss":0,"event_name":"Shining Light","floor":8,"gold_loss":0,"cards_upgraded":["Strike_B","Strike_B"]},{"damage_healed":18,"gold_gain":0,"player_choice":"Healed and dodged fight","damage_taken":0,"max_hp_gain":0,"max_hp_loss":0,"event_name":"Mushrooms","floor":10,"gold_loss":0,"cards_obtained":["Parasite"]}],"is_beta":false,"boss_relics":[],"items_purged_floors":[3],"is_endless":false,"potions_floor_spawned":[4,12,13,14],"killed_by":"Fading Forest","ascension_level":0}}