{"host":"idf7jkg8jogr8thm","time":1609587329,"event":{"mods":["AchievementEnabler","BaseMod","Colored Map","Colored Powertips","Minty Spire (QoL Compilation)","StSLib"],"gold_per_floor":[113,188,153,172,172,205,205,224,251,251,277,37,48,23,23,128,128,147,147,158,158,158],"floor_reached":21,"playtime":1257,"items_purged":[],"score":223,"play_id":"36cb1859-0363-4764-b70d-325ecc4d84df","local_time":"20210102063529","is_ascension_mode":true,"campfire_choices":[{"floor":7,"key":"RECALL"},{"floor":15,"key":"REST"}],"circlet_count":0,"master_deck":["Strike_B","Strike_B","Strike_B","Strike_B","Defend_B","Defend_B","Defend_B","Defend_B","Zap","Dualcast","Chaos","Cold Snap","Rebound","Zap","Capacitor","Conserve Battery","Fusion","Defragment","Hello World","Streamline","Doom and Gloom","Conserve Battery","Creative AI","Undo","Chaos","Stack"],"relics":["Cracked Core","NeowsBlessing","Orichalcum","Eternal Feather","Membership Card","Inserter"],"acts_visited":["Exordium","TheCity"],"potions_floor_usage":[11,13,20],"damage_taken":[{"damage":0,"enemies":"Small Slimes","floor":1,"turns":1},{"damage":0,"enemies":"Jaw Worm","floor":4,"turns":1},{"damage":0,"enemies":"Lagavulin","floor":6,"turns":1},{"damage":0,"enemies":"2 Louse","floor":8,"turns":2},{"damage":24,"enemies":"Gremlin Nob","floor":11,"turns":5},{"damage":43,"enemies":"Gremlin Gang","floor":13,"turns":4},{"damage":32,"enemies":"Slime Boss","floor":16,"turns":9},{"damage":13,"enemies":"Chosen","floor":18,"turns":6},{"damage":44,"enemies":"3 Byrds","floor":20,"turns":7},{"damage":18,"enemies":"Snake Plant","floor":21,"turns":3}],"seed_played":"-6412882177975519411","potions_obtained":[{"floor":1,"key":"Regen Potion"},{"floor":6,"key":"AttackPotion"},{"floor":11,"key":"Ancient Potion"}],"is_trial":false,"path_per_floor":["M","?","?","M","?","E","R","M","T","?","E","$","M","$","R","B",null,"M","?","M","M"],"character_chosen":"DEFECT","items_purchased":["Membership Card","Hello World","Streamline","Doom and Gloom","PowerPotion"],"campfire_rested":1,"item_purchase_floors":[12,12,12,12,14],"current_hp_per_floor":[75,64,75,75,75,75,75,75,75,75,60,60,17,17,51,19,75,62,62,18,0,0],"gold":158,"neow_bonus":"THREE_ENEMY_KILL","is_daily":false,"chose_seed":false,"campfire_upgraded":0,"win_rate":0.0,"timestamp":1609587329,"path_taken":["M","?","?","?","?","E","R","?","T","?","E","$","M","$","R","BOSS","M","?","M","M"],"items_purchased_type":["Relic","Card","Card","Card","Potion"],"build_version":"2020-12-22","purchased_purges":0,"victory":false,"max_hp_per_floor":[75,75,75,75,75,75,75,75,75,75,75,75,75,75,75,75,75,75,75,75,75,75],"card_choices":[{"not_picked":["Melter","Glacier"],"picked":"Chaos","floor":1},{"not_picked":["Conserve Battery","Glacier"],"picked":"Cold Snap","floor":4},{"not_picked":["Lockon","Streamline"],"picked":"Conserve Battery","floor":6},{"not_picked":["Doom and Gloom","Gash"],"picked":"Fusion","floor":8},{"not_picked":["Storm","Go for the Eyes"],"picked":"Defragment","floor":11},{"not_picked":["Buffer","Ball Lightning"],"picked":"Conserve Battery","floor":13},{"not_picked":["Fission","Reboot"],"picked":"Creative AI","floor":16},{"not_picked":["Storm","Rebound"],"picked":"Undo","floor":18},{"not_picked":["Coolheaded","Compile Driver"],"picked":"Stack","floor":20}],"player_experience":70823,"relics_obtained":[{"floor":6,"key":"Orichalcum"},{"floor":11,"key":"Eternal Feather"}],"event_choices":[{"damage_healed":0,"gold_gain":75,"player_choice":"Gather Gold","damage_taken":11,"max_hp_gain":0,"max_hp_loss":0,"event_name":"World of Goop","floor":2,"gold_loss":0},{"damage_healed":18,"gold_gain":0,"player_choice":"Healed","damage_taken":0,"max_hp_gain":0,"max_hp_loss":0,"event_name":"The Cleric","floor":3,"gold_loss":35},{"damage_healed":0,"gold_gain":0,"player_choice":"3 cards matched","damage_taken":0,"max_hp_gain":0,"max_hp_loss":0,"event_name":"Match and Keep!","floor":5,"gold_loss":0,"cards_obtained":["Rebound","Zap","Capacitor"]},{"damage_healed":0,"gold_gain":0,"player_choice":"Ignored","damage_taken":0,"max_hp_gain":0,"max_hp_loss":0,"event_name":"Golden Wing","floor":10,"gold_loss":0},{"damage_healed":0,"gold_gain":0,"player_choice":"Copied","damage_taken":0,"max_hp_gain":0,"max_hp_loss":0,"event_name":"Duplicator","floor":19,"gold_loss":0,"cards_obtained":["Chaos"]}],"is_beta":false,"boss_relics":[{"not_picked":["Tiny House","Calling Bell"],"picked":"Inserter"}],"items_purged_floors":[],"is_endless":false,"potions_floor_spawned":[1,6,11],"killed_by":"Snake Plant","ascension_level":1}}