{"host":"06rryluxft509x3v","time":1609557357,"event":{"mods":["Act Like it!","Aspiration","BaseMod","Conspire","Downfall","Energized Spire","Friendly Minions","Gensokyo","GifTheSpireLib","GungeonMod","Halation","Hallownest","Hubris","Infinite Spire","KinomotoSakuraMod(–Ø”V–{?)","Lobotomy","LobotomyExtend","Minty Spire (QoL Compilation)","Prisma Mod","Random Character Button","Replay The Spire","Spikes Relics","StSLib","Stuff the Spire","The Jungle"],"gold_per_floor":[113,128,8,21,34,34,34,52,52,82,57,57,57,82,82,82,82],"floor_reached":16,"playtime":969,"items_purged":["ClowCardTheSword"],"score":124,"play_id":"2b59c6f2-feaa-4bc6-90a6-ea25b7218205","local_time":"20210101231557","is_ascension_mode":true,"campfire_choices":[{"data":"ClowCardTheFlower","floor":6,"key":"SMITH"},{"floor":12,"key":"REST"},{"data":"ClowCardTheShot","floor":15,"key":"SMITH"}],"circlet_count":0,"master_deck":["SakuraCardTheSword+","ClowCardTheSword","ClowCardTheSword","ClowCardTheShield","ClowCardTheShield","ClowCardTheShield","ClowCardTheShield","SpellCardSeal","SpellCardRelease","ClowCardTheSand","ClowCardTheShot+1","ClowCardTheGlow","ClowCardTheFlower+1","ClowCardTheWood","ClowCardTheSand","ClowCardTheWood"],"relics":["KSMOD_SealedBook","KSMOD_SealedWand","aspiration:Nostalgia","DemoMod:Dog","LetterFromLob","Eternal Feather","DemoMod:PoisonVial","Snack Pack"],"acts_visited":["Hallownest:Greenpath"],"potions_floor_usage":[14,16,16],"damage_taken":[{"damage":1,"enemies":"Hallownest:monsterHuskWarrior","floor":1,"turns":3},{"damage":6,"enemies":"2_ Uuma","floor":2,"turns":4},{"damage":5,"enemies":"Hallownest:2_Baldur","floor":4,"turns":3},{"damage":10,"enemies":"Hallownest:Guard_and_Warrior","floor":5,"turns":6},{"damage":7,"enemies":"Hallownest:monsterFoolEater","floor":8,"turns":2},{"damage":20,"enemies":"Hallownest:eliteMossKnight","floor":10,"turns":6},{"damage":11,"enemies":"Hallownest:eliteCrystalGuardian","floor":14,"turns":4},{"damage":90,"enemies":"Hallownest:BossHornet","floor":16,"turns":4}],"seed_played":"9175676353421989830","potions_obtained":[{"floor":1,"key":"Ancient Potion"},{"floor":2,"key":"Reflective Coating"},{"floor":5,"key":"Toxic Potion"}],"is_trial":false,"path_per_floor":["M","M","$","M","M","R","E","M","T","E","$","R","?","E","R","B"],"character_chosen":"KINOMOTOSAKURA","items_purchased":["ClowCardTheShot","ClowCardTheWood"],"campfire_rested":1,"item_purchase_floors":[3,11],"current_hp_per_floor":[69,63,63,58,48,48,48,41,41,21,21,51,58,47,56,0,0],"gold":82,"neow_bonus":"NOSTALGIA","is_daily":false,"chose_seed":false,"campfire_upgraded":2,"win_rate":0.0,"timestamp":1609557357,"path_taken":["M","M","$","M","M","R","E","M","T","E","$","R","?","E","R","BOSS"],"items_purchased_type":["Card","Card"],"build_version":"2020-12-22","purchased_purges":1,"victory":false,"max_hp_per_floor":[70,70,70,70,70,70,70,70,70,70,70,70,70,70,70,70,70],"card_choices":[{"not_picked":["ClowCardTheFly","ClowCardTheCloud","ClowCardTheSilent"],"picked":"SKIP","floor":1},{"not_picked":["ClowCardTheSnow","ClowCardTheMist"],"picked":"ClowCardTheSand","floor":2},{"not_picked":["ClowCardTheFight","ClowCardTheSong"],"picked":"ClowCardTheGlow","floor":4},{"not_picked":["ClowCardTheShot","ClowCardTheWood"],"picked":"ClowCardTheFlower","floor":5},{"not_picked":["ClowCardTheMaze","ClowCardTheFloat"],"picked":"ClowCardTheWood","floor":8},{"not_picked":["ClowCardTheBubbles","ClowCardTheFreeze"],"picked":"ClowCardTheSand","floor":10},{"not_picked":["ClowCardTheSleep","ClowCardTheFly","ClowCardTheArrow"],"picked":"SKIP","floor":14}],"player_experience":268484,"relics_obtained":[{"floor":1,"key":"LetterFromLob"},{"floor":9,"key":"Eternal Feather"},{"floor":10,"key":"DemoMod:PoisonVial"},{"floor":14,"key":"Snack Pack"}],"event_choices":[],"is_beta":false,"boss_relics":[],"items_purged_floors":[3],"is_endless":false,"potions_floor_spawned":[1,2,5],"killed_by":"Hallownest:BossHornet","ascension_level":3}}