{"host":"kdt6w7ix8lwe69i9","time":1609562015,"event":{"mods":["Bartender","BaseMod","ChefMod","Downfall","Fiend Mod","Jorbs\u0027s Wanderer Trilogy","Minty Spire (QoL Compilation)","Reimu（博丽灵梦）","Robot Space Explorer","StSLib","The Cursed","The Disciple","The Dragon Tamer","The Druid","The Elementalist","The Forsaken","The Gatherer","The Judge","The Marked","TheBandit"],"gold_per_floor":[118,135,135,135,11,43,93,93,93,106,131,145,164,241,241,337,337,347,357,357,369,369,369,381,398,398,417,417,437,447,466,466,566,566,583,633,652,652,662,662,697,697,697,707,722,770,870,923,923,923,923],"floor_reached":50,"playtime":4576,"items_purged":[],"score":563,"play_id":"20d3853e-f2e3-4007-9251-a46c72309885","local_time":"20210101233335","is_ascension_mode":false,"campfire_choices":[{"floor":8,"key":"REST"},{"floor":15,"key":"REST"},{"floor":23,"key":"REST"},{"floor":32,"key":"REST"},{"floor":40,"key":"RECALL"},{"floor":49,"key":"REST"}],"circlet_count":0,"master_deck":["RobotSpaceExplorer:Strike","RobotSpaceExplorer:Strike","RobotSpaceExplorer:Defend+1","RobotSpaceExplorer:Defend","RobotSpaceExplorer:Defend","RobotSpaceExplorer:Scan","RobotSpaceExplorer:MiniLasers","RobotSpaceExplorer:Discharger+1","RobotSpaceExplorer:Reload+1","RobotSpaceExplorer:FranticSearch+1","RobotSpaceExplorer:Probe+1","RobotSpaceExplorer:ImprovisedAttack","expansioncontent:DefensiveStance","RobotSpaceExplorer:StarLightning","RobotSpaceExplorer:MiniBoosters","RobotSpaceExplorer:MiniBoosters","RobotSpaceExplorer:SlimeMissile+1","RobotSpaceExplorer:Autoloader","RobotSpaceExplorer:Probe+1","RobotSpaceExplorer:HighVoltage","RobotSpaceExplorer:MiniDrones+1","RobotSpaceExplorer:PlasmaMissile+1","RobotSpaceExplorer:MiniDrones+1","Necronomicurse","RobotSpaceExplorer:ScrapMissile+1","RobotSpaceExplorer:Autoloader","RobotSpaceExplorer:LaserBurst+1","RobotSpaceExplorer:ScrapMissile+1","RobotSpaceExplorer:Pulsar+1","RobotSpaceExplorer:DualCore+1","RobotSpaceExplorer:Pulsar+1","RobotSpaceExplorer:Multitool","CurseOfTheBell","RobotSpaceExplorer:LuckyStrike+1","RobotSpaceExplorer:ShovelStrike+1","RobotSpaceExplorer:MetalStrike+1","RobotSpaceExplorer:Electropulse","RobotSpaceExplorer:Ammunition+1","RobotSpaceExplorer:Reload","RobotSpaceExplorer:Comet","RobotSpaceExplorer:FranticSearch+1","RobotSpaceExplorer:PlasmaMissile+1"],"relics":["Astrolabe","Mango","theForsaken:HumbleEgg","RobotSpaceExplorer:PlasmaHourglass","Oddly Smooth Stone","Kunai","Philosopher\u0027s Stone","Potion Belt","Necronomicon","Dream Catcher","Calling Bell","Tiny Chest","HornCleat","WingedGreaves","RobotSpaceExplorer:ToughPlating","PureWhite:ReiMu","Mercury Hourglass","Pocketwatch","Centennial Puzzle"],"acts_visited":["Exordium","TheCity","TheBeyond"],"potions_floor_usage":[16,18,19,29,33,33,38,39,41,41,44,46],"damage_taken":[{"damage":10,"enemies":"2 Louse","floor":1,"turns":3},{"damage":2,"enemies":"Jaw Worm","floor":2,"turns":5},{"damage":16,"enemies":"Lagavulin","floor":6,"turns":9},{"damage":0,"enemies":"Cultist","floor":10,"turns":3},{"damage":15,"enemies":"3 Sentries","floor":11,"turns":7},{"damage":14,"enemies":"Exordium Wildlife","floor":12,"turns":4},{"damage":12,"enemies":"Blue Slaver","floor":13,"turns":3},{"damage":19,"enemies":"Hexaghost","floor":16,"turns":9},{"damage":20,"enemies":"3 Byrds","floor":18,"turns":3},{"damage":24,"enemies":"2 Thieves","floor":19,"turns":3},{"damage":0,"enemies":"Centurion and Healer","floor":21,"turns":5},{"damage":28,"enemies":"Snake Plant","floor":24,"turns":4},{"damage":8,"enemies":"Snecko","floor":25,"turns":5},{"damage":0,"enemies":"3 Cultists","floor":27,"turns":4},{"damage":9,"enemies":"Snake Plant","floor":29,"turns":5},{"damage":0,"enemies":"Snecko","floor":30,"turns":3},{"damage":0,"enemies":"Cultist and Chosen","floor":31,"turns":4},{"damage":9,"enemies":"Champ","floor":33,"turns":4},{"damage":0,"enemies":"3 Darklings","floor":35,"turns":4},{"damage":0,"enemies":"Mind Bloom Boss Battle","floor":36,"turns":5},{"damage":10,"enemies":"3 Shapes","floor":37,"turns":2},{"damage":7,"enemies":"Spire Growth","floor":39,"turns":6},{"damage":19,"enemies":"Nemesis","floor":41,"turns":4},{"damage":13,"enemies":"3 Darklings","floor":44,"turns":2},{"damage":12,"enemies":"Sphere and 2 Shapes","floor":45,"turns":4},{"damage":11,"enemies":"2 Orb Walkers","floor":46,"turns":3},{"damage":58,"enemies":"Time Eater","floor":50,"turns":4}],"seed_played":"-8105936978847279098","potions_obtained":[{"floor":2,"key":"Ancient Potion"},{"floor":6,"key":"SpeedPotion"},{"floor":16,"key":"Fire Potion"},{"floor":18,"key":"RobotSpaceExplorer:PlasmaFlask"},{"floor":24,"key":"Block Potion"},{"floor":30,"key":"DuplicationPotion"},{"floor":31,"key":"hexamod:EctoCoolerPotion"},{"floor":37,"key":"PowerPotion"},{"floor":38,"key":"Fruit Juice"},{"floor":38,"key":"RobotSpaceExplorer:PlasmaFlask"},{"floor":38,"key":"sneckomod:MuddlingPotion"},{"floor":41,"key":"Energy Potion"},{"floor":45,"key":"Energy Potion"},{"floor":46,"key":"PowerPotion"}],"is_trial":false,"path_per_floor":["M","M","?","?","$","E","?","R","T","M","E","M","M","T","R","B",null,"M","M","?","M","?","R","M","M","T","M","?","M","M","M","R","B",null,"M","?","M","?","M","R","E","T","T","M","M","?","?","T","R","B"],"character_chosen":"RobotSpaceExplorer","items_purchased":["expansioncontent:DefensiveStance","RobotSpaceExplorer:StarLightning"],"campfire_rested":5,"item_purchase_floors":[5,5],"current_hp_per_floor":[65,63,48,59,59,43,43,69,69,69,54,40,28,28,54,35,89,69,45,45,45,29,55,27,19,19,19,19,10,10,10,36,27,89,89,89,79,84,77,77,58,58,58,45,33,22,22,22,50,0,0],"gold":923,"neow_bonus":"BOSS_RELIC","is_daily":false,"chose_seed":false,"campfire_upgraded":0,"win_rate":0.0,"timestamp":1609562015,"path_taken":["M","M","?","?","$","E","?","R","T","?","E","?","M","?","R","BOSS","M","M","?","?","?","R","M","M","T","M","?","M","M","M","R","BOSS","M","?","M","?","?","R","E","?","T","?","M","?","?","?","R","BOSS"],"items_purchased_type":["Card","Card"],"build_version":"2020-12-22","purchased_purges":0,"victory":false,"max_hp_per_floor":[75,75,75,89,89,89,89,89,89,89,89,89,89,89,89,89,89,89,89,89,89,89,89,89,89,89,89,89,89,89,89,89,89,89,89,89,89,94,94,94,94,94,94,94,94,94,94,94,94,94,94],"card_choices":[{"not_picked":["RobotSpaceExplorer:SurgingStrike","RobotSpaceExplorer:ShovelStrike"],"picked":"RobotSpaceExplorer:Probe","floor":1},{"not_picked":["RobotSpaceExplorer:ShovelStrike","RobotSpaceExplorer:ScrapShield"],"picked":"RobotSpaceExplorer:ImprovisedAttack","floor":2},{"not_picked":["RobotSpaceExplorer:StarDust","RobotSpaceExplorer:ShovelStrike+1"],"picked":"RobotSpaceExplorer:MiniBoosters","floor":6},{"not_picked":["RobotSpaceExplorer:ScrapToss","RobotSpaceExplorer:MetalStrike+1"],"picked":"RobotSpaceExplorer:MiniBoosters","floor":10},{"not_picked":["RobotSpaceExplorer:Counterblock+1","RobotSpaceExplorer:Ammunition+1"],"picked":"RobotSpaceExplorer:SlimeMissile+1","floor":11},{"not_picked":["RobotSpaceExplorer:ShovelStrike+1","RobotSpaceExplorer:SwiftStep+1"],"picked":"RobotSpaceExplorer:Autoloader","floor":12},{"not_picked":["RobotSpaceExplorer:FreezingShield","RobotSpaceExplorer:Calculate"],"picked":"RobotSpaceExplorer:Probe+1","floor":13},{"not_picked":["RobotSpaceExplorer:Scanner","RobotSpaceExplorer:Explosion"],"picked":"RobotSpaceExplorer:HighVoltage","floor":16},{"not_picked":["RobotSpaceExplorer:Fix","RobotSpaceExplorer:LaserBurst"],"picked":"RobotSpaceExplorer:MiniDrones+1","floor":18},{"not_picked":["RobotSpaceExplorer:Pulsar+1","RobotSpaceExplorer:FrostMissile+1"],"picked":"RobotSpaceExplorer:PlasmaMissile+1","floor":19},{"not_picked":["RobotSpaceExplorer:Probe+1","RobotSpaceExplorer:SurgingShield+1"],"picked":"RobotSpaceExplorer:MiniDrones+1","floor":21},{"not_picked":["RobotSpaceExplorer:StarLightning","RobotSpaceExplorer:MetalStrike+1"],"picked":"RobotSpaceExplorer:ScrapMissile+1","floor":24},{"not_picked":["RobotSpaceExplorer:ImprovisedAttack+1","RobotSpaceExplorer:StunGrenade+1"],"picked":"RobotSpaceExplorer:Autoloader","floor":25},{"not_picked":["RobotSpaceExplorer:IronShell","RobotSpaceExplorer:GlueShot+1"],"picked":"RobotSpaceExplorer:LaserBurst+1","floor":27},{"not_picked":["RobotSpaceExplorer:DualCore","RobotSpaceExplorer:Pulsar+1"],"picked":"RobotSpaceExplorer:ScrapMissile+1","floor":29},{"not_picked":["RobotSpaceExplorer:GlueSpray","RobotSpaceExplorer:MetalStrike+1"],"picked":"RobotSpaceExplorer:Pulsar+1","floor":30},{"not_picked":["RobotSpaceExplorer:ShockKick+1","RobotSpaceExplorer:GlueShot+1"],"picked":"RobotSpaceExplorer:DualCore+1","floor":31},{"not_picked":["RobotSpaceExplorer:SwiftStep+1","RobotSpaceExplorer:ShovelStrike+1"],"picked":"RobotSpaceExplorer:Pulsar+1","floor":32},{"not_picked":["RobotSpaceExplorer:Autoloader","RobotSpaceExplorer:Scanner"],"picked":"RobotSpaceExplorer:Multitool","floor":33},{"not_picked":["RobotSpaceExplorer:FreezeRay+1","RobotSpaceExplorer:Electroshield"],"picked":"RobotSpaceExplorer:LuckyStrike+1","floor":35},{"not_picked":["RobotSpaceExplorer:Counterblock+1","RobotSpaceExplorer:SurgingShield+1"],"picked":"RobotSpaceExplorer:ShovelStrike+1","floor":36},{"not_picked":["RobotSpaceExplorer:LaserBurst","RobotSpaceExplorer:SwiftStep+1"],"picked":"RobotSpaceExplorer:MetalStrike+1","floor":37},{"not_picked":["RobotSpaceExplorer:Counterblock+1","RobotSpaceExplorer:GlueSpray+1"],"picked":"RobotSpaceExplorer:Electropulse","floor":39},{"not_picked":["RobotSpaceExplorer:FrostMissile+1","RobotSpaceExplorer:Counterblock+1"],"picked":"RobotSpaceExplorer:Ammunition+1","floor":41},{"not_picked":["RobotSpaceExplorer:DualCore","RobotSpaceExplorer:ToxicBomb+1"],"picked":"RobotSpaceExplorer:Reload","floor":44},{"not_picked":["RobotSpaceExplorer:Counterblock+1","RobotSpaceExplorer:SlimeMissile+1"],"picked":"RobotSpaceExplorer:Comet","floor":45},{"not_picked":["RobotSpaceExplorer:Reload+1","RobotSpaceExplorer:GlueShot+1"],"picked":"RobotSpaceExplorer:FranticSearch+1","floor":46},{"not_picked":["RobotSpaceExplorer:ShockKick+1","RobotSpaceExplorer:FranticSearch+1"],"picked":"RobotSpaceExplorer:PlasmaMissile+1","floor":49}],"player_experience":1685490,"relics_obtained":[{"floor":6,"key":"theForsaken:HumbleEgg"},{"floor":9,"key":"RobotSpaceExplorer:PlasmaHourglass"},{"floor":11,"key":"Oddly Smooth Stone"},{"floor":14,"key":"Kunai"},{"floor":22,"key":"Necronomicon"},{"floor":26,"key":"Dream Catcher"},{"floor":34,"key":"Tiny Chest"},{"floor":34,"key":"HornCleat"},{"floor":34,"key":"WingedGreaves"},{"floor":36,"key":"RobotSpaceExplorer:ToughPlating"},{"floor":41,"key":"PureWhite:ReiMu"},{"floor":43,"key":"Mercury Hourglass"},{"floor":46,"key":"Pocketwatch"},{"floor":48,"key":"Centennial Puzzle"}],"event_choices":[{"damage_healed":0,"gold_gain":0,"player_choice":"Entered Light","damage_taken":15,"max_hp_gain":0,"max_hp_loss":0,"event_name":"Shining Light","floor":3,"gold_loss":0,"cards_upgraded":["RobotSpaceExplorer:Probe","RobotSpaceExplorer:Defend"]},{"damage_healed":0,"gold_gain":0,"player_choice":"Success","damage_taken":3,"relics_obtained":["Mango"],"max_hp_gain":0,"max_hp_loss":0,"event_name":"Scrap Ooze","floor":4,"gold_loss":0},{"damage_healed":0,"gold_gain":0,"player_choice":"Gave Potion","damage_taken":0,"relics_obtained":["Potion Belt"],"max_hp_gain":0,"max_hp_loss":0,"event_name":"WeMeetAgain","floor":20,"gold_loss":0},{"damage_healed":0,"gold_gain":0,"player_choice":"Obtained Book","damage_taken":16,"max_hp_gain":0,"max_hp_loss":0,"event_name":"Cursed Tome","floor":22,"gold_loss":0},{"damage_healed":0,"gold_gain":0,"player_choice":"Ignored","damage_taken":0,"max_hp_gain":0,"max_hp_loss":0,"event_name":"Beggar","floor":28,"gold_loss":0},{"damage_healed":0,"gold_gain":0,"player_choice":"Fight","damage_taken":0,"max_hp_gain":0,"max_hp_loss":0,"event_name":"MindBloom","floor":36,"gold_loss":0},{"damage_healed":0,"gold_gain":0,"player_choice":"Got Potions","damage_taken":0,"max_hp_gain":0,"max_hp_loss":0,"event_name":"Lab","floor":38,"gold_loss":0},{"damage_healed":0,"gold_gain":0,"player_choice":"Fight","damage_taken":0,"max_hp_gain":0,"max_hp_loss":0,"event_name":"Mysterious Sphere","floor":46,"gold_loss":0},{"damage_healed":0,"gold_gain":100,"player_choice":"Pray","damage_taken":0,"max_hp_gain":0,"max_hp_loss":0,"event_name":"Golden Shrine","floor":47,"gold_loss":0}],"is_beta":false,"boss_relics":[{"not_picked":["Runic Pyramid","SacredBark"],"picked":"Philosopher\u0027s Stone"},{"not_picked":["RobotSpaceExplorer:Reprocessor","Fiend:Scarf"],"picked":"Calling Bell"}],"items_purged_floors":[],"is_endless":false,"potions_floor_spawned":[2,6,16,18,24,30,31,37,41,45,46],"killed_by":"Time Eater","ascension_level":0}}