{"host":"emut9mh212kd9b86","time":1609572049,"event":{"mods":["ATMod(°¢èªMod)","Act Like it!","BaseMod","Better Vampires","Downfall","Koishi","KomeijiMod","Minty Spire (QoL Compilation)","MostiFishMod","Shop Mod","Spicy Shops","StSLib","TestMod","Waifu the Spire","noobMod","¡¾ÒÅÎï¿¨ÅÆ¡¿REMEMod"],"gold_per_floor":[160,170,181,581,599,626,626,656,656,676,601,631,65,65,81,176,176,176,193,209,225,32,132,132,163,163,233,248,301,312,362,381,486,486,486,498,548,561,611,639,718,751,762,779,797,813,847,286,305,305],"floor_reached":51,"playtime":2449,"items_purged":["Strike_Remiria","Strike_Remiria","MostiFishMod:FrostNova+1","Strike_Remiria","Defend_Remirira"],"score":1212,"play_id":"87abea34-5c77-418e-8ca3-348da28e78f2","local_time":"20210102152049","is_ascension_mode":true,"campfire_choices":[{"floor":1,"key":"RECALL"},{"data":"Absorbed","floor":11,"key":"SMITH"},{"data":"MostiFishMod:FrostNova","floor":18,"key":"SMITH"},{"data":"StigmaNizer","floor":26,"key":"SMITH"},{"data":"MostiFishMod:WinterMarkForm","floor":35,"key":"SMITH"}],"circlet_count":0,"master_deck":["Defend_Remirira","Defend_Remirira","Defend_Remirira","Absorbed+1","Scratch","Berserk+1","StigmaNizer","StigmaNizer+1","BloodCollect","MostiFishMod:WinterMarkForm+1","CurseofVladTepes"],"relics":["ThirstyCrossSpe","ice","DaveBox","AT_ATBox","REME_ComplimentaryCards","SynthV","testmod-IntensifyImprint","AT_EbonyIvory","Odd Mushroom","downfall:HeartBlessingRed","PreservedInsect","MerchantsRug","AT_ArcaneBoots","Bag of Preparation","FrostBlade","Happy Flower","Guardian:PocketSentry","Dodecahedron","downfall:CloakOfManyFaces","CultistMask","FaceOfCleric","NlothsMask","GremlinMask","SsserpentHead","Dream Catcher","Oddly Smooth Stone","ShadowXiaoBlade","AT_ImmortalShieldbow","testmod-Brilliant","AT_BellowingDragoncrestRing","Potion Belt","Centennial Puzzle"],"acts_visited":["Exordium","TheCity","TheBeyond"],"potions_floor_usage":[8,16],"damage_taken":[{"damage":0,"enemies":"2 Louse","floor":2,"turns":1},{"damage":0,"enemies":"Small Slimes","floor":3,"turns":2},{"damage":0,"enemies":"Cultist","floor":5,"turns":3},{"damage":3,"enemies":"3 Sentries","floor":6,"turns":3},{"damage":0,"enemies":"The Mushroom Lair","floor":8,"turns":2},{"damage":1,"enemies":"2 Fungi Beasts","floor":10,"turns":2},{"damage":0,"enemies":"Gremlin Nob","floor":12,"turns":2},{"damage":0,"enemies":"downfall:FleeingMerchant","floor":13,"turns":4},{"damage":0,"enemies":"3 Louse","floor":15,"turns":1},{"damage":32,"enemies":"downfall:Defect","floor":16,"turns":7},{"damage":0,"enemies":"Chosen","floor":19,"turns":1},{"damage":12,"enemies":"3 Byrds","floor":20,"turns":3},{"damage":6,"enemies":"Snake Plant","floor":21,"turns":3},{"damage":6,"enemies":"downfall:FleeingMerchant","floor":22,"turns":5},{"damage":0,"enemies":"downfall:FaceTrader","floor":23,"turns":2},{"damage":0,"enemies":"Slavers","floor":25,"turns":2},{"damage":0,"enemies":"Snecko","floor":27,"turns":3},{"damage":2,"enemies":"Centurion and Healer","floor":28,"turns":4},{"damage":10,"enemies":"Book of Stabbing","floor":29,"turns":5},{"damage":8,"enemies":"Cultist and Chosen","floor":30,"turns":3},{"damage":0,"enemies":"Snake Plant","floor":32,"turns":3},{"damage":5,"enemies":"downfall:Watcher","floor":33,"turns":3},{"damage":0,"enemies":"3 Darklings","floor":36,"turns":1},{"damage":16,"enemies":"3 Shapes","floor":38,"turns":1},{"damage":0,"enemies":"Nemesis","floor":40,"turns":2},{"damage":0,"enemies":"Reptomancer","floor":42,"turns":2},{"damage":0,"enemies":"Transient","floor":43,"turns":4},{"damage":0,"enemies":"Maw","floor":44,"turns":3},{"damage":0,"enemies":"Writhing Mass","floor":45,"turns":2},{"damage":0,"enemies":"Transient","floor":46,"turns":5},{"damage":1,"enemies":"Giant Head","floor":47,"turns":2},{"damage":1,"enemies":"Jaw Worm Horde","floor":49,"turns":2},{"damage":0,"enemies":"downfall:Ironclad","floor":50,"turns":3}],"seed_played":"-2622518329786609877","potions_obtained":[{"floor":2,"key":"SpeedPotion"},{"floor":8,"key":"testmod-SpacePotion"},{"floor":12,"key":"LiquidMemories"},{"floor":15,"key":"PowerPotion"},{"floor":16,"key":"hexamod:EctoCoolerPotion"},{"floor":19,"key":"AttackPotion"},{"floor":21,"key":"Explosive Potion"},{"floor":23,"key":"ColorlessPotion"},{"floor":25,"key":"Fire Potion"},{"floor":27,"key":"DuplicationPotion"},{"floor":32,"key":"LiquidBronze"},{"floor":49,"key":"Energy Potion"}],"is_trial":false,"path_per_floor":["R","M","M","?","M","E","T","?","?","M","R","E","$","?","M","B",null,"R","M","M","M","$","?","T","E","R","M","M","E","M","T","M","B",null,"R","M","?","M","?","E","T","E","M","M","M","M","E","$","M","B",null],"character_chosen":"RemiriaScarlet","items_purchased":["MerchantsRug","AT_SpeedBoots","Bag of Preparation","Happy Flower","Guardian:PocketSentry","Dodecahedron","Potion Belt","Centennial Puzzle","CurseofVladTepes"],"campfire_rested":0,"item_purchase_floors":[13,13,13,22,22,22,48,48,48],"current_hp_per_floor":[100,100,100,100,100,97,97,97,97,96,96,96,96,100,100,68,100,100,100,88,82,83,83,83,84,84,85,84,75,68,68,69,65,107,107,108,108,93,93,94,94,95,96,97,98,99,99,99,99,100],"gold":305,"neow_bonus":"THREE_CARDS","is_daily":false,"chose_seed":false,"campfire_upgraded":4,"win_rate":0.0,"timestamp":1609572049,"path_taken":["R","M","M","?","M","E","T","?","?","?","R","E","$","?","M","BOSS","R","M","M","M","$","?","T","E","R","?","M","E","M","?","M","BOSS","R","M","?","M","?","E","T","E","M","M","M","M","E","$","M","BOSS"],"items_purchased_type":["Relic","Relic","Relic","Relic","Relic","Relic","Relic","Relic","Card"],"build_version":"2020-12-22","purchased_purges":5,"victory":true,"max_hp_per_floor":[100,100,100,100,100,100,100,100,100,100,100,100,100,100,100,100,100,100,100,100,100,100,100,100,101,101,102,103,104,105,105,106,107,107,107,108,108,109,109,110,110,111,112,113,114,115,116,116,117,118],"card_choices":[{"not_picked":["PartStrengthen","YoungDemonLord"],"picked":"StigmaNizer","floor":0},{"not_picked":["Feint","Warpath","BodyStrengthen"],"picked":"SKIP","floor":2},{"not_picked":["Cripple","DamonLordCradle_Remiria","Warpath"],"picked":"SKIP","floor":3},{"not_picked":["CombatMeter","VampirishNight"],"picked":"StigmaNizer","floor":5},{"not_picked":["Offensive","QueenOfMidnight","FastHealing"],"picked":"SKIP","floor":6},{"not_picked":["VampireClaw","TrickFate","BloodSurge"],"picked":"SKIP","floor":10},{"not_picked":["Impregnable","BloodSurge"],"picked":"BloodCollect","floor":12},{"not_picked":["Feint","BloodCleaner","Tearing"],"picked":"SKIP","floor":13},{"not_picked":["BodyStrengthen","CurseofVladTepes","BloodCollect"],"picked":"SKIP","floor":15},{"not_picked":["VampireClaw","BodyStrengthen","Paradox"],"picked":"SKIP","floor":19},{"not_picked":["BloodySuit","VampirishNight","CruelSlaughter"],"picked":"SKIP","floor":20},{"not_picked":["DoubleEdge+1","NightDance","Offensive"],"picked":"SKIP","floor":21},{"not_picked":["BloodPact","SeparateFleshBlood","DoubleEdge"],"picked":"SKIP","floor":22},{"not_picked":["Feint","Culling","YoungDemonLord"],"picked":"SKIP","floor":25},{"not_picked":["LifeBreak","RocketKickup+1","DamonLordCradle_Remiria"],"picked":"SKIP","floor":27},{"not_picked":["RocketKickup","RemiliaStalker","TrickFate+1"],"picked":"SKIP","floor":28},{"not_picked":["RocketKickup","StigmaNizer+1","Warpath"],"picked":"SKIP","floor":29},{"not_picked":["BloodCleaner+1","CruelSlaughter","ServantFlier+1"],"picked":"SKIP","floor":30},{"not_picked":["ThirstForBlood","Culling","FierceSweep"],"picked":"SKIP","floor":32},{"not_picked":["Cripple","Warpath","TricksterDevil+1"],"picked":"SKIP","floor":36},{"not_picked":["CombatMeter","DamonLordCradle_Remiria","Cripple"],"picked":"SKIP","floor":38},{"not_picked":["StigmaNizer","Rewrite+1","Cripple+1"],"picked":"SKIP","floor":40},{"not_picked":["BloodCollect","StigmaNizer+1","TrickFate+1"],"picked":"SKIP","floor":42},{"not_picked":["Feint+1","BloodySuit+1","VampireClaw+1"],"picked":"SKIP","floor":43},{"not_picked":["ChainGang","PartStrengthen","Cripple"],"picked":"SKIP","floor":44},{"not_picked":["Cripple+1","StigmaNizer+1","BloodCleaner"],"picked":"SKIP","floor":45},{"not_picked":["RemiliaStalker","FateCollect+1","ThirstForBlood+1"],"picked":"SKIP","floor":46},{"not_picked":["LifeBreak+1","DemonsDinnerFork_Remiria+1","Cripple"],"picked":"SKIP","floor":47},{"not_picked":["StigmaNizer+1","Culling+1","Feint+1"],"picked":"SKIP","floor":49}],"player_experience":401701,"relics_obtained":[{"floor":6,"key":"testmod-Motorcycle"},{"floor":7,"key":"AT_EbonyIvory"},{"floor":8,"key":"Odd Mushroom"},{"floor":12,"key":"PreservedInsect"},{"floor":23,"key":"downfall:CloakOfManyFaces"},{"floor":25,"key":"Dream Catcher"},{"floor":29,"key":"Oddly Smooth Stone"},{"floor":40,"key":"AT_GuinsooRageblade"},{"floor":41,"key":"AT_ImmortalShieldbow"},{"floor":42,"key":"testmod-Brilliant"},{"floor":47,"key":"AT_BellowingDragoncrestRing"}],"event_choices":[{"damage_healed":0,"gold_gain":400,"player_choice":"Sell","damage_taken":0,"max_hp_gain":0,"max_hp_loss":0,"event_name":"¶÷ÂåË¹µÄÅÌ×Ó","floor":4,"relics_lost":["testmod-TestBox"],"gold_loss":0},{"damage_healed":0,"gold_gain":0,"player_choice":"Fought Mushrooms","damage_taken":0,"max_hp_gain":0,"max_hp_loss":0,"event_name":"Mushrooms","floor":8,"gold_loss":0},{"damage_healed":0,"gold_gain":0,"player_choice":"Upgraded","damage_taken":0,"max_hp_gain":0,"max_hp_loss":0,"event_name":"Upgrade Shrine","floor":9,"gold_loss":0,"cards_upgraded":["Berserk"]},{"cards_removed":["Strike_Remiria"],"damage_healed":0,"gold_gain":0,"player_choice":"Purged","damage_taken":0,"max_hp_gain":0,"max_hp_loss":0,"event_name":"Purifier","floor":39,"gold_loss":0}],"is_beta":false,"boss_relics":[{"not_picked":["JellyFishMachine","testmod-Nine"],"picked":"FrostBlade"},{"not_picked":["Snecko Eye","expansioncontent:StudyCardRelic"],"picked":"ShadowXiaoBlade"}],"items_purged_floors":[13,13,22,48,48],"is_endless":false,"potions_floor_spawned":[2,8,12,15,16,19,21,23,25,27,32,33,43,44,45,49],"ascension_level":2}}