{"host":"7hpq7e8rzvzbnf1s","time":1609572157,"event":{"mods":["Arknights The Spire","BaseMod","Minty Spire (QoL Compilation)","Quick Restart","StSLib","Waifu the Spire"],"gold_per_floor":[110,110,121,141,157,157,82,93,93,111,211,223,74,93,93,93,93],"floor_reached":16,"playtime":487,"items_purged":["ats:Defend"],"score":96,"play_id":"9d582be2-a80c-4a81-8600-9ebdd2e7bee4","local_time":"20210102152237","is_ascension_mode":false,"campfire_choices":[{"data":"ats:Part Time Job","floor":6,"key":"SMITH"},{"floor":15,"key":"RECALL"}],"circlet_count":0,"master_deck":["ats:Strike C","ats:Strike G","ats:Strike S","ats:Strike V","ats:Armor Crushing Shot","ats:Defend","ats:Defend","ats:Defend","ats:Emotion Absorption","ats:Closed Bolt Burst Fire","ats:Shell Defense","ats:Chain Hook","ats:Part Time Job+1","ats:Hammer On","ats:Very Hot Blade","ats:Demon Strength"],"relics":["ats:Sanity","NeowsBlessing","Bottled Tornado","Sling"],"acts_visited":["Exordium"],"potions_floor_usage":[5,16,16],"damage_taken":[{"damage":0,"enemies":"Jaw Worm","floor":1,"turns":1},{"damage":0,"enemies":"Cultist","floor":3,"turns":1},{"damage":0,"enemies":"Small Slimes","floor":4,"turns":1},{"damage":10,"enemies":"Exordium Thugs","floor":5,"turns":4},{"damage":21,"enemies":"Large Slime","floor":8,"turns":6},{"damage":9,"enemies":"Red Slaver","floor":10,"turns":3},{"damage":15,"enemies":"Exordium Thugs","floor":12,"turns":5},{"damage":0,"enemies":"2 Fungi Beasts","floor":14,"turns":3},{"damage":62,"enemies":"The Guardian","floor":16,"turns":6}],"seed_played":"2223135351076035361","potions_obtained":[{"floor":1,"key":"FearPotion"},{"floor":10,"key":"SkillPotion"},{"floor":14,"key":"Swift Potion"}],"is_trial":false,"path_per_floor":["M","?","M","M","M","R","$","M","T","M","?","M","$","M","R","B"],"character_chosen":"DOCTOR_CLASS","items_purchased":["Sling"],"campfire_rested":0,"item_purchase_floors":[13],"current_hp_per_floor":[72,72,72,72,62,62,62,53,53,48,48,43,43,47,47,0,0],"gold":93,"neow_bonus":"THREE_ENEMY_KILL","is_daily":false,"chose_seed":false,"campfire_upgraded":1,"win_rate":0.0,"timestamp":1609572157,"path_taken":["M","?","M","M","?","R","?","M","T","M","?","?","$","M","R","BOSS"],"items_purchased_type":["Relic"],"build_version":"2020-12-22","purchased_purges":1,"victory":false,"max_hp_per_floor":[72,72,72,72,72,72,72,72,72,72,72,72,72,72,72,72,72],"card_choices":[{"not_picked":["ats:Apocalypse","ats:Cat Scratch"],"picked":"ats:Closed Bolt Burst Fire","floor":1},{"not_picked":["ats:Blood Oath","ats:Soul Absorption"],"picked":"ats:Shell Defense","floor":3},{"not_picked":["ats:Poison Spread","ats:Steam Pump"],"picked":"ats:Chain Hook","floor":4},{"not_picked":["ats:Powerful Strike","ats:Flame Of Heaven"],"picked":"ats:Part Time Job","floor":5},{"not_picked":["ats:Red Shift","ats:Support Order"],"picked":"ats:Hammer On","floor":8},{"not_picked":["ats:Support Order","ats:Powerful Strike"],"picked":"ats:Very Hot Blade","floor":10},{"not_picked":["ats:Consecutive Shot Auto","ats:Shell Defense"],"picked":"ats:Demon Strength","floor":12},{"not_picked":["ats:Childhood Dance","ats:Apocalypse","ats:Revitalization"],"picked":"SKIP","floor":14}],"player_experience":187526,"relics_obtained":[{"floor":9,"key":"Bottled Tornado"}],"event_choices":[{"damage_healed":0,"gold_gain":0,"player_choice":"Ignored","damage_taken":0,"max_hp_gain":0,"max_hp_loss":0,"event_name":"NoteForYourself","floor":2,"gold_loss":0},{"damage_healed":0,"gold_gain":100,"player_choice":"Pray","damage_taken":0,"max_hp_gain":0,"max_hp_loss":0,"event_name":"Golden Shrine","floor":11,"gold_loss":0}],"is_beta":false,"boss_relics":[],"items_purged_floors":[7],"is_endless":false,"potions_floor_spawned":[1,10,14],"killed_by":"The Guardian","ascension_level":0}}