{"host":"iml8x8es9od4zowg","time":1609593636,"event":{"mods":["2.2 Compatiblity","BaseMod","Marisa£¨Ùöéë¡¡Øª×âÞÞ£©","Minty Spire (QoL Compilation)","StSLib","Td1madao Mod","The Jungle","¡¼?Úª?ø«¡½REMEMod"],"gold_per_floor":[119,138,212,212,137,169,169,189,212,231,231,306,332,348,348,452,452,467,481,251,401,401,401,435,435,516,542,552,92,123,123,123,219,219,236,116,116,131,146,181,181,215,264,294,394,54,73,73,73,73,73,73,4,29,29],"floor_reached":56,"playtime":3746,"items_purged":["Strike_C","Chip","Strike_C","Here Defend Chip","Defend_C"],"score":1507,"play_id":"d5e9ebb8-1d5b-47c7-8533-10f7735146ef","local_time":"20210102222036","is_ascension_mode":true,"campfire_choices":[{"data":"Defend System","floor":7,"key":"SMITH"},{"data":"Sub Weapons","floor":15,"key":"SMITH"},{"data":"Strike_C","floor":23,"key":"PURGE"},{"data":"Retrieval Recycling","floor":25,"key":"SMITH"},{"floor":32,"key":"RECALL"},{"data":"Apotheosis","floor":41,"key":"SMITH"},{"data":"Strike_C","floor":49,"key":"PURGE"},{"data":"Defend_C","floor":52,"key":"PURGE"}],"circlet_count":0,"master_deck":["Strike_C+1","Defend_C","Defend_C","Judgment+1","Defend System+1","Twin Teeth","Sub Weapons+1","Twin Teeth","Pod Laser","CurseOfTheBell","Lunge","Machining+1","REME_Flogging+1","Retrieval Recycling+1","Optimization","Sub Weapons","Moon Tear","Provocative+1","Apotheosis+1","Mayhem","Data Freezing","Lunge+1","Fixing+1","Overclocking","Finesse","Lunge+1","Bugfix","Overclocking"],"relics":["Apod","REME_ComplimentaryCards","NeowsBlessing","REME_HourglassOfDeath","Eternal Feather","Whetstone","Calling Bell","Anchor","The Courier","Peace Pipe","Juzu Bracelet","Darkstone Periapt","Tiny Chest","Oddly Smooth Stone","Lsj Skin","Strange Spoon","Bird Faced Urn","REME_LowDesire","Orichalcum","Art of War","Regal Pillow","Funny","Nunchaku","Bronze Scales","Shuriken"],"acts_visited":["Exordium","Exordium","TheBeyond","TheEnding"],"potions_floor_usage":[10,13,30,31,42,44,55,55,55],"damage_taken":[{"damage":0,"enemies":"Cultist","floor":1,"turns":1},{"damage":0,"enemies":"Small Slimes","floor":2,"turns":1},{"damage":9,"enemies":"3 Sentries","floor":6,"turns":2},{"damage":6,"enemies":"Jaw Worm","floor":8,"turns":5},{"damage":9,"enemies":"Exordium Thugs","floor":10,"turns":4},{"damage":6,"enemies":"Lagavulin","floor":13,"turns":10},{"damage":3,"enemies":"Blue Slaver","floor":14,"turns":4},{"damage":12,"enemies":"The Guardian","floor":16,"turns":8},{"damage":13,"enemies":"theJungle:GiantWrat","floor":18,"turns":5},{"damage":4,"enemies":"theJungle:5_Spyders","floor":19,"turns":5},{"damage":0,"enemies":"theJungle:MamaSnecko","floor":24,"turns":4},{"damage":5,"enemies":"theJungle:2_Phrogs","floor":27,"turns":5},{"damage":0,"enemies":"Snake Plant","floor":28,"turns":3},{"damage":0,"enemies":"theJungle:Cassacara","floor":30,"turns":3},{"damage":0,"enemies":"theJungle:Lyon","floor":31,"turns":2},{"damage":0,"enemies":"theJungle:QueenSpyder","floor":33,"turns":6},{"damage":0,"enemies":"Orb Walker","floor":35,"turns":2},{"damage":1,"enemies":"3 Darklings","floor":38,"turns":3},{"damage":3,"enemies":"Spire Growth","floor":39,"turns":4},{"damage":2,"enemies":"Reptomancer","floor":40,"turns":4},{"damage":17,"enemies":"Giant Head","floor":42,"turns":8},{"damage":2,"enemies":"Nemesis","floor":44,"turns":1},{"damage":2,"enemies":"Transient","floor":47,"turns":5},{"damage":39,"enemies":"Time Eater","floor":50,"turns":6},{"damage":12,"enemies":"Shield and Spear","floor":54,"turns":4},{"damage":15,"enemies":"The Heart","floor":55,"turns":5}],"seed_played":"-4880394893493433501","potions_obtained":[{"floor":6,"key":"SneckoOil"},{"floor":8,"key":"AttackPotion"},{"floor":10,"key":"Strength Potion"},{"floor":14,"key":"ColorlessPotion"},{"floor":27,"key":"Swift Potion"},{"floor":28,"key":"ColorlessPotion"},{"floor":30,"key":"SmokeBomb"},{"floor":35,"key":"FearPotion"},{"floor":39,"key":"DistilledChaos"},{"floor":42,"key":"SpeedPotion"},{"floor":44,"key":"FearPotion"},{"floor":54,"key":"ColorlessPotion"}],"is_trial":false,"path_per_floor":["M","M","T","?","$","E","R","M","T","M","?","?","E","M","R","B",null,"M","M","$","?","?","R","E","R","T","E","M","$","E","M","R","B",null,"M","$","?","M","M","E","R","E","T","E","?","$","M","?","R","B",null,"R","$","E","B",null],"character_chosen":"TD1MADAO_CLASS","items_purchased":["REME_Flogging","Oddly Smooth Stone","Lsj Skin","Strange Spoon","Overclocking","Finesse","Bugfix","Strength Potion"],"campfire_rested":0,"item_purchase_floors":[20,29,29,29,46,46,53,53],"current_hp_per_floor":[70,70,70,70,70,61,67,61,61,52,70,59,53,50,59,47,70,57,53,53,53,53,65,65,70,70,65,65,65,65,69,70,70,70,70,70,70,70,69,68,70,53,53,55,55,55,59,59,70,33,70,70,70,58,49],"gold":29,"neow_bonus":"THREE_ENEMY_KILL","is_daily":false,"chose_seed":false,"campfire_upgraded":4,"win_rate":0.0,"timestamp":1609593636,"path_taken":["M","M","?","?","?","E","R","?","T","M","?","?","E","M","R","BOSS","M","M","$","?","?","R","E","R","T","E","M","$","E","M","R","BOSS","M","$","?","M","M","E","R","E","T","E","?","$","M","?","R","BOSS","R","$","E","BOSS"],"items_purchased_type":["Card","Relic","Relic","Relic","Card","Card","Card","Potion"],"build_version":"2020-12-22","purchased_purges":5,"victory":true,"max_hp_per_floor":[70,70,70,70,70,70,70,70,70,70,70,70,70,70,70,70,70,70,70,70,70,70,70,70,70,70,70,70,70,70,70,70,70,70,70,70,70,70,70,70,70,70,70,70,70,70,70,70,70,70,70,70,70,70,70],"card_choices":[{"not_picked":["Cooling Song","Light Attack"],"picked":"Judgment","floor":1},{"not_picked":["Floating Swing Kick","Sudden Beat","Money Cant Rescue"],"picked":"SKIP","floor":2},{"not_picked":["Break Into","Fixing"],"picked":"Defend System","floor":6},{"not_picked":["Winding Magic","Load Balancing"],"picked":"Here Defend Chip","floor":8},{"not_picked":["Black Shadow","Fire Up"],"picked":"Twin Teeth","floor":10},{"not_picked":["Revenge","Thunder Jump"],"picked":"Sub Weapons","floor":13},{"not_picked":["Floating Even","Sub Weapons"],"picked":"Twin Teeth","floor":14},{"not_picked":["Overclocking","Im Angry"],"picked":"Pod Laser","floor":16},{"not_picked":["Load Balancing","Black Execution"],"picked":"Lunge","floor":18},{"not_picked":["Preloading","Rupture+1"],"picked":"Machining+1","floor":19},{"not_picked":["Cooling Song+1","Perfect Defend"],"picked":"Retrieval Recycling","floor":24},{"not_picked":["Oblique Hack","Preloading"],"picked":"Optimization","floor":27},{"not_picked":["Machining","New Defend Magic"],"picked":"Sub Weapons","floor":28},{"not_picked":["Black Warm Hole","Preparedness","Black Execution"],"picked":"SKIP","floor":30},{"not_picked":["Chip Synthesis","Optimization"],"picked":"Moon Tear","floor":33},{"not_picked":["Black Execution+1","Break Into+1","Enlightenment"],"picked":"Provocative+1","floor":35},{"not_picked":["Awareness","Machining+1","Defend System+1"],"picked":"Apotheosis","floor":38},{"not_picked":["Gravity Defend","Format All Data","Afterwards"],"picked":"Mayhem","floor":39},{"not_picked":["Fire Up","Pod Laser","The Bomb"],"picked":"Data Freezing","floor":40},{"not_picked":["Twin Teeth+1","Cursed Blade","Chrysalis"],"picked":"Lunge+1","floor":42},{"not_picked":["Rupture","De Ware Chip+1","Deep Breath"],"picked":"Fixing+1","floor":44},{"not_picked":["Break Into+1","White Contract","Mind Blast+1"],"picked":"Lunge+1","floor":47},{"not_picked":["Sub Weapons+1","Light Attack","Purity+1"],"picked":"Overclocking","floor":54}],"player_experience":498602,"relics_obtained":[{"floor":3,"key":"REME_HourglassOfDeath"},{"floor":6,"key":"Eternal Feather"},{"floor":13,"key":"Whetstone"},{"floor":17,"key":"Anchor"},{"floor":17,"key":"The Courier"},{"floor":17,"key":"Peace Pipe"},{"floor":24,"key":"Juzu Bracelet"},{"floor":26,"key":"Darkstone Periapt"},{"floor":27,"key":"Tiny Chest"},{"floor":30,"key":"Bird Faced Urn"},{"floor":34,"key":"Orichalcum"},{"floor":34,"key":"Art of War"},{"floor":40,"key":"Regal Pillow"},{"floor":42,"key":"Funny"},{"floor":43,"key":"Nunchaku"},{"floor":44,"key":"Bronze Scales"},{"floor":54,"key":"Shuriken"}],"event_choices":[{"damage_healed":23,"gold_gain":0,"player_choice":"Banana","damage_taken":0,"max_hp_gain":0,"max_hp_loss":0,"event_name":"Big Fish","floor":11,"gold_loss":0},{"damage_healed":0,"gold_gain":75,"player_choice":"Gather Gold","damage_taken":11,"max_hp_gain":0,"max_hp_loss":0,"event_name":"World of Goop","floor":12,"gold_loss":0},{"damage_healed":0,"gold_gain":0,"player_choice":"Upgraded","damage_taken":0,"max_hp_gain":0,"max_hp_loss":0,"event_name":"Upgrade Shrine","floor":22,"gold_loss":0,"cards_upgraded":["REME_Flogging"]},{"damage_healed":0,"gold_gain":0,"player_choice":"Ignored","damage_taken":0,"max_hp_gain":0,"max_hp_loss":0,"event_name":"Tomb of Lord Red Mask","floor":37,"gold_loss":0},{"damage_healed":0,"gold_gain":100,"player_choice":"Pray","damage_taken":0,"max_hp_gain":0,"max_hp_loss":0,"event_name":"Golden Shrine","floor":45,"gold_loss":0},{"cards_removed":["Knight Kick"],"damage_healed":0,"gold_gain":0,"player_choice":"Removed Attack","damage_taken":0,"max_hp_gain":0,"max_hp_loss":0,"event_name":"Falling","floor":48,"gold_loss":0}],"is_beta":false,"boss_relics":[{"not_picked":["Sozu","Astrolabe"],"picked":"Calling Bell"},{"not_picked":["Busted Crown","Runic Dome"],"picked":"REME_LowDesire"}],"items_purged_floors":[5,20,29,36,46],"is_endless":false,"potions_floor_spawned":[6,8,10,14,27,28,30,35,39,42,44,47,54],"ascension_level":1}}