{"host":"i09pxcjttd31eh4q","time":1609594604,"event":{"mods":["AchievementEnabler","BaseMod","Colored Map","Keyboard Shortcuts","Minty Spire (QoL Compilation)","StSLib","SuperFastMode"],"gold_per_floor":[118,137,147,157,82,82,82,105,105,123,48,68,68,100,100,178,478,490,390,390,390,390],"floor_reached":21,"playtime":461,"items_purged":["Defend_P","Strike_P"],"score":358,"play_id":"c9bbf9c3-8b8f-43b7-b737-1252c744e414","local_time":"20210102223644","is_ascension_mode":true,"campfire_choices":[{"data":"Eruption","floor":6,"key":"SMITH"},{"data":"MentalFortress","floor":13,"key":"SMITH"},{"data":"TalkToTheHand","floor":15,"key":"SMITH"}],"circlet_count":0,"master_deck":["AscendersBane","Strike_P","Strike_P","Defend_P","Eruption+1","Vigilance","FollowUp","MentalFortress+1","TalkToTheHand+1","Sanctity","InnerPeace","CurseOfTheBell","WheelKick","MentalFortress+1"],"relics":["PureWater","Ornamental Fan","Anchor","Calling Bell","Happy Flower","White Beast Statue","Old Coin"],"acts_visited":["Exordium","TheCity"],"potions_floor_usage":[16,16,21],"damage_taken":[{"damage":0,"enemies":"Cultist","floor":1,"turns":3},{"damage":4,"enemies":"2 Louse","floor":2,"turns":2},{"damage":0,"enemies":"Jaw Worm","floor":3,"turns":1},{"damage":7,"enemies":"Exordium Thugs","floor":4,"turns":3},{"damage":4,"enemies":"Exordium Wildlife","floor":10,"turns":4},{"damage":0,"enemies":"2 Fungi Beasts","floor":12,"turns":3},{"damage":25,"enemies":"3 Sentries","floor":14,"turns":7},{"damage":16,"enemies":"Slime Boss","floor":16,"turns":6},{"damage":13,"enemies":"2 Thieves","floor":18,"turns":4},{"damage":28,"enemies":"3 Byrds","floor":21,"turns":4}],"seed_played":"1743830098219666789","potions_obtained":[{"floor":2,"key":"SteroidPotion"},{"floor":3,"key":"Swift Potion"},{"floor":16,"key":"SpeedPotion"},{"floor":18,"key":"SpeedPotion"}],"is_trial":false,"path_per_floor":["M","M","M","M","$","R","?","T","T","M","?","M","R","E","R","B",null,"M","$","?","M"],"character_chosen":"WATCHER","items_purchased":[],"campfire_rested":0,"item_purchase_floors":[],"current_hp_per_floor":[61,57,57,50,50,50,55,55,55,51,51,51,51,26,26,10,53,40,40,40,12,12],"gold":390,"neow_bonus":"REMOVE_TWO","is_daily":false,"chose_seed":false,"campfire_upgraded":3,"win_rate":0.0,"timestamp":1609594604,"path_taken":["M","?","M","M","$","R","?","?","T","?","?","M","R","E","R","BOSS","M","$","?","M"],"items_purchased_type":[],"build_version":"2020-12-22","purchased_purges":2,"victory":false,"max_hp_per_floor":[62,62,62,62,62,62,67,67,67,67,67,67,67,67,67,67,67,67,67,67,67,67],"card_choices":[{"not_picked":["Consecrate","WreathOfFlame","Vengeance"],"picked":"SKIP","floor":1},{"not_picked":["FlyingSleeves","ForeignInfluence"],"picked":"FollowUp","floor":2},{"not_picked":["TalkToTheHand","FlyingSleeves"],"picked":"MentalFortress","floor":3},{"not_picked":["FollowUp","Crescendo"],"picked":"TalkToTheHand","floor":4},{"not_picked":["Evaluate","CarveReality"],"picked":"Sanctity","floor":10},{"not_picked":["DeusExMachina","ClearTheMind"],"picked":"InnerPeace","floor":12},{"not_picked":["Consecrate","SignatureMove","BowlingBash"],"picked":"SKIP","floor":14},{"not_picked":["FollowUp","Evaluate"],"picked":"WheelKick","floor":18}],"player_experience":820922,"relics_obtained":[{"floor":9,"key":"Ornamental Fan"},{"floor":14,"key":"Anchor"},{"floor":17,"key":"Happy Flower"},{"floor":17,"key":"White Beast Statue"},{"floor":17,"key":"Old Coin"}],"event_choices":[{"damage_healed":0,"gold_gain":0,"player_choice":"Donut","damage_taken":0,"max_hp_gain":5,"max_hp_loss":0,"event_name":"Big Fish","floor":7,"gold_loss":0},{"cards_removed":["Defend_P"],"damage_healed":0,"gold_gain":0,"player_choice":"Card Removal","damage_taken":0,"max_hp_gain":0,"max_hp_loss":0,"event_name":"The Cleric","floor":11,"gold_loss":75},{"damage_healed":0,"gold_gain":0,"player_choice":"Copied","damage_taken":0,"max_hp_gain":0,"max_hp_loss":0,"event_name":"Duplicator","floor":20,"gold_loss":0,"cards_obtained":["MentalFortress"]}],"is_beta":false,"boss_relics":[{"not_picked":["Tiny House","Ectoplasm"],"picked":"Calling Bell"}],"items_purged_floors":[5,19],"is_endless":false,"potions_floor_spawned":[2,3,12,16,18],"killed_by":"3 Byrds","ascension_level":20}}