{"host":"ly8vj2opk1y3o1w7","time":1609590897,"event":{"mods":["Act Like it!","BaseMod","Conspire","Friendly Minions","GifTheSpireLib","Hubris","MarisaÅiñ∂âJÅ@ñÇóùçπÅj","Minty Spire (QoL Compilation)","Permanent Neow","Remove Card Discount Mod","Replay The Spire","StSLib","The Animator","Waifu the Spire"],"gold_per_floor":[113,133,145,158,172,172,192,250,250,262,28,28,47,61,61,163,163,181,181,52,67,67,134,134,163,163,163,363,392,432,507,507,605,605,641,693,182,219,289,289,317,317,395,395,142,160,173,192,192,217,217,217,63,91,91],"floor_reached":56,"playtime":2654,"items_purged":["Strike_G","Strike_G","Defend_G","Defend_G","Strike_G","Strike_G","Strike_G","Defend_G","Defend_G"],"score":1406,"play_id":"34b0f73e-abc4-498a-a9d5-005f1878a043","local_time":"20210102203457","is_ascension_mode":false,"campfire_choices":[{"data":"Neutralize","floor":6,"key":"SMITH"},{"data":"conspire:PoisonWeapons","floor":15,"key":"SMITH"},{"data":"Adrenaline","floor":24,"key":"SMITH"},{"data":"HandOfGreed","floor":27,"key":"SMITH"},{"data":"Acrobatics","floor":32,"key":"SMITH"},{"data":"Adrenaline","floor":40,"key":"SMITH"},{"data":"After Image","floor":42,"key":"SMITH"},{"floor":49,"key":"RECALL"},{"data":"Prepared","floor":52,"key":"SMITH"}],"circlet_count":0,"master_deck":["Defend_G","Survivor","Neutralize+1","Poisoned Stab+1","Slice","Acrobatics+1","Quick Slash","Cloak And Dagger","Endless Agony","Hidden Blade","Dagger Spray","Deflect","conspire:PoisonWeapons+1","Deep Breath","PiercingWail","Adrenaline+1","Slice","HandOfGreed+1","Discovery","Prepared+1","Escape Plan","Concentrate+1","Slice","Underhanded Strike","Adrenaline+1","Dagger Spray+1","Catalyst+1","Blade Dance","Prepared+1","Dagger Spray","After Image+1","Deflect+1","Calculated Gamble","Footwork","Blur","Deflect+1"],"relics":["Ring of the Snake","Mango","Gremlin Horn","conspire:SpecialSausage","ReplayTheSpireMod:ShopPack","Red Mask","hubris:ToyBattleship","Replay:Bottled Steam","Anchor","Akabeko","Philosopher\u0027s Stone","InkBottle","conspire:TreasureMap","Vampiric Spirits","Art of War","Onion Ring","Sundial","ReplayTheSpireMod:Shallot","Blood Vial"],"acts_visited":["Exordium","TheCity","TheBeyond","TheEnding"],"potions_floor_usage":[8,8,8,21,23,25,31,31,39,55,55,55],"damage_taken":[{"damage":0,"enemies":"Cultist","floor":1,"turns":4},{"damage":0,"enemies":"Small Slimes","floor":2,"turns":5},{"damage":5,"enemies":"2 Louse","floor":3,"turns":2},{"damage":0,"enemies":"Blue Slaver","floor":4,"turns":3},{"damage":2,"enemies":"Looter","floor":5,"turns":4},{"damage":4,"enemies":"Large Slime","floor":7,"turns":6},{"damage":4,"enemies":"Gremlin Nob","floor":8,"turns":4},{"damage":2,"enemies":"Red Slaver","floor":10,"turns":3},{"damage":0,"enemies":"Exordium Thugs","floor":13,"turns":3},{"damage":0,"enemies":"3 Louse","floor":14,"turns":2},{"damage":12,"enemies":"The Guardian","floor":16,"turns":7},{"damage":0,"enemies":"3 Byrds","floor":18,"turns":2},{"damage":0,"enemies":"2 Thieves","floor":21,"turns":1},{"damage":0,"enemies":"Masked Bandits","floor":23,"turns":3},{"damage":0,"enemies":"conspire:Head Lice","floor":25,"turns":2},{"damage":0,"enemies":"conspire:SneckoGhost","floor":29,"turns":3},{"damage":0,"enemies":"Snake Plant","floor":30,"turns":3},{"damage":48,"enemies":"Slavers","floor":31,"turns":8},{"damage":10,"enemies":"hubris:MusketHawk","floor":33,"turns":5},{"damage":0,"enemies":"Orb Walker","floor":35,"turns":2},{"damage":11,"enemies":"conspire:MimicChest","floor":36,"turns":3},{"damage":5,"enemies":"3 Shapes","floor":38,"turns":2},{"damage":0,"enemies":"Jaw Worm Horde","floor":39,"turns":2},{"damage":13,"enemies":"R_Hoarder","floor":41,"turns":4},{"damage":0,"enemies":"Writhing Mass","floor":46,"turns":1},{"damage":0,"enemies":"Sphere and 2 Shapes","floor":47,"turns":1},{"damage":0,"enemies":"3 Darklings","floor":48,"turns":1},{"damage":77,"enemies":"Awakened One","floor":50,"turns":10},{"damage":0,"enemies":"Shield and Spear","floor":54,"turns":2},{"damage":53,"enemies":"The Heart","floor":55,"turns":6}],"seed_played":"-3685948815790638483","potions_obtained":[{"floor":2,"key":"ColorlessPotion"},{"floor":3,"key":"Explosive Potion"},{"floor":4,"key":"Languid Potion"},{"floor":7,"key":"GamblersBrew"},{"floor":8,"key":"AttackPotion"},{"floor":13,"key":"Weak Potion"},{"floor":18,"key":"LifebloodPotion"},{"floor":21,"key":"Adrenaline Potion"},{"floor":29,"key":"DuplicationPotion"},{"floor":33,"key":"SkillPotion"},{"floor":36,"key":"Venom Potion"},{"floor":46,"key":"Regen Potion"},{"floor":47,"key":"CunningPotion"},{"floor":54,"key":"Block Potion"}],"is_trial":false,"path_per_floor":["M","M","M","M","M","R","M","?","T","M","$","?","M","M","R","B",null,"M","?","$","M","?","?","R","E","T","R","?","E","M","E","R","B",null,"M","?","$","M","M","R","E","R","T","T","$","M","M","M","R","B",null,"R","$","E","B",null],"character_chosen":"THE_SILENT","items_purchased":["Deflect","conspire:PoisonWeapons","Deep Breath","ReplayTheSpireMod:ShopPack","conspire:TreasureMap","Blade Dance","Vampiric Spirits","ReplayTheSpireMod:Shallot","Footwork","Blur"],"campfire_rested":0,"item_purchase_floors":[11,11,11,20,37,37,37,45,53,53],"current_hp_per_floor":[63,63,58,58,56,56,52,48,48,46,46,46,46,46,46,34,84,84,84,84,84,84,84,84,84,84,84,84,84,84,36,36,26,84,84,73,73,79,84,84,71,71,71,71,71,84,84,84,84,7,84,84,84,84,31],"gold":91,"neow_bonus":"ONE_RARE_RELIC","is_daily":false,"chose_seed":false,"campfire_upgraded":8,"win_rate":0.0,"timestamp":1609590897,"path_taken":["M","?","M","M","M","R","M","?","T","M","$","?","M","M","R","BOSS","M","?","$","M","?","?","R","E","T","R","?","E","M","E","R","BOSS","M","?","$","M","M","R","E","R","T","?","$","M","M","M","R","BOSS","R","$","E","BOSS"],"items_purchased_type":["Card","Card","Card","Relic","Relic","Card","Relic","Relic","Card","Card"],"build_version":"2020-12-22","purchased_purges":9,"victory":true,"max_hp_per_floor":[84,84,84,84,84,84,84,84,84,84,84,84,84,84,84,84,84,84,84,84,84,84,84,84,84,84,84,84,84,84,84,84,84,84,84,84,84,84,84,84,84,84,84,84,84,84,84,84,84,84,84,84,84,84,84],"card_choices":[{"not_picked":["hubris:SlightOfHand","Sneak Up"],"picked":"Poisoned Stab","floor":1},{"not_picked":["Sneak Up","Expertise"],"picked":"Slice","floor":2},{"not_picked":["Predator","Sneak Up"],"picked":"Acrobatics","floor":3},{"not_picked":["Deadly Poison","Riddle With Holes"],"picked":"Quick Slash","floor":4},{"not_picked":["Endless Agony","All Out Attack"],"picked":"Cloak And Dagger","floor":5},{"not_picked":["ReplayTheSpireMod:Necrosis","Dagger Throw"],"picked":"Endless Agony","floor":7},{"not_picked":["conspire:DoublingDagger","Reflex"],"picked":"Hidden Blade","floor":8},{"not_picked":["Poisoned Stab","Sucker Punch"],"picked":"Dagger Spray","floor":10},{"not_picked":["All Out Attack","Sucker Punch"],"picked":"PiercingWail","floor":13},{"not_picked":["hubris:Sniper","Dodge and Roll","Acrobatics"],"picked":"SKIP","floor":14},{"not_picked":["Doppelganger","Storm of Steel"],"picked":"Adrenaline","floor":16},{"not_picked":["Outmaneuver","Leg Sweep"],"picked":"Slice","floor":18},{"not_picked":["ReplayTheSpireMod:Brewmster","Sadistic Nature"],"picked":"HandOfGreed","floor":20},{"not_picked":["Chrysalis","Jack Of All Trades"],"picked":"Discovery","floor":20},{"not_picked":["Backflip","hubris:SlightOfHand"],"picked":"Prepared+1","floor":21},{"not_picked":["Deflect","Flechettes"],"picked":"Escape Plan","floor":25},{"not_picked":["Poisoned Stab+1","Dodge and Roll"],"picked":"Concentrate+1","floor":29},{"not_picked":["Toxin Wave","Outmaneuver"],"picked":"Slice","floor":30},{"not_picked":["Dagger Throw","Quick Slash"],"picked":"Underhanded Strike","floor":31},{"not_picked":["Doppelganger","Die Die Die"],"picked":"Adrenaline","floor":33},{"not_picked":["Sucker Punch","Flying Knee"],"picked":"Dagger Spray+1","floor":35},{"not_picked":["ReplayTheSpireMod:Speed Training+1","PiercingWail+1"],"picked":"Catalyst+1","floor":36},{"not_picked":["Dagger Throw","Leg Sweep"],"picked":"Prepared","floor":38},{"not_picked":["hubris:Counter+1","Poisoned Stab"],"picked":"Dagger Spray","floor":39},{"not_picked":["Eviscerate+1","Footwork"],"picked":"After Image","floor":41},{"not_picked":["Quick Slash+1","Backflip"],"picked":"Deflect+1","floor":46},{"not_picked":["Poisoned Stab","Sucker Punch+1","hubris:SlightOfHand"],"picked":"SKIP","floor":47},{"not_picked":["Replay:Bag of Tricks","Deadly Poison+1"],"picked":"Calculated Gamble","floor":48},{"not_picked":["Concentrate+1","Finisher"],"picked":"Deflect+1","floor":54}],"player_experience":515641,"relics_obtained":[{"floor":8,"key":"Gremlin Horn"},{"floor":23,"key":"Red Mask"},{"floor":25,"key":"hubris:ToyBattleship"},{"floor":26,"key":"Replay:Bottled Steam"},{"floor":29,"key":"Anchor"},{"floor":31,"key":"Akabeko"},{"floor":36,"key":"InkBottle"},{"floor":41,"key":"Art of War"},{"floor":43,"key":"Onion Ring"},{"floor":44,"key":"Sundial"},{"floor":54,"key":"Blood Vial"}],"event_choices":[{"damage_healed":0,"gold_gain":0,"player_choice":"Searched \u00271\u0027 times","damage_taken":0,"max_hp_gain":0,"max_hp_loss":0,"event_name":"Dead Adventurer","floor":8,"gold_loss":0},{"damage_healed":0,"gold_gain":0,"player_choice":"Ignored","damage_taken":0,"max_hp_gain":0,"max_hp_loss":0,"event_name":"Vampires","floor":22,"gold_loss":0},{"damage_healed":0,"gold_gain":0,"player_choice":"Fought Bandits","damage_taken":0,"max_hp_gain":0,"max_hp_loss":0,"event_name":"Masked Bandits","floor":23,"gold_loss":0},{"damage_healed":0,"gold_gain":200,"player_choice":"Gold","damage_taken":0,"max_hp_gain":0,"max_hp_loss":0,"event_name":"Wheel of Change","floor":28,"gold_loss":0}],"is_beta":false,"boss_relics":[{"not_picked":["Replay:Bronze Core","conspire:SeveredTorchhead"],"picked":"conspire:SpecialSausage"},{"not_picked":["hubris:GrandSneckoEye","hubris:ScarierMask"],"picked":"Philosopher\u0027s Stone"}],"items_purged_floors":[11,11,11,11,11,11,11,11,11],"is_endless":false,"potions_floor_spawned":[2,3,4,7,8,13,18,21,29,33,36,46,47,54],"ascension_level":0}}