{"host":"n900smz9wr3yo27a","time":1609590177,"event":{"mods":["Arknights The Spire","BaseMod","CapriCore","GungeonMod","Hermit","Koishi","Lobotomy","Marisa£¨Ùöéë¡¡Øª×âÞÞ£©","Minty Spire (QoL Compilation)","Prisma Mod","Replay The Spire","StSLib","Td1madao Mod","The Animator","The Bug Knight","The Cursed","The Dragon Tamer","The Gatherer","The Hierophant","The Immortal","The Jungle","The Necromancer","The Poker Player","The Runesmith","WarShipGirlsR/??á´Ò³R mod"],"gold_per_floor":[369,386,31,49,66,92,92,107,107,107,125,125,125],"floor_reached":12,"playtime":492,"items_purged":["Eruption"],"score":82,"play_id":"0d8b896d-58e6-4501-a4e9-9f45d2b49608","local_time":"20210102212257","is_ascension_mode":false,"campfire_choices":[{"floor":7,"key":"REST"},{"data":"hermit:Headshot","floor":10,"key":"SMITH"}],"circlet_count":0,"master_deck":["hermit:Strike_Hermit","hermit:Strike_Hermit","hermit:Strike_Hermit","hermit:Strike_Hermit","hermit:Defend_Hermit","hermit:Defend_Hermit","hermit:Defend_Hermit","hermit:Defend_Hermit","hermit:Snapshot","hermit:Covet","MokouMod:Strike","hermit:TakeAim","hermit:RoundhouseKick","hermit:HighCaliber+1","hermit:Headshot+1","hermit:Adapt","hermit:Ricochet","hermit:GhostlyPresence"],"relics":["hermit:Momento","hermit:Horseshoe","Juzu Bracelet"],"acts_visited":["Exordium"],"potions_floor_usage":[8,12],"damage_taken":[{"damage":6,"enemies":"Small Slimes","floor":1,"turns":3},{"damage":22,"enemies":"Jaw Worm","floor":2,"turns":2},{"damage":0,"enemies":"Cultist","floor":4,"turns":2},{"damage":0,"enemies":"Large Slime","floor":5,"turns":4},{"damage":27,"enemies":"3 Sentries","floor":6,"turns":7},{"damage":2,"enemies":"Exordium Wildlife","floor":8,"turns":3},{"damage":16,"enemies":"2 Fungi Beasts","floor":11,"turns":4},{"damage":25,"enemies":"Lagavulin","floor":12,"turns":3}],"seed_played":"-4910479385876099148","potions_obtained":[{"floor":2,"key":"BlessingOfTheForge"},{"floor":5,"key":"FearPotion"},{"floor":6,"key":"FearPotion"}],"is_trial":false,"path_per_floor":["M","M","$","M","M","E","R","M","T","R","M","E"],"character_chosen":"HERMIT","items_purchased":["hermit:Horseshoe","hermit:HighCaliber+1"],"campfire_rested":1,"item_purchase_floors":[3,3],"current_hp_per_floor":[69,47,47,47,47,20,42,40,40,40,24,0,0],"gold":125,"neow_bonus":"TWO_FIFTY_GOLD","is_daily":false,"chose_seed":false,"campfire_upgraded":1,"win_rate":0.0,"timestamp":1609590177,"path_taken":["M","M","$","M","M","E","R","M","T","R","M","E"],"items_purchased_type":["Relic","Card"],"build_version":"2020-12-22","purchased_purges":1,"victory":false,"max_hp_per_floor":[75,75,75,75,75,75,75,75,75,75,75,75,75],"card_choices":[{"not_picked":["hermit:HighCaliber","hermit:Headshot"],"picked":"hermit:TakeAim","floor":1},{"not_picked":["hermit:TrackingShot","hermit:CalledShot"],"picked":"hermit:RoundhouseKick","floor":2},{"not_picked":["hermit:Cheat","hermit:Desperado"],"picked":"hermit:Headshot","floor":4},{"not_picked":["hermit:Headshot","hermit:TakeCover"],"picked":"hermit:Adapt","floor":5},{"not_picked":["hermit:Cheat","hermit:CalledShot"],"picked":"hermit:Ricochet","floor":6},{"not_picked":["hermit:LowProfile","hermit:TrackingShot"],"picked":"hermit:GhostlyPresence","floor":8},{"not_picked":["hermit:Manifest","hermit:HighCaliber","hermit:HoleUp"],"picked":"SKIP","floor":11}],"player_experience":745623,"relics_obtained":[{"floor":6,"key":"Juzu Bracelet"}],"event_choices":[],"is_beta":false,"boss_relics":[],"items_purged_floors":[3],"is_endless":false,"potions_floor_spawned":[2,5,6],"killed_by":"Lagavulin","ascension_level":0}}