{"host":"dcj2yvrgcvh5dl2s","time":1609565182,"event":{"mods":["BaseMod","Better Note","Block Reminder","Colored Powertips","DeckTracker","Minty Spire (QoL Compilation)","Quick Restart","Rare Cards Sparkle","Relic Stats","StSLib"],"gold_per_floor":[17,17,17,30,30,30,46,80,153,153,173,3,3,3,3,102,102,126,126,146,162,162,162,34,57,57,70,70,70,70,89,89,89,89],"floor_reached":33,"playtime":1544,"items_purged":["Bash","Strike_R"],"score":466,"play_id":"19f445f3-3489-4e1c-a943-263584a3c6c7","local_time":"20210102152622","is_ascension_mode":true,"campfire_choices":[{"floor":6,"key":"REST"},{"floor":10,"key":"REST"},{"data":"Uppercut","floor":15,"key":"SMITH"},{"floor":23,"key":"REST"},{"floor":28,"key":"REST"},{"floor":32,"key":"REST"}],"circlet_count":0,"master_deck":["AscendersBane","Strike_R","Strike_R","Strike_R","Defend_R","Armaments+1","Uppercut+1","Shrug It Off","Pummel","Flash of Steel","Offering","Shockwave+1","Dual Wield+1","Limit Break+1","Body Slam","Shrug It Off","Metallicize","Shrug It Off","Shame","Whirlwind"],"relics":["Burning Blood","Golden Idol","StrikeDummy","HornCleat","Darkstone Periapt","Astrolabe","MutagenicStrength","Happy Flower","Bird Faced Urn","Nilry\u0027s Codex"],"acts_visited":["Exordium","TheCity"],"potions_floor_usage":[8,8,21,25,31,33],"damage_taken":[{"damage":3,"enemies":"Cultist","floor":1,"turns":4},{"damage":9,"enemies":"Jaw Worm","floor":4,"turns":3},{"damage":16,"enemies":"Small Slimes","floor":7,"turns":4},{"damage":36,"enemies":"3 Sentries","floor":8,"turns":8},{"damage":0,"enemies":"2 Fungi Beasts","floor":11,"turns":4},{"damage":44,"enemies":"Hexaghost","floor":16,"turns":11},{"damage":24,"enemies":"Spheric Guardian","floor":18,"turns":5},{"damage":25,"enemies":"Shell Parasite","floor":20,"turns":4},{"damage":10,"enemies":"Snecko","floor":21,"turns":5},{"damage":7,"enemies":"Snake Plant","floor":25,"turns":3},{"damage":18,"enemies":"Cultist and Chosen","floor":27,"turns":5},{"damage":21,"enemies":"Chosen and Byrds","floor":31,"turns":5},{"damage":61,"enemies":"Champ","floor":33,"turns":13}],"seed_played":"-6072088356969796037","potions_obtained":[{"floor":1,"key":"SkillPotion"},{"floor":4,"key":"SteroidPotion"},{"floor":8,"key":"SpeedPotion"},{"floor":16,"key":"Energy Potion"},{"floor":21,"key":"ColorlessPotion"},{"floor":27,"key":"AttackPotion"}],"is_trial":false,"path_per_floor":["M","$","?","M","T","R","M","E","T","R","M","$","?","?","R","B",null,"M","?","M","M","?","R","$","M","T","M","R","?","?","M","R","B"],"character_chosen":"IRONCLAD","items_purchased":["Flash of Steel","Shrug It Off"],"campfire_rested":5,"item_purchase_floors":[12,24],"current_hp_per_floor":[71,71,45,42,42,64,54,24,24,46,52,52,52,52,52,14,60,42,42,23,19,19,41,41,40,40,28,50,56,35,22,46,0,0],"gold":89,"neow_bonus":"TRANSFORM_TWO_CARDS","is_daily":false,"chose_seed":false,"campfire_upgraded":1,"win_rate":0.0,"timestamp":1609565182,"path_taken":["M","$","?","M","?","R","M","E","T","R","M","?","?","?","R","BOSS","M","?","M","M","?","R","?","?","T","M","R","?","?","M","R","BOSS"],"items_purchased_type":["Card","Card"],"build_version":"2020-12-22","purchased_purges":2,"victory":false,"max_hp_per_floor":[75,75,75,75,75,75,75,75,75,75,75,75,75,75,75,75,75,75,75,75,75,75,75,75,75,75,75,75,81,81,81,81,81,81],"relic_stats":{"Darkstone Periapt":6,"Happy Flower":[7],"counters":[13,74],"Golden Idol":61,"Astrolabe":["Shockwave","Dual Wield","Limit Break"],"Bird Faced Urn":[8],"obtain_stats":[{"Darkstone Periapt":9,"HornCleat":8,"Happy Flower":26,"Golden Idol":3,"Nilry\u0027s Codex":30,"Astrolabe":17,"MutagenicStrength":22,"Bird Faced Urn":29,"StrikeDummy":5,"Burning Blood":0},{"Darkstone Periapt":4,"HornCleat":4,"Happy Flower":10,"Golden Idol":1,"Nilry\u0027s Codex":11,"Astrolabe":6,"MutagenicStrength":9,"Bird Faced Urn":11,"StrikeDummy":2,"Burning Blood":0},{"Darkstone Periapt":19,"HornCleat":19,"Happy Flower":51,"Golden Idol":4,"Nilry\u0027s Codex":56,"Astrolabe":34,"MutagenicStrength":48,"Bird Faced Urn":56,"StrikeDummy":7,"Burning Blood":0}],"Burning Blood":72},"card_choices":[{"not_picked":["Disarm","Cleave"],"picked":"Uppercut","floor":1},{"not_picked":["Rage","Second Wind"],"picked":"Shrug It Off","floor":4},{"not_picked":["Anger","Shockwave"],"picked":"Pummel","floor":7},{"not_picked":["Carnage","Wild Strike","Immolate"],"picked":"SKIP","floor":8},{"not_picked":["Anger","Havoc","Armaments"],"picked":"SKIP","floor":11},{"not_picked":["Reaper","Bludgeon"],"picked":"Offering","floor":16},{"not_picked":["Warcry","Thunderclap"],"picked":"Body Slam","floor":18},{"not_picked":["Wild Strike+1","Carnage","Combust"],"picked":"SKIP","floor":20},{"not_picked":["Warcry","Body Slam","Clash"],"picked":"SKIP","floor":21},{"not_picked":["Twin Strike","Sentinel"],"picked":"Metallicize","floor":25},{"not_picked":["Iron Wave","Rage"],"picked":"Shrug It Off","floor":27},{"not_picked":["Cleave","Bludgeon","Whirlwind"],"picked":"SKIP","floor":31},{"not_picked":["Cleave","Bludgeon"],"picked":"Whirlwind","floor":31}],"player_experience":2145642,"relics_obtained":[{"floor":5,"key":"StrikeDummy"},{"floor":8,"key":"HornCleat"},{"floor":9,"key":"Darkstone Periapt"},{"floor":26,"key":"Happy Flower"},{"floor":30,"key":"Nilry\u0027s Codex"}],"event_choices":[{"damage_healed":0,"gold_gain":0,"player_choice":"Take Damage","damage_taken":26,"relics_obtained":["Golden Idol"],"max_hp_gain":0,"max_hp_loss":0,"event_name":"Golden Idol","floor":3,"gold_loss":0},{"damage_healed":0,"gold_gain":0,"player_choice":"Ignored","damage_taken":0,"max_hp_gain":0,"max_hp_loss":0,"event_name":"Liars Game","floor":13,"gold_loss":0},{"damage_healed":0,"gold_gain":0,"player_choice":"Grow","damage_taken":0,"max_hp_gain":0,"max_hp_loss":0,"event_name":"Living Wall","floor":14,"gold_loss":0,"cards_upgraded":["Armaments"]},{"damage_healed":0,"gold_gain":0,"player_choice":"Ignored","damage_taken":0,"max_hp_gain":0,"max_hp_loss":0,"event_name":"Ghosts","floor":19,"gold_loss":0},{"damage_healed":0,"gold_gain":0,"player_choice":"Inject Mutagens","damage_taken":0,"relics_obtained":["MutagenicStrength"],"max_hp_gain":0,"max_hp_loss":0,"event_name":"Drug Dealer","floor":22,"gold_loss":0},{"damage_healed":0,"gold_gain":0,"player_choice":"Stole Relic","damage_taken":0,"relics_obtained":["Bird Faced Urn"],"max_hp_gain":0,"max_hp_loss":0,"event_name":"Addict","floor":29,"gold_loss":0,"cards_obtained":["Shame"]},{"damage_healed":0,"gold_gain":0,"player_choice":"Obtained Book","damage_taken":21,"max_hp_gain":0,"max_hp_loss":0,"event_name":"Cursed Tome","floor":30,"gold_loss":0}],"is_beta":false,"boss_relics":[{"not_picked":["Empty Cage","Velvet Choker"],"picked":"Astrolabe"}],"items_purged_floors":[12,24],"is_endless":false,"potions_floor_spawned":[1,4,8,16,21,27],"killed_by":"Champ","ascension_level":18}}