{"host":"2v1wccdd5g2xowsh","time":1609581278,"event":{"mods":["BaseMod","Downfall","Hermit","Minty Spire (QoL Compilation)","Quick Restart","StSLib","SuperFastMode","The Cursed"],"gold_per_floor":[111,88,263,278,278,303,303,338,338,370,382,408,455,467,479,491,491],"floor_reached":16,"playtime":391,"items_purged":[],"score":193,"play_id":"8fdad80b-e839-446a-bbdc-293db287420d","local_time":"20210102175438","is_ascension_mode":true,"campfire_choices":[{"data":"Aggregate","floor":7,"key":"SMITH"},{"floor":11,"key":"REST"},{"data":"Beam Cell","floor":15,"key":"SMITH"}],"circlet_count":0,"master_deck":["Strike_B","Strike_B","Strike_B","Strike_B","Defend_B","Defend_B","Defend_B","Defend_B","Zap","Dualcast","Rebound","Beam Cell+1","Doubt","Ball Lightning","Aggregate+1","Coolheaded","Loop","Skim","Core Surge+1","Regret"],"relics":["Cracked Core","NeowsBlessing","Molten Egg 2","Nunchaku","PreservedInsect","MawBank","Smiling Mask","HornCleat"],"acts_visited":["Exordium"],"potions_floor_usage":[13,16],"damage_taken":[{"damage":0,"enemies":"Cultist","floor":1,"turns":1},{"damage":0,"enemies":"Small Slimes","floor":4,"turns":1},{"damage":0,"enemies":"Lagavulin","floor":6,"turns":1},{"damage":15,"enemies":"3 Sentries","floor":8,"turns":6},{"damage":5,"enemies":"Jaw Worm","floor":10,"turns":3},{"damage":8,"enemies":"Blue Slaver","floor":12,"turns":2},{"damage":0,"enemies":"Gremlin Nob","floor":13,"turns":2},{"damage":70,"enemies":"Hexaghost","floor":16,"turns":10}],"seed_played":"-7372575754827308503","potions_obtained":[{"floor":10,"key":"DistilledChaos"},{"floor":12,"key":"SneckoOil"}],"is_trial":false,"path_per_floor":["M","$","?","M","?","E","R","E","T","M","R","M","E","?","R","B"],"character_chosen":"DEFECT","items_purchased":["Beam Cell"],"campfire_rested":1,"item_purchase_floors":[2],"current_hp_per_floor":[75,75,75,75,72,72,72,57,57,52,74,66,66,66,66,0,0],"gold":491,"neow_bonus":"THREE_ENEMY_KILL","is_daily":false,"chose_seed":false,"campfire_upgraded":2,"win_rate":0.0,"timestamp":1609581278,"path_taken":["M","?","?","?","?","E","R","E","T","M","R","M","E","?","R","BOSS"],"items_purchased_type":["Card"],"build_version":"2020-12-22","purchased_purges":0,"victory":false,"max_hp_per_floor":[75,75,75,75,75,75,75,75,75,75,75,75,75,75,75,75,75],"card_choices":[{"not_picked":["Compile Driver","Recycle"],"picked":"Rebound","floor":1},{"not_picked":["Cold Snap","Gash"],"picked":"Ball Lightning","floor":4},{"not_picked":["Chaos","Redo"],"picked":"Aggregate","floor":6},{"not_picked":["Reinforced Body","Steam"],"picked":"Coolheaded","floor":8},{"not_picked":["Stack","White Noise"],"picked":"Loop","floor":10},{"not_picked":["Turbo","Stack"],"picked":"Skim","floor":12},{"not_picked":["Force Field","Auto Shields"],"picked":"Core Surge+1","floor":13}],"player_experience":270705,"relics_obtained":[{"floor":6,"key":"Nunchaku"},{"floor":8,"key":"PreservedInsect"},{"floor":9,"key":"MawBank"},{"floor":13,"key":"Smiling Mask"}],"event_choices":[{"damage_healed":0,"gold_gain":175,"player_choice":"AGREE","damage_taken":0,"max_hp_gain":0,"max_hp_loss":0,"event_name":"Liars Game","floor":3,"gold_loss":0,"cards_obtained":["Doubt"]},{"damage_healed":0,"gold_gain":0,"player_choice":"Success","damage_taken":3,"relics_obtained":["Molten Egg 2"],"max_hp_gain":0,"max_hp_loss":0,"event_name":"Scrap Ooze","floor":5,"gold_loss":0},{"damage_healed":0,"gold_gain":0,"player_choice":"Box","damage_taken":0,"relics_obtained":["HornCleat"],"max_hp_gain":0,"max_hp_loss":0,"event_name":"Big Fish","floor":14,"gold_loss":0,"cards_obtained":["Regret"]}],"is_beta":false,"boss_relics":[],"items_purged_floors":[],"is_endless":false,"potions_floor_spawned":[10,12],"killed_by":"Hexaghost","ascension_level":3}}