{"host":"sav7uxregyirlf69","time":1609559217,"event":{"mods":["AchievementEnabler","BaseMod","Colored Map","DeckTracker","Keyboard Shortcuts","Minty Spire (QoL Compilation)","READ ME - Guardian Mod","StSLib","SuperFastMode"],"gold_per_floor":[110,110,35,110,120,150,150,163,187,187,197,35,53,79,79,156,156,166,178,93,107,107,135,135,152,152,52,52,52,380,380,380],"floor_reached":31,"playtime":502,"items_purged":["Strike_G","Strike_G+1"],"score":646,"play_id":"e146737e-04a5-483b-aef1-48c1f0d5a1eb","local_time":"20210102124657","is_ascension_mode":true,"campfire_choices":[{"data":"Catalyst","floor":7,"key":"SMITH"},{"data":"Crippling Poison","floor":10,"key":"SMITH"},{"data":"Tactician","floor":15,"key":"SMITH"},{"data":"Night Terror","floor":24,"key":"SMITH"},{"floor":29,"key":"REST"}],"circlet_count":0,"master_deck":["AscendersBane","Strike_G+1","Strike_G+1","Strike_G+1","Defend_G+1","Defend_G+1","Defend_G+1","Defend_G+1","Defend_G+1","Survivor","Neutralize","Crippling Poison","Catalyst+1","Crippling Poison+1","PiercingWail","Tactician+1","Corpse Explosion","Calculated Gamble","Night Terror+1"],"relics":["Ring of the Snake","NeowsBlessing","Orichalcum","Bag of Preparation","Busted Crown","Gremlin Horn","Kunai","Letter Opener","Old Coin"],"acts_visited":["Exordium","TheCity"],"potions_floor_usage":[21,23,30,31],"damage_taken":[{"damage":0,"enemies":"Jaw Worm","floor":1,"turns":1},{"damage":0,"enemies":"2 Louse","floor":5,"turns":1},{"damage":0,"enemies":"3 Sentries","floor":6,"turns":1},{"damage":0,"enemies":"Cultist","floor":8,"turns":4},{"damage":0,"enemies":"2 Fungi Beasts","floor":11,"turns":3},{"damage":0,"enemies":"Exordium Wildlife","floor":13,"turns":2},{"damage":16,"enemies":"Hexaghost","floor":16,"turns":8},{"damage":1,"enemies":"Shell Parasite","floor":18,"turns":4},{"damage":20,"enemies":"Spheric Guardian","floor":19,"turns":7},{"damage":7,"enemies":"Centurion and Healer","floor":21,"turns":4},{"damage":25,"enemies":"Gremlin Leader","floor":23,"turns":4},{"damage":14,"enemies":"Snake Plant","floor":25,"turns":5},{"damage":0,"enemies":"Slavers","floor":30,"turns":3},{"damage":31,"enemies":"Sentry and Sphere","floor":31,"turns":5}],"seed_played":"-7888448722928257321","potions_obtained":[{"floor":1,"key":"Energy Potion"},{"floor":5,"key":"Regen Potion"},{"floor":25,"key":"EssenceOfSteel"},{"floor":30,"key":"Explosive Potion"}],"is_trial":false,"path_per_floor":["M","?","$","?","M","E","R","M","T","R","M","$","M","T","R","B",null,"M","M","?","M","?","E","R","M","T","$","$","R","E","M"],"character_chosen":"THE_SILENT","items_purchased":["Corpse Explosion"],"campfire_rested":1,"item_purchase_floors":[12],"current_hp_per_floor":[59,59,59,48,48,48,48,48,48,48,48,48,48,48,48,32,58,57,37,37,44,44,19,19,5,5,5,5,24,24,0,0],"gold":380,"neow_bonus":"THREE_ENEMY_KILL","is_daily":false,"chose_seed":false,"campfire_upgraded":4,"win_rate":0.0,"timestamp":1609559217,"path_taken":["M","?","$","?","M","E","R","M","T","R","M","?","M","?","R","BOSS","M","M","?","M","?","E","R","M","T","?","$","R","E","M"],"items_purchased_type":["Card"],"build_version":"2020-12-22","purchased_purges":2,"victory":false,"max_hp_per_floor":[66,66,66,66,66,66,66,66,66,66,66,66,66,66,66,66,66,66,66,66,66,66,66,66,66,66,66,66,66,66,66,66],"card_choices":[{"not_picked":["Quick Slash","Cloak And Dagger"],"picked":"Crippling Poison","floor":1},{"not_picked":["Masterful Stab","Heel Hook"],"picked":"Catalyst","floor":5},{"not_picked":["Blade Dance","Cloak And Dagger"],"picked":"Crippling Poison","floor":6},{"not_picked":["Crippling Poison","Dodge and Roll"],"picked":"PiercingWail","floor":8},{"not_picked":["Backstab","Deflect"],"picked":"Tactician","floor":11},{"not_picked":["Caltrops","Choke"],"picked":"Calculated Gamble","floor":13},{"not_picked":["Grand Finale","Corpse Explosion"],"picked":"Night Terror","floor":16},{"not_picked":["Slice"],"picked":"SKIP","floor":18},{"not_picked":["Cloak And Dagger+1"],"picked":"SKIP","floor":19},{"not_picked":["Deflect"],"picked":"SKIP","floor":21},{"not_picked":["Caltrops+1"],"picked":"SKIP","floor":23},{"not_picked":["Flying Knee"],"picked":"SKIP","floor":25},{"not_picked":["Dash"],"picked":"SKIP","floor":30}],"player_experience":1108350,"relics_obtained":[{"floor":6,"key":"Orichalcum"},{"floor":9,"key":"Bag of Preparation"},{"floor":23,"key":"Kunai"},{"floor":26,"key":"Letter Opener"},{"floor":30,"key":"Old Coin"}],"event_choices":[{"damage_healed":0,"gold_gain":0,"player_choice":"Ignored","damage_taken":0,"max_hp_gain":0,"max_hp_loss":0,"event_name":"Liars Game","floor":2,"gold_loss":0},{"damage_healed":0,"gold_gain":75,"player_choice":"Gather Gold","damage_taken":11,"max_hp_gain":0,"max_hp_loss":0,"event_name":"World of Goop","floor":4,"gold_loss":0},{"damage_healed":0,"gold_gain":0,"player_choice":"Obtained Relic","damage_taken":0,"relics_obtained":["Gremlin Horn"],"max_hp_gain":0,"max_hp_loss":0,"event_name":"Addict","floor":20,"gold_loss":85},{"damage_healed":0,"gold_gain":0,"player_choice":"Simplicity","damage_taken":0,"max_hp_gain":0,"max_hp_loss":0,"event_name":"Back to Basics","floor":22,"gold_loss":0,"cards_upgraded":["Strike_G","Strike_G","Strike_G","Strike_G","Defend_G","Defend_G","Defend_G","Defend_G","Defend_G"]}],"is_beta":false,"boss_relics":[{"not_picked":["Velvet Choker","Empty Cage"],"picked":"Busted Crown"}],"items_purged_floors":[3,27],"is_endless":false,"potions_floor_spawned":[1,5,11,16,18,25,30],"killed_by":"Sentry and Sphere","ascension_level":20}}