{"host":"yks98ofmy52hj7my","time":1609624444,"event":{"mods":["BaseMod","Block Reminder","Colored Powertips","Hubris","Minty Spire (QoL Compilation)","Rare Cards Sparkle","Replay The Spire","StSLib"],"gold_per_floor":[113,129,129,79,254,254,102,130,130,130,150,163,163,194,194,289,289,301,301,301,301,166,195,206,206,233,233,233],"floor_reached":27,"playtime":842,"items_purged":["Doubt"],"score":393,"play_id":"f153a7ce-e526-4d30-915a-ccc773d90b02","local_time":"20210102195404","is_ascension_mode":true,"campfire_choices":[{"floor":6,"key":"RECALL"},{"data":"Blood for Blood","floor":10,"key":"SMITH"},{"data":"Heavy Blade","floor":13,"key":"SMITH"},{"data":"Life Link","floor":15,"key":"SMITH"}],"circlet_count":0,"master_deck":["AscendersBane","Strike_R","Strike_R","Strike_R","Strike_R","Defend_R","Defend_R","Defend_R","Defend_R","Bash","Cleave","Life Link+1","Blood for Blood+1","Heavy Blade+1","Pummel","Double Tap","CurseOfTheBell","Armaments+1","Shame","Combust","Combust","Metallicize+1","Barricade"],"relics":["Burning Blood","NeowsBlessing","Ring of Fury","MealTicket","Blood Vial","hubris:SlimyHat","Calling Bell","Pen Nib","hubris:Potato","Replay:Bottled Flurry","Enchiridion","Omamori","ReplayTheSpireMod:Spearhead","Bag of Preparation"],"acts_visited":["Exordium","TheCity"],"potions_floor_usage":[14,16,16,27],"damage_taken":[{"damage":0,"enemies":"Jaw Worm","floor":1,"turns":1},{"damage":0,"enemies":"Small Slimes","floor":2,"turns":1},{"damage":0,"enemies":"Gremlin Nob","floor":8,"turns":1},{"damage":14,"enemies":"2 Louse","floor":11,"turns":2},{"damage":13,"enemies":"Blue Slaver","floor":12,"turns":2},{"damage":40,"enemies":"3 Sentries","floor":14,"turns":6},{"damage":43,"enemies":"The Guardian","floor":16,"turns":9},{"damage":12,"enemies":"Chosen","floor":18,"turns":4},{"damage":45,"enemies":"Replay:Snechameleon","floor":23,"turns":5},{"damage":13,"enemies":"3 Byrds","floor":24,"turns":3},{"damage":40,"enemies":"Book of Stabbing","floor":27,"turns":3}],"seed_played":"-4525251103693939646","potions_obtained":[{"floor":1,"key":"Dexterity Potion"},{"floor":2,"key":"BloodPotion"},{"floor":12,"key":"SpeedPotion"},{"floor":14,"key":"Languid Potion"},{"floor":18,"key":"LifebloodPotion"}],"is_trial":false,"path_per_floor":["M","M","?","?","?","R","$","E","T","R","M","M","R","E","R","B",null,"M","?","?","?","$","E","M","?","T","E"],"character_chosen":"IRONCLAD","items_purchased":["MealTicket","Combust"],"campfire_rested":0,"item_purchase_floors":[7,22],"current_hp_per_floor":[78,80,80,80,80,80,80,80,80,80,72,67,67,35,35,16,64,60,60,44,44,59,22,17,17,17,0,0],"gold":233,"neow_bonus":"THREE_ENEMY_KILL","is_daily":false,"chose_seed":false,"campfire_upgraded":3,"win_rate":0.0,"timestamp":1609624444,"path_taken":["M","M","?","?","?","R","$","E","T","R","M","?","R","E","R","BOSS","M","?","?","?","$","E","M","?","T","E"],"items_purchased_type":["Relic","Card"],"build_version":"2020-12-22","purchased_purges":1,"victory":false,"max_hp_per_floor":[80,80,80,80,80,80,80,80,80,80,80,80,80,80,80,80,80,80,80,80,80,80,80,80,80,80,80,80],"card_choices":[{"not_picked":["ReplayReversal","Flex"],"picked":"Cleave","floor":1},{"not_picked":["Headbutt","Pummel"],"picked":"Life Link","floor":2},{"not_picked":["Warcry","Sever Soul"],"picked":"Blood for Blood","floor":8},{"not_picked":["Flex","Thunderclap"],"picked":"Heavy Blade","floor":11},{"not_picked":["Twin Strike","Searing Blow"],"picked":"Pummel","floor":12},{"not_picked":["Replay:Undeath\u0027s Touch","ReplayTheSpireMod:LeadingStrike","Dark Embrace"],"picked":"SKIP","floor":14},{"not_picked":["Impervious","Eclipse"],"picked":"Double Tap","floor":16},{"not_picked":["ReplayTheSpireMod:Strike From Hell","Battle Trance"],"picked":"Armaments","floor":18},{"not_picked":["Havoc+1","Sentinel"],"picked":"Metallicize+1","floor":23},{"not_picked":["Anger","Body Slam"],"picked":"Barricade","floor":24}],"player_experience":467414,"relics_obtained":[{"floor":3,"key":"Ring of Fury"},{"floor":8,"key":"Blood Vial"},{"floor":14,"key":"hubris:SlimyHat"},{"floor":17,"key":"Pen Nib"},{"floor":17,"key":"hubris:Potato"},{"floor":17,"key":"Replay:Bottled Flurry"},{"floor":20,"key":"Enchiridion"},{"floor":23,"key":"ReplayTheSpireMod:Spearhead"},{"floor":26,"key":"Bag of Preparation"}],"event_choices":[{"cards_removed":["Strike_R"],"damage_healed":0,"gold_gain":0,"player_choice":"Card Removal","damage_taken":0,"max_hp_gain":0,"max_hp_loss":0,"event_name":"The Cleric","floor":4,"gold_loss":50},{"damage_healed":0,"gold_gain":175,"player_choice":"AGREE","damage_taken":0,"max_hp_gain":0,"max_hp_loss":0,"event_name":"Liars Game","floor":5,"gold_loss":0,"cards_obtained":["Doubt"]},{"damage_healed":0,"gold_gain":0,"player_choice":"Obtained Book","damage_taken":16,"max_hp_gain":0,"max_hp_loss":0,"event_name":"Cursed Tome","floor":20,"gold_loss":0},{"damage_healed":0,"gold_gain":0,"player_choice":"Stole Relic","damage_taken":0,"relics_obtained":["Omamori"],"max_hp_gain":0,"max_hp_loss":0,"event_name":"Addict","floor":21,"gold_loss":0,"cards_obtained":["Shame"]},{"damage_healed":0,"gold_gain":0,"player_choice":"Smashed Altar","damage_taken":0,"max_hp_gain":0,"max_hp_loss":0,"event_name":"Forgotten Altar","floor":25,"gold_loss":0,"cards_obtained":["Decay"]}],"is_beta":false,"boss_relics":[{"not_picked":["Astrolabe","Philosopher\u0027s Stone"],"picked":"Calling Bell"}],"items_purged_floors":[22],"is_endless":false,"potions_floor_spawned":[1,2,12,14,18],"killed_by":"Book of Stabbing","ascension_level":10}}