{"host":"ac6e1xz8pi3qqstb","time":1609588382,"event":{"mods":["BaseMod","Minty Spire (QoL Compilation)","MostiFishMod","Relic Stats","Replay The Spire","StSLib","[IsaacMod]ÒÔÈö¼âËþ","¡¾ÒÅÎï¿¨ÅÆ¡¿REMEMod"],"gold_per_floor":[215,227,227,239,254,254,254,272,272,290,136,156,156,168,168,271,271,291,301,311,8,8,8,8,8,56,56,56,73,85,105,105,209,209,220,319,3,53,66,84,84,119,142,142,0,25,73,83,83,104],"floor_reached":51,"playtime":1963,"items_purged":[],"score":826,"play_id":"f9d2715d-ddaf-4882-9398-22df83ea901d","local_time":"20210102195302","is_ascension_mode":false,"campfire_choices":[{"data":"MostiFishMod:WinterMarkForm","floor":6.0,"key":"SMITH"},{"data":"Eruption","floor":13.0,"key":"SMITH"},{"data":"Replay:AtTheReady","floor":15.0,"key":"SMITH"},{"data":"MostiFishMod:FlowState","floor":23,"key":"SMITH"},{"floor":27,"key":"REST"},{"floor":32,"key":"REST"},{"floor":44,"key":"REST"},{"floor":49,"key":"REST"}],"circlet_count":0,"master_deck":["Strike_P+1","Strike_P+1","Strike_P+1","Strike_P+1","Defend_P+1","Defend_P+1","Defend_P+1","Defend_P+1","Eruption+1","Vigilance","Tantrum","MostiFishMod:FrostNova","MostiFishMod:WinterMarkForm+1","Weave","Replay:AtTheReady+1","ThirdEye","Consecrate","BowlingBash","ThirdEye","FlurryOfBlows","ConjureBlade","REME_EmptyShield","MostiFishMod:FlowState+1","EmptyBody+1","EmptyFist","Delirium","Necronomicurse","MostiFishMod:LegendTransform","ThirdEye+1","DeusExMachina","FollowUp","MostiFishMod:Unraveling","MostiFishMod:PathToVictory+1","Swivel+1","Wallop","Apotheosis","Halt+1","Ragnarok","REME_TwoStrings","REME_BodyOfCthun","Worship+1","Halt"],"relics":["PureWater","DaveBox","REME_ComplimentaryCards","HushsDoor","BookOfRevelations","FrostBlade","SynthV:TestCard","Nunchaku","Chaos","Replay:Purple Gloves","DianPoetry","ReplayTheSpireMod:Ring of Exchange","Necronomicon","Orrery","SalivaCoin","Bag of Preparation","MaYiHuaBei","Bottled Flame","Yang","Toy Ornithopter"],"acts_visited":["Exordium","TheCity","TheBeyond"],"potions_floor_usage":[30,35,42,42,50,50],"damage_taken":[{"damage":1.0,"enemies":"Jaw Worm","floor":1.0,"turns":3.0},{"damage":3.0,"enemies":"2 Louse","floor":2.0,"turns":3.0},{"damage":9.0,"enemies":"Small Slimes","floor":4.0,"turns":3.0},{"damage":6.0,"enemies":"2 Fungi Beasts","floor":5.0,"turns":3.0},{"damage":0.0,"enemies":"Lots of Slimes","floor":8.0,"turns":2.0},{"damage":15.0,"enemies":"3 Louse","floor":10.0,"turns":2.0},{"damage":0.0,"enemies":"Large Slime","floor":12.0,"turns":3.0},{"damage":0.0,"enemies":"Exordium Wildlife","floor":14.0,"turns":2.0},{"damage":0.0,"enemies":"The Guardian","floor":16.0,"turns":4.0},{"damage":0,"enemies":"Chosen","floor":18,"turns":3},{"damage":20,"enemies":"Spheric Guardian","floor":19,"turns":4},{"damage":5,"enemies":"3 Cultists","floor":20,"turns":4},{"damage":2,"enemies":"Cultist and Chosen","floor":29,"turns":4},{"damage":0,"enemies":"Shelled Parasite and Fungi","floor":30,"turns":2},{"damage":26,"enemies":"Snake Plant","floor":31,"turns":4},{"damage":22,"enemies":"Pondfish","floor":33,"turns":7},{"damage":22,"enemies":"3 Shapes","floor":35,"turns":5},{"damage":0,"enemies":"Mind Bloom Boss Battle","floor":38,"turns":5},{"damage":0,"enemies":"3 Darklings","floor":39,"turns":5},{"damage":0,"enemies":"Spire Growth","floor":40,"turns":2},{"damage":0,"enemies":"Giant Head","floor":42,"turns":5},{"damage":10,"enemies":"Reptomancer","floor":47,"turns":3},{"damage":0,"enemies":"Writhing Mass","floor":48,"turns":3},{"damage":37,"enemies":"Replay:Hell Engine","floor":50,"turns":6}],"seed_played":"-1322558337867598107","potions_obtained":[{"floor":1.0,"key":"Dexterity Potion"},{"floor":4.0,"key":"Swift Potion"},{"floor":10.0,"key":"SteroidPotion"},{"floor":30,"key":"LifebloodPotion"},{"floor":38,"key":"LiquidBronze"},{"floor":47,"key":"Strength Potion"}],"is_trial":false,"path_per_floor":["M","M","?","M","M","R","?","M","T","M","$","M","R","M","R","B",null,"M","M","M","$","?","R","?","?","T","R","$","M","M","M","R","B",null,"M","?","$","?","M","M","?","E","T","R","$","T","E","M","R","B",null],"character_chosen":"WATCHER","items_purchased":["Chaos","REME_EmptyShield","DianPoetry","SalivaCoin","Apotheosis","REME_BodyOfCthun"],"campfire_rested":4,"item_purchase_floors":[11,17,21,37,37,45],"current_hp_per_floor":[71,68,68,59,53,53,53,53,53,38,38,38,38,38,38,38,68,68,48,43,43,43,43,43,27,27,47,47,45,45,19,39,17,68,46,19,19,19,19,19,19,19,19,39,39,39,29,29,49,22],"gold":104,"neow_bonus":"HUNDRED_GOLD","is_daily":false,"chose_seed":false,"campfire_upgraded":4,"win_rate":0.0,"timestamp":1609588382,"path_taken":["M","M","?","M","M","R","?","?","T","M","$","M","R","M","R","BOSS","M","M","M","$","?","R","?","?","T","R","$","M","?","M","R","BOSS","M","?","$","?","?","M","?","E","T","R","?","?","E","M","R","BOSS"],"items_purchased_type":["Card","Card","Relic","Relic","Card","Card"],"build_version":"2020-12-22","purchased_purges":0,"victory":true,"max_hp_per_floor":[72,72,72,72,72,72,72,72,72,72,72,72,72,72,72,72,68,68,68,68,68,68,68,68,68,68,68,68,68,68,68,68,68,68,68,68,68,68,68,68,68,68,68,68,68,68,68,68,68,68],"relic_stats":{"Nunchaku":[20],"counters":[24,87],"Yang":[42],"Necronomicon":[5],"Bag of Preparation":[12],"obtain_stats":[{"KeepersGift":0,"Chaos":11,"MaYiHuaBei":42,"ReplayTheSpireMod:Ring of Exchange":24,"DaveBox":0,"DianPoetry":21,"BookOfRevelations":0,"Replay:Purple Gloves":17,"Yang":46,"Bag of Preparation":38,"FrostBlade":0,"Nunchaku":9,"Bottled Flame":43,"SynthV:TestCard":1,"Orrery":34,"Necronomicon":25,"SalivaCoin":37,"PureWater":0,"HushsDoor":0,"Toy Ornithopter":47,"REME_ComplimentaryCards":0},{"KeepersGift":0,"Chaos":6,"MaYiHuaBei":21,"ReplayTheSpireMod:Ring of Exchange":12,"DaveBox":0,"DianPoetry":12,"BookOfRevelations":0,"Replay:Purple Gloves":9,"Yang":21,"Bag of Preparation":18,"FrostBlade":0,"Nunchaku":5,"Bottled Flame":21,"SynthV:TestCard":1,"Orrery":16,"Necronomicon":12,"SalivaCoin":17,"PureWater":0,"HushsDoor":0,"Toy Ornithopter":22,"REME_ComplimentaryCards":0},{"KeepersGift":0,"Chaos":16,"MaYiHuaBei":75,"ReplayTheSpireMod:Ring of Exchange":36,"DaveBox":0,"DianPoetry":36,"BookOfRevelations":0,"Replay:Purple Gloves":25,"Yang":75,"Bag of Preparation":63,"FrostBlade":0,"Nunchaku":14,"Bottled Flame":75,"SynthV:TestCard":3,"Orrery":53,"Necronomicon":36,"SalivaCoin":58,"PureWater":0,"HushsDoor":0,"Toy Ornithopter":78,"REME_ComplimentaryCards":0}],"Toy Ornithopter":10},"card_choices":[{"not_picked":["Prostrate","Crescendo"],"picked":"Weave","floor":1.0},{"not_picked":["Crescendo","Replay:Vibes","Bomb","Vengeance"],"picked":"Replay:AtTheReady","floor":2.0},{"not_picked":["Protect","LikeWater","SashWhip","Nirvana","MostiFishMod:Minus"],"picked":"SKIP","floor":4.0},{"not_picked":["SignatureMove","Bomb","Prostrate","PathToVictory"],"picked":"ThirdEye","floor":5.0},{"not_picked":["FlyingSleeves","Crescendo","Perseverance","WaveOfTheHand"],"picked":"Consecrate","floor":8.0},{"not_picked":["SashWhip","Wireheading","Consecrate","WheelKick"],"picked":"BowlingBash","floor":10.0},{"not_picked":["CutThroughFate","BowlingBash","REME_Repentance","SashWhip"],"picked":"ThirdEye","floor":12.0},{"not_picked":["Establishment","Nirvana","Prostrate","Replay:AtTheReady"],"picked":"FlurryOfBlows","floor":14.0},{"not_picked":["MostiFishMod:DustFall","DevaForm","REME_EmptyShield","SpiritShield"],"picked":"ConjureBlade","floor":16.0},{"not_picked":["Consecrate","MentalFortress","CutThroughFate","Replay:ManipulateFuture"],"picked":"MostiFishMod:FlowState","floor":18},{"not_picked":["Worship","SashWhip","LikeWater","Fasting2"],"picked":"EmptyBody+1","floor":19},{"not_picked":["CrushJoints+1","Replay:Vibes","ThirdEye","Consecrate"],"picked":"EmptyFist","floor":20},{"not_picked":["Weave","EmptyBody","MostiFishMod:StarHerder","Crescendo","Replay:BluntJabs"],"picked":"SKIP","floor":29},{"not_picked":["Indignation+1","CrushJoints","Replay:AtTheReady+1","BowlingBash"],"picked":"MostiFishMod:LegendTransform","floor":30},{"not_picked":["Indignation","Replay:AtTheReady","PathToVictory","JustLucky"],"picked":"ThirdEye+1","floor":31},{"not_picked":["Devotion","MostiFishMod:Pointsdynamics","Establishment","MostiFishMod:ScryFuture"],"picked":"DeusExMachina","floor":33},{"not_picked":["EmptyFist","Consecrate","WindmillStrike+1","Prostrate+1"],"picked":"FollowUp","floor":34},{"not_picked":["SashWhip","ClearTheMind","BowlingBash","Pray"],"picked":"MostiFishMod:Unraveling","floor":34},{"not_picked":["Halt+1","CarveReality+1","Prostrate+1","Study"],"picked":"MostiFishMod:PathToVictory+1","floor":35},{"not_picked":["PathToVictory+1","EmptyMind","WreathOfFlame","Consecrate"],"picked":"Swivel+1","floor":36},{"not_picked":["MostiFishMod:PathToVictory","InnerPeace+1","Replay:BluntJabs","Alpha"],"picked":"Wallop","floor":36},{"not_picked":["ThirdEye+1","MostiFishMod:LegendTransform","Adaptation+1","TalkToTheHand"],"picked":"Halt+1","floor":39},{"not_picked":["Replay:Anticipation+1","JustLucky","PathToVictory+1","FollowUp"],"picked":"Ragnarok","floor":40},{"not_picked":["Finesse","Replay:Parry","MostiFishMod:SupremeArchaeology","Good Instincts"],"picked":"REME_TwoStrings","floor":41},{"not_picked":["Nirvana+1","MostiFishMod:FlowState","Replay:BluntJabs+1","CarveReality","Adaptation"],"picked":"SKIP","floor":42},{"not_picked":["Replay:Cycle+1","Meditate+1","FlyingSleeves","Ragnarok"],"picked":"Worship+1","floor":47},{"not_picked":["Replay:BluntJabs","Replay:DivineShield","REME_Repentance+1","Consecrate"],"picked":"Halt","floor":48}],"player_experience":404799,"relics_obtained":[{"floor":1.0,"key":"SynthV:TestCard"},{"floor":9.0,"key":"Nunchaku"},{"floor":24,"key":"ReplayTheSpireMod:Ring of Exchange"},{"floor":25,"key":"Necronomicon"},{"floor":38,"key":"Bag of Preparation"},{"floor":42,"key":"MaYiHuaBei"},{"floor":43,"key":"Bottled Flame"},{"floor":46,"key":"Yang"},{"floor":47,"key":"Toy Ornithopter"}],"event_choices":[{"damage_healed":0.0,"max_hp_gain":0.0,"max_hp_loss":0.0,"gold_gain":0.0,"event_name":"The Cleric","player_choice":"Leave","floor":3.0,"gold_loss":0.0,"damage_taken":0.0},{"damage_healed":0.0,"max_hp_gain":0.0,"max_hp_loss":0.0,"gold_gain":0.0,"event_name":"Golden Wing","player_choice":"Ignored","floor":7.0,"gold_loss":0.0,"damage_taken":0.0},{"damage_healed":0,"gold_gain":0,"player_choice":"Simplicity","damage_taken":0,"max_hp_gain":0,"max_hp_loss":0,"event_name":"Back to Basics","floor":22,"gold_loss":0,"cards_upgraded":["Strike_P","Strike_P","Strike_P","Strike_P","Defend_P","Defend_P","Defend_P","Defend_P"]},{"damage_healed":0,"gold_gain":0,"player_choice":"Obtained Book","damage_taken":16,"max_hp_gain":0,"max_hp_loss":0,"event_name":"Cursed Tome","floor":25,"gold_loss":0},{"damage_healed":0,"gold_gain":0,"player_choice":"Fight","damage_taken":0,"max_hp_gain":0,"max_hp_loss":0,"event_name":"MindBloom","floor":38,"gold_loss":0},{"damage_healed":0,"gold_gain":0,"player_choice":"Memory 1","damage_taken":0,"max_hp_gain":0,"max_hp_loss":0,"event_name":"SensoryStone","floor":41,"gold_loss":0}],"is_beta":false,"boss_relics":[{"not_picked":["Replay:Grab Bag","Meat on the Bone"],"picked":"Replay:Purple Gloves"},{"not_picked":[]},{"not_picked":["ReplayTheSpireMod:CursedCoin","Melange"],"picked":"Orrery"},{"not_picked":[]}],"items_purged_floors":[],"is_endless":false,"potions_floor_spawned":[1,4,10,16,19,20,30,38,39,40,47],"ascension_level":0}}