{"host":"7t8rqoeeopyy0nh0","time":1609614377,"event":{"mods":["AchievementEnabler","BaseMod","Better Third Choice","BetterRewards","Colored Map","Colored Powertips","Conspire","Downfall","Hubris","Infinite Spire","Minty Spire (QoL Compilation)","Permanent Neow","Quick Restart","Rare Cards Sparkle","Replay The Spire","StSLib","The Jungle"],"gold_per_floor":[115,115,115,164,197,247,259,271,283,311,342,390,418,464,476,488,488],"floor_reached":16,"playtime":561,"items_purged":[],"score":196,"play_id":"25ca8d6d-cbe8-4732-b398-983aa123e412","local_time":"20210102140617","is_ascension_mode":true,"campfire_choices":[{"floor":7,"key":"REST"},{"floor":15,"key":"REST"}],"circlet_count":0,"master_deck":["Strike_P","Strike_P","Strike_P","Strike_P","Defend_P","Defend_P","Defend_P","Defend_P","Eruption","Vigilance","Indignation","BowlingBash","EmptyFist","ThirdEye","CutThroughFate"],"relics":["PureWater","FossilizedHelix","Golden Idol","hubris:Icosahedron","MawBank","Garlic","Strawberry","infinitespire:Golems Mask","hubris:TenFootPole"],"acts_visited":["Exordium"],"potions_floor_usage":[12,14,16],"damage_taken":[{"damage":0,"enemies":"Jaw Worm","floor":1,"turns":3},{"damage":0,"enemies":"Small Slimes","floor":5,"turns":3},{"damage":16,"enemies":"Gremlin Nob","floor":6,"turns":4},{"damage":0,"enemies":"2 Louse","floor":10,"turns":2},{"damage":0,"enemies":"Blue Slaver","floor":11,"turns":3},{"damage":0,"enemies":"Lagavulin","floor":12,"turns":6},{"damage":0,"enemies":"2 Fungi Beasts","floor":13,"turns":2},{"damage":23,"enemies":"Replay:BlueRogue","floor":14,"turns":5},{"damage":59,"enemies":"Hexaghost","floor":16,"turns":11}],"seed_played":"5779395702260084221","potions_obtained":[{"floor":6,"key":"Dexterity Potion"},{"floor":10,"key":"champ:CounterPotion"},{"floor":11,"key":"Block Potion"}],"is_trial":false,"path_per_floor":["M","?","?","T","M","E","R","$","T","M","M","E","M","E","R","B"],"character_chosen":"WATCHER","items_purchased":[],"campfire_rested":2,"item_purchase_floors":[],"current_hp_per_floor":[65,49,49,49,49,33,52,52,59,59,59,59,59,36,57,0,0],"gold":488,"neow_bonus":"ONE_RARE_RELIC","is_daily":false,"chose_seed":false,"campfire_upgraded":0,"win_rate":0.0,"timestamp":1609614377,"path_taken":["M","?","?","?","M","E","R","?","T","M","M","E","?","E","R","BOSS"],"items_purchased_type":[],"build_version":"2020-12-22","purchased_purges":0,"victory":false,"max_hp_per_floor":[65,65,65,65,65,65,65,65,72,72,72,72,72,72,72,72,72],"card_choices":[{"not_picked":["ClearTheMind","Study"],"picked":"Indignation","floor":1},{"not_picked":["Protect","CrushJoints"],"picked":"BowlingBash","floor":5},{"not_picked":["FollowUp","Meditate"],"picked":"EmptyFist","floor":6},{"not_picked":["SashWhip","Replay:Battleflow","Evaluate"],"picked":"SKIP","floor":10},{"not_picked":["PathToVictory","Swivel","Replay:AtTheReady"],"picked":"SKIP","floor":11},{"not_picked":["Protect","Brilliance"],"picked":"ThirdEye","floor":12},{"not_picked":["CrushJoints","EmptyFist","Worship"],"picked":"SKIP","floor":13},{"not_picked":["Weave","Wallop"],"picked":"CutThroughFate","floor":14}],"player_experience":372718,"relics_obtained":[{"floor":4,"key":"MawBank"},{"floor":6,"key":"Garlic"},{"floor":9,"key":"Strawberry"},{"floor":12,"key":"infinitespire:Golems Mask"},{"floor":14,"key":"hubris:TenFootPole"}],"event_choices":[{"damage_healed":0,"gold_gain":0,"player_choice":"Take Damage","damage_taken":16,"relics_obtained":["Golden Idol"],"max_hp_gain":0,"max_hp_loss":0,"event_name":"Golden Idol","floor":2,"gold_loss":0}],"is_beta":false,"boss_relics":[],"items_purged_floors":[],"is_endless":false,"potions_floor_spawned":[6,10,11],"killed_by":"Hexaghost","ascension_level":7}}