{"host":"os7ajuuouznx3pj7","time":1609624240,"event":{"mods":["AchievementEnabler","BaseMod","Bestiary","Block Reminder","Colored Map","Colored Powertips","Keyboard Shortcuts","Minty Spire (QoL Compilation)","Quick Restart","Relic Stats","SuperFastMode"],"gold_per_floor":[114,129,4,23,23,23,23,23,70,20,50,50,60,73,73,147,147,126,76,88,38,38,65,65,93,117,117,136,136,156,169,169,244,244,257,257,50,61,61,61,8,8,8,38,55,65,65,65,65,65,65,65],"floor_reached":51,"playtime":6126,"items_purged":["Decay","Strike_R","Defend_R","Defend_R"],"score":1376,"play_id":"d9e10cac-35c5-445d-ac5d-1e0c05fd2f04","local_time":"20210102195040","is_ascension_mode":true,"campfire_choices":[{"data":"Rampage","floor":6.0,"key":"SMITH"},{"data":"Strike_R","floor":12.0,"key":"PURGE"},{"data":"Strike_R","floor":15.0,"key":"PURGE"},{"data":"Bludgeon","floor":24.0,"key":"SMITH"},{"data":"Defend_R","floor":27.0,"key":"PURGE"},{"data":"Defend_R","floor":29.0,"key":"PURGE"},{"floor":32.0,"key":"REST"},{"data":"Battle Trance","floor":40.0,"key":"SMITH"},{"data":"Impervious","floor":42.0,"key":"SMITH"},{"data":"Berserk","floor":49.0,"key":"SMITH"}],"circlet_count":0,"master_deck":["AscendersBane","Bash+1","Rampage+1","Flame Barrier","Shrug It Off","Battle Trance+1","Intimidate","Entrench+1","Disarm+1","Berserk+1","Bludgeon+1","Headbutt+1","Impervious+1","Bloodletting","Trip+1"],"relics":["Burning Blood","Peace Pipe","Smiling Mask","Nunchaku","PreservedInsect","Busted Crown","Gremlin Horn","Omamori","Whetstone","Philosopher\u0027s Stone","Juzu Bracelet","Toxic Egg 2","StoneCalendar","Toy Ornithopter"],"acts_visited":["Exordium","TheCity","TheBeyond"],"potions_floor_usage":[],"damage_taken":[{"damage":11.0,"enemies":"Jaw Worm","floor":1.0,"turns":4.0},{"damage":6.0,"enemies":"Cultist","floor":2.0,"turns":5.0},{"damage":4.0,"enemies":"2 Louse","floor":4.0,"turns":4.0},{"damage":22.0,"enemies":"Lagavulin","floor":11.0,"turns":7.0},{"damage":7.0,"enemies":"Red Slaver","floor":13.0,"turns":6.0},{"damage":6.0,"enemies":"2 Fungi Beasts","floor":14.0,"turns":4.0},{"damage":28.0,"enemies":"The Guardian","floor":16.0,"turns":11.0},{"damage":0.0,"enemies":"2 Thieves","floor":18.0,"turns":4.0},{"damage":31.0,"enemies":"Chosen","floor":20.0,"turns":9.0},{"damage":24.0,"enemies":"Slavers","floor":23.0,"turns":6.0},{"damage":0.0,"enemies":"Gremlin Leader","floor":25.0,"turns":3.0},{"damage":4.0,"enemies":"Snake Plant","floor":28.0,"turns":3.0},{"damage":32.0,"enemies":"Sentry and Sphere","floor":30.0,"turns":4.0},{"damage":0.0,"enemies":"Chosen and Byrds","floor":31.0,"turns":3.0},{"damage":34.0,"enemies":"Champ","floor":33.0,"turns":7.0},{"damage":0.0,"enemies":"3 Shapes","floor":35.0,"turns":5.0},{"damage":0.0,"enemies":"Orb Walker","floor":38.0,"turns":2.0},{"damage":12.0,"enemies":"Giant Head","floor":44.0,"turns":5.0},{"damage":29.0,"enemies":"Writhing Mass","floor":45.0,"turns":5.0},{"damage":24.0,"enemies":"3 Darklings","floor":46.0,"turns":3.0},{"damage":63.0,"enemies":"Donu and Deca","floor":50.0,"turns":7.0},{"damage":19,"enemies":"Awakened One","floor":51,"turns":2}],"seed_played":"2141062401136143926","potions_obtained":[{"floor":1.0,"key":"SkillPotion"},{"floor":2.0,"key":"PowerPotion"},{"floor":13.0,"key":"LiquidMemories"},{"floor":14.0,"key":"EssenceOfSteel"},{"floor":20.0,"key":"EntropicBrew"},{"floor":23.0,"key":"SneckoOil"},{"floor":28.0,"key":"SkillPotion"},{"floor":30.0,"key":"FearPotion"},{"floor":33.0,"key":"Weak Potion"},{"floor":45.0,"key":"GamblersBrew"},{"floor":46.0,"key":"SteroidPotion"}],"is_trial":false,"path_per_floor":["M","M","$","M","?","R","?","$","T","$","E","R","M","M","R","B",null,"M","?","M","$","?","E","R","E","T","R","M","R","M","M","R","B",null,"M","?","$","M","?","R","?","R","T","E","M","M","?","?","R","B","B"],"character_chosen":"IRONCLAD","items_purchased":["Shrug It Off","Juzu Bracelet"],"campfire_rested":1,"item_purchase_floors":[3,37],"current_hp_per_floor":[63,63,63,65,60,60,60,60,60,60,44,44,43,43,43,21,62,68,68,43,43,43,25,25,31,31,31,33,33,7,13,35,7,58,64,64,64,70,70,70,70,70,70,64,41,28,28,71,71,19,0,0],"gold":65,"neow_bonus":"ONE_RARE_RELIC","is_daily":false,"chose_seed":false,"campfire_upgraded":5,"win_rate":0.0,"timestamp":1609624240,"path_taken":["M","M","$","M","?","R","?","$","T","?","E","R","M","?","R","BOSS","M","?","?","$","?","E","R","E","T","R","M","R","M","M","R","BOSS","M","?","$","M","?","R","?","R","T","E","M","M","?","?","R","BOSS","BOSS"],"items_purchased_type":["Card","Relic"],"build_version":"2020-12-22","purchased_purges":4,"victory":false,"max_hp_per_floor":[75,75,75,75,75,75,75,75,75,75,75,75,75,75,75,75,75,75,75,75,75,75,75,75,75,75,75,75,75,75,75,75,75,75,75,75,75,75,71,71,71,71,71,71,71,71,71,71,71,71,71,71],"relic_stats":{"Gremlin Horn":[7,10],"counters":[22,109],"StoneCalendar":[49],"PreservedInsect":221,"Juzu Bracelet":1,"Whetstone":["Bash"],"Smiling Mask":225,"Burning Blood":126,"Peace Pipe":5,"Nunchaku":[16],"Busted Crown":28,"obtain_stats":[{"Gremlin Horn":23,"StoneCalendar":43,"PreservedInsect":11,"Omamori":25,"Juzu Bracelet":37,"Whetstone":26,"Smiling Mask":5,"Burning Blood":0,"Peace Pipe":0,"Nunchaku":9,"Busted Crown":17,"Philosopher\u0027s Stone":34,"Toxic Egg 2":41,"Toy Ornithopter":44},{"Gremlin Horn":10,"StoneCalendar":17,"PreservedInsect":4,"Omamori":11,"Juzu Bracelet":16,"Whetstone":11,"Smiling Mask":3,"Burning Blood":0,"Peace Pipe":0,"Nunchaku":3,"Busted Crown":7,"Philosopher\u0027s Stone":15,"Toxic Egg 2":17,"Toy Ornithopter":18},{"Gremlin Horn":60,"StoneCalendar":87,"PreservedInsect":20,"Omamori":63,"Juzu Bracelet":85,"Whetstone":63,"Smiling Mask":13,"Burning Blood":0,"Peace Pipe":0,"Nunchaku":13,"Busted Crown":41,"Philosopher\u0027s Stone":80,"Toxic Egg 2":87,"Toy Ornithopter":92}],"Toy Ornithopter":10},"card_choices":[{"not_picked":["True Grit","Reckless Charge"],"picked":"Rampage","floor":1.0},{"not_picked":["Metallicize","Power Through"],"picked":"Flame Barrier","floor":2.0},{"not_picked":["Twin Strike","Sever Soul"],"picked":"Battle Trance","floor":4.0},{"not_picked":["Twin Strike","Flame Barrier"],"picked":"Intimidate","floor":11.0},{"not_picked":["Armaments","Warcry"],"picked":"Entrench","floor":13.0},{"not_picked":["Dual Wield","Wild Strike","Burning Pact"],"picked":"SKIP","floor":14.0},{"not_picked":[],"picked":"Disarm+1","floor":18.0},{"not_picked":["Intimidate"],"picked":"SKIP","floor":20.0},{"not_picked":["Dark Embrace"],"picked":"SKIP","floor":23.0},{"not_picked":[],"picked":"Headbutt+1","floor":25.0},{"not_picked":["Wild Strike"],"picked":"SKIP","floor":28.0},{"not_picked":["Armaments"],"picked":"SKIP","floor":30.0},{"not_picked":["Havoc"],"picked":"SKIP","floor":31.0},{"not_picked":[],"picked":"Impervious","floor":33.0},{"not_picked":["Uppercut"],"picked":"SKIP","floor":35.0},{"not_picked":[],"picked":"Bloodletting","floor":38.0},{"not_picked":["Pommel Strike"],"picked":"SKIP","floor":44.0},{"not_picked":["Pommel Strike"],"picked":"SKIP","floor":44.0},{"not_picked":["Evolve"],"picked":"SKIP","floor":45.0},{"not_picked":["Pommel Strike"],"picked":"SKIP","floor":46.0},{"not_picked":[],"picked":"Trip+1","floor":47.0}],"player_experience":759103,"relics_obtained":[{"floor":9.0,"key":"Nunchaku"},{"floor":11.0,"key":"PreservedInsect"},{"floor":23.0,"key":"Gremlin Horn"},{"floor":25.0,"key":"Omamori"},{"floor":26.0,"key":"Whetstone"},{"floor":43.0,"key":"StoneCalendar"},{"floor":44.0,"key":"Toy Ornithopter"}],"event_choices":[{"damage_healed":0.0,"max_hp_gain":0.0,"max_hp_loss":0.0,"gold_gain":0.0,"event_name":"Scrap Ooze","player_choice":"Success","floor":5.0,"gold_loss":0.0,"damage_taken":5.0,"relics_obtained":["Smiling Mask"]},{"damage_healed":0.0,"max_hp_gain":0.0,"max_hp_loss":0.0,"gold_gain":0.0,"event_name":"Dead Adventurer","player_choice":"Searched \u00270\u0027 times","floor":7.0,"gold_loss":0.0,"damage_taken":0.0},{"damage_healed":0.0,"max_hp_gain":0.0,"max_hp_loss":0.0,"gold_gain":0.0,"event_name":"Designer","player_choice":"Upgrade","floor":19.0,"gold_loss":50.0,"damage_taken":0.0,"cards_upgraded":["Entrench"]},{"damage_healed":0.0,"max_hp_gain":0.0,"max_hp_loss":0.0,"gold_gain":0.0,"cards_transformed":["Strike_R","Strike_R"],"event_name":"Drug Dealer","player_choice":"Became Test Subject","floor":22.0,"gold_loss":0.0,"damage_taken":0.0,"cards_obtained":["Berserk","Bludgeon"]},{"damage_healed":0.0,"max_hp_gain":0.0,"max_hp_loss":0.0,"gold_gain":0.0,"event_name":"Mysterious Sphere","player_choice":"Ignored","floor":36.0,"gold_loss":0.0,"damage_taken":0.0},{"damage_healed":0.0,"max_hp_gain":0.0,"max_hp_loss":4.0,"gold_gain":0.0,"event_name":"Winding Halls","player_choice":"Max HP","floor":39.0,"gold_loss":0.0,"damage_taken":0.0},{"damage_healed":0.0,"max_hp_gain":0.0,"max_hp_loss":0.0,"gold_gain":0.0,"event_name":"WeMeetAgain","player_choice":"Paid Gold","floor":41.0,"gold_loss":53.0,"damage_taken":0.0,"relics_obtained":["Toxic Egg 2"]},{"damage_healed":0.0,"max_hp_gain":0.0,"max_hp_loss":0.0,"gold_gain":0.0,"event_name":"SensoryStone","player_choice":"Memory 1","floor":47.0,"gold_loss":0.0,"damage_taken":0.0},{"damage_healed":43.0,"max_hp_gain":0.0,"max_hp_loss":0.0,"gold_gain":0.0,"event_name":"MindBloom","player_choice":"Heal","floor":48.0,"gold_loss":0.0,"damage_taken":0.0,"cards_obtained":["Doubt"]}],"is_beta":false,"boss_relics":[{"not_picked":["SlaversCollar","Pandora\u0027s Box"],"picked":"Busted Crown"},{"not_picked":["Astrolabe","Runic Dome"],"picked":"Philosopher\u0027s Stone"}],"items_purged_floors":[3,10,21,37],"is_endless":false,"potions_floor_spawned":[1,2,13,14,20,23,28,30,33,45,46],"killed_by":"Awakened One","ascension_level":20}}