{"host":"g01l53quoe6lrer0","time":1609592628,"event":{"mods":["2.2 Compatiblity","BaseMod","Colored Map","Highlight Path","Keyboard Shortcuts","Minty Spire (QoL Compilation)","Permanent Neow","Quick Restart","StSLib","everything is the same but u backflip on backflip"],"gold_per_floor":[113,130,147,222,235,235,262,262,262,287,301,301,319,319,319,420,420,433,444,444,444,444,469,469,469,469,495,495,505,505,532,532,628,628,645,655,705,7,18,50,68,68,68,97,97,97,111,111,111,111],"floor_reached":51,"playtime":2669,"items_purged":["Twin Strike+1"],"score":898,"play_id":"0e60b4f2-861a-48cd-944e-d98e2d5651eb","local_time":"20210102220348","is_ascension_mode":true,"campfire_choices":[{"data":"Flame Barrier","floor":6.0,"key":"SMITH"},{"data":"Body Slam","floor":8.0,"key":"SMITH"},{"data":"Bash","floor":12.0,"key":"SMITH"},{"data":"Intimidate","floor":15.0,"key":"SMITH"},{"data":"Barricade","floor":24.0,"key":"SMITH"},{"data":"True Grit","floor":28.0,"key":"SMITH"},{"floor":30.0,"key":"REST"},{"floor":32.0,"key":"REST"},{"floor":42,"key":"DIG"},{"floor":45,"key":"DIG"},{"floor":49,"key":"DIG"}],"circlet_count":0,"master_deck":["Defend_R","Defend_R","Defend_R","Defend_R","Bash+1","Offering+1","Flame Barrier+1","Headbutt","Body Slam+1","Havoc","Seeing Red","Pommel Strike+1","Intimidate+1","Bludgeon+1","Bloodletting","Body Slam+1","Reaper+1","Bite+1","Bite+1","Bite+1","Bite+1","Barricade+1","True Grit+1","Impervious","Warcry+1","Sentinel+1","Metallicize","Corruption","Power Through+1","Shockwave","Warcry+1","Headbutt+1","Madness","Madness"],"relics":["Black Blood","Potion Belt","Molten Egg 2","Charon\u0027s Ashes","PreservedInsect","Gremlin Horn","Nunchaku","Question Card","Coffee Dripper","Shovel","Thread and Needle","TheAbacus","Unceasing Top","Calipers","Toy Ornithopter","Dream Catcher","Sundial","Self Forming Clay"],"acts_visited":["Exordium","TheCity","TheBeyond"],"potions_floor_usage":[50,50,50,50],"damage_taken":[{"damage":8.0,"enemies":"Jaw Worm","floor":1.0,"turns":2.0},{"damage":1.0,"enemies":"Small Slimes","floor":2.0,"turns":5.0},{"damage":6.0,"enemies":"2 Louse","floor":3.0,"turns":4.0},{"damage":14.0,"enemies":"Blue Slaver","floor":5.0,"turns":4.0},{"damage":9.0,"enemies":"3 Sentries","floor":7.0,"turns":5.0},{"damage":20.0,"enemies":"Gremlin Nob","floor":10.0,"turns":3.0},{"damage":9.0,"enemies":"Large Slime","floor":11.0,"turns":4.0},{"damage":1.0,"enemies":"Exordium Thugs","floor":13.0,"turns":3.0},{"damage":31.0,"enemies":"The Guardian","floor":16.0,"turns":8.0},{"damage":12.0,"enemies":"2 Thieves","floor":18.0,"turns":2.0},{"damage":3.0,"enemies":"3 Byrds","floor":19.0,"turns":5.0},{"damage":18.0,"enemies":"Book of Stabbing","floor":23.0,"turns":4.0},{"damage":13.0,"enemies":"Gremlin Leader","floor":27.0,"turns":5.0},{"damage":50.0,"enemies":"Sentry and Sphere","floor":29.0,"turns":6.0},{"damage":26.0,"enemies":"Book of Stabbing","floor":31.0,"turns":3.0},{"damage":86.0,"enemies":"Collector","floor":33.0,"turns":12.0},{"damage":0.0,"enemies":"3 Shapes","floor":35.0,"turns":2.0},{"damage":45.0,"enemies":"3 Darklings","floor":36.0,"turns":8.0},{"damage":6.0,"enemies":"Mind Bloom Boss Battle","floor":37.0,"turns":6.0},{"damage":28.0,"enemies":"Spire Growth","floor":39.0,"turns":7.0},{"damage":15,"enemies":"Giant Head","floor":40,"turns":8},{"damage":0,"enemies":"4 Shapes","floor":41,"turns":4},{"damage":16,"enemies":"Nemesis","floor":44,"turns":5},{"damage":9,"enemies":"Maw","floor":47,"turns":7},{"damage":14,"enemies":"Time Eater","floor":50,"turns":9}],"seed_played":"2526190996521392855","potions_obtained":[{"floor":2.0,"key":"FearPotion"},{"floor":3.0,"key":"PowerPotion"},{"floor":11.0,"key":"SneckoOil"},{"floor":16.0,"key":"Dexterity Potion"},{"floor":18.0,"key":"Weak Potion"},{"floor":23.0,"key":"DuplicationPotion"},{"floor":29.0,"key":"Weak Potion"},{"floor":40,"key":"Fire Potion"},{"floor":44,"key":"Fire Potion"}],"is_trial":false,"path_per_floor":["M","M","M","?","M","R","E","R","T","E","M","R","M","?","R","B",null,"M","M","?","?","?","E","R","?","T","E","R","M","R","E","R","B",null,"M","M","?","$","M","E","M","R","T","E","R","?","M","?","R","B",null],"character_chosen":"IRONCLAD","items_purchased":["Thread and Needle","TheAbacus","Weak Potion","SpeedPotion","Metallicize"],"campfire_rested":2,"item_purchase_floors":[38,38,38,38,38],"current_hp_per_floor":[78,80,80,69,61,61,58,58,58,44,41,41,46,46,46,21,80,80,80,80,80,56,56,56,56,56,56,56,30,46,35,51,22,56,56,56,56,56,56,56,56,56,56,56,56,56,56,49,49,56],"gold":111,"neow_bonus":"ONE_RANDOM_RARE_CARD","is_daily":false,"chose_seed":false,"campfire_upgraded":6,"win_rate":0.0,"timestamp":1609592628,"path_taken":["M","M","M","?","M","R","E","R","T","E","M","R","M","?","R","BOSS","M","M","?","?","?","E","R","?","T","E","R","?","R","E","R","BOSS","M","M","?","$","M","E","M","R","T","E","R","?","M","?","R","BOSS"],"items_purchased_type":["Relic","Relic","Potion","Potion","Card"],"build_version":"2020-12-22","purchased_purges":1,"victory":true,"max_hp_per_floor":[80,80,80,80,80,80,80,80,80,80,80,80,80,80,80,80,80,80,80,80,80,56,56,56,56,56,56,56,56,56,56,56,56,56,56,56,56,56,56,56,56,56,56,56,56,56,56,56,56,56],"card_choices":[{"not_picked":["True Grit","Wild Strike"],"picked":"Flame Barrier","floor":1.0},{"not_picked":["Shrug It Off","Clothesline"],"picked":"Headbutt","floor":2.0},{"not_picked":["Thunderclap","Disarm"],"picked":"Pommel Strike","floor":3.0},{"not_picked":["Reckless Charge","Disarm"],"picked":"Body Slam","floor":5.0},{"not_picked":["Infernal Blade","Headbutt"],"picked":"Havoc","floor":7.0},{"not_picked":["Perfected Strike+1","Flex"],"picked":"Seeing Red","floor":10.0},{"not_picked":["Twin Strike+1","Demon Form"],"picked":"Pommel Strike+1","floor":11.0},{"not_picked":["Seeing Red","Sword Boomerang+1"],"picked":"Intimidate","floor":13.0},{"not_picked":["Impervious","Juggernaut"],"picked":"Bludgeon+1","floor":16.0},{"not_picked":["Perfected Strike+1","Havoc"],"picked":"Bloodletting","floor":18.0},{"not_picked":["Sword Boomerang+1","Flex"],"picked":"Body Slam+1","floor":19.0},{"not_picked":["Sword Boomerang+1","Clothesline+1"],"picked":"Barricade","floor":23.0},{"not_picked":["Anger+1","Whirlwind+1"],"picked":"True Grit","floor":27.0},{"not_picked":["Cleave+1","Armaments","Wild Strike+1"],"picked":"SKIP","floor":29.0},{"not_picked":["Twin Strike+1","Searing Blow+1","Berserk"],"picked":"SKIP","floor":31.0},{"not_picked":["Limit Break","Double Tap","Reaper+1"],"picked":"Impervious","floor":33.0},{"not_picked":["Cleave+1","Thunderclap+1","Havoc+1"],"picked":"Warcry+1","floor":35.0},{"not_picked":["Dark Embrace","Sword Boomerang+1","Wild Strike+1"],"picked":"Sentinel+1","floor":36.0},{"not_picked":["Flex","Heavy Blade+1","Sword Boomerang+1"],"picked":"Corruption","floor":39.0},{"not_picked":["Twin Strike+1","Bludgeon+1","Feed+1"],"picked":"Power Through+1","floor":40},{"not_picked":["Warcry+1","Havoc+1","Cleave+1"],"picked":"Shockwave","floor":41},{"not_picked":["Twin Strike+1","Heavy Blade+1","Carnage+1"],"picked":"Warcry+1","floor":44},{"not_picked":["True Grit+1","Heavy Blade+1","Demon Form"],"picked":"Headbutt+1","floor":47}],"player_experience":20358,"relics_obtained":[{"floor":7.0,"key":"Potion Belt"},{"floor":9.0,"key":"Molten Egg 2"},{"floor":10.0,"key":"Charon\u0027s Ashes"},{"floor":23.0,"key":"PreservedInsect"},{"floor":26.0,"key":"Gremlin Horn"},{"floor":27.0,"key":"Nunchaku"},{"floor":31.0,"key":"Question Card"},{"floor":37.0,"key":"Shovel"},{"floor":40,"key":"Unceasing Top"},{"floor":42,"key":"Calipers"},{"floor":43,"key":"Toy Ornithopter"},{"floor":44,"key":"Dream Catcher"},{"floor":45,"key":"Sundial"},{"floor":49,"key":"Self Forming Clay"}],"event_choices":[{"damage_healed":0.0,"max_hp_gain":0.0,"max_hp_loss":0.0,"gold_gain":75.0,"event_name":"World of Goop","player_choice":"Gather Gold","floor":4.0,"gold_loss":0.0,"damage_taken":11.0},{"damage_healed":0.0,"max_hp_gain":0.0,"max_hp_loss":0.0,"gold_gain":0.0,"event_name":"Living Wall","player_choice":"Grow","floor":14.0,"gold_loss":0.0,"damage_taken":0.0,"cards_upgraded":["Offering"]},{"damage_healed":0.0,"max_hp_gain":0.0,"max_hp_loss":0.0,"gold_gain":0.0,"event_name":"Ghosts","player_choice":"Ignored","floor":20.0,"gold_loss":0.0,"damage_taken":0.0},{"damage_healed":0.0,"max_hp_gain":0.0,"max_hp_loss":0.0,"gold_gain":0.0,"event_name":"The Library","player_choice":"Read","floor":21.0,"gold_loss":0.0,"damage_taken":0.0,"cards_obtained":["Reaper"]},{"damage_healed":0.0,"max_hp_gain":0.0,"max_hp_loss":24.0,"gold_gain":0.0,"event_name":"Vampires","player_choice":"Became a vampire","floor":22.0,"gold_loss":0.0,"damage_taken":0.0,"cards_obtained":["Bite","Bite","Bite","Bite","Bite"]},{"damage_healed":0.0,"max_hp_gain":0.0,"max_hp_loss":0.0,"gold_gain":0.0,"cards_transformed":["Pommel Strike"],"event_name":"Transmorgrifier","player_choice":"Transformed","floor":25.0,"gold_loss":0.0,"damage_taken":0.0,"cards_obtained":["Twin Strike"]},{"damage_healed":0.0,"max_hp_gain":0.0,"max_hp_loss":0.0,"gold_gain":0.0,"event_name":"MindBloom","player_choice":"Fight","floor":37.0,"gold_loss":0.0,"damage_taken":0.0},{"cards_removed":["Bite"],"damage_healed":0,"gold_gain":0,"player_choice":"Removed Attack","damage_taken":0,"max_hp_gain":0,"max_hp_loss":0,"event_name":"Falling","floor":46,"gold_loss":0},{"damage_healed":0,"gold_gain":0,"player_choice":"Embrace Madness","damage_taken":7,"max_hp_gain":0,"max_hp_loss":0,"event_name":"Winding Halls","floor":48,"gold_loss":0,"cards_obtained":["Madness","Madness"]}],"is_beta":false,"boss_relics":[{"not_picked":["Tiny House","Runic Cube"],"picked":"Black Blood"},{"not_picked":["Velvet Choker","Runic Pyramid"],"picked":"Coffee Dripper"}],"items_purged_floors":[38],"is_endless":false,"potions_floor_spawned":[2,3,11,16,18,23,29,40,44,47],"ascension_level":2}}