{"host":"tw7a6rmo9h75ssrt","time":1609554578,"event":{"mods":["Act Like it!","BaseMod","Colored Map","Highlight Path","Minty Spire (QoL Compilation)","Permanent Neow","Quick Restart","Relic Stats","SuperFastMode"],"gold_per_floor":[115,126,126,51,64,64,79,79,160,160,172,122,136,136,136,255,255,255,49,49,49],"floor_reached":20,"playtime":1034,"items_purged":["Strike_R"],"score":259,"play_id":"e74178f3-d735-415c-a80e-7d2d055867e3","local_time":"20210102102938","is_ascension_mode":true,"campfire_choices":[{"data":"Clothesline","floor":6.0,"key":"SMITH"},{"data":"Bash","floor":8.0,"key":"SMITH"},{"data":"Cleave","floor":10.0,"key":"SMITH"},{"data":"Inflame","floor":15.0,"key":"SMITH"},{"data":"Brutality","floor":18.0,"key":"SMITH"}],"circlet_count":0,"master_deck":["AscendersBane","Strike_R","Strike_R","Defend_R","Defend_R","Defend_R","Defend_R","Bash+1","Cleave+1","Clothesline+1","Impervious","Inflame+1","Brutality+1"],"relics":["Black Blood","NeowsBlessing","Sundial","Golden Idol","Pen Nib"],"acts_visited":["TheEnding"],"potions_floor_usage":[20,20],"damage_taken":[{"damage":0.0,"enemies":"Jaw Worm","floor":1.0,"turns":1.0},{"damage":0.0,"enemies":"Small Slimes","floor":2.0,"turns":1.0},{"damage":0.0,"enemies":"2 Louse","floor":5.0,"turns":1.0},{"damage":6.0,"enemies":"2 Fungi Beasts","floor":7.0,"turns":4.0},{"damage":13.0,"enemies":"3 Louse","floor":11.0,"turns":4.0},{"damage":1.0,"enemies":"Red Slaver","floor":13.0,"turns":3.0},{"damage":41.0,"enemies":"The Guardian","floor":16.0,"turns":14.0},{"damage":70,"enemies":"Shield and Spear","floor":20,"turns":3}],"seed_played":"-7813277489936969009","potions_obtained":[{"floor":2.0,"key":"LiquidMemories"},{"floor":5.0,"key":"ElixirPotion"},{"floor":11.0,"key":"ColorlessPotion"}],"is_trial":false,"path_per_floor":["M","M","?","$","M","R","M","R","T","R","M","?","M","?","R","B",null,"R","$","E"],"character_chosen":"IRONCLAD","items_purchased":["Pen Nib","ColorlessPotion"],"campfire_rested":0,"item_purchase_floors":[19,19],"current_hp_per_floor":[78,80,73,73,79,79,79,79,79,79,72,72,77,74,74,39,65,65,65,0,0],"gold":49,"neow_bonus":"THREE_ENEMY_KILL","is_daily":false,"chose_seed":false,"campfire_upgraded":5,"win_rate":0.0,"timestamp":1609554578,"path_taken":["M","M","?","$","M","R","M","R","T","R","M","?","M","?","R","BOSS","R","$","E"],"items_purchased_type":["Relic","Potion"],"build_version":"2020-12-22","purchased_purges":1,"victory":false,"max_hp_per_floor":[80,80,80,80,80,80,80,80,80,80,80,80,80,74,74,74,74,74,74,74,74],"relic_stats":{"counters":[8,31],"Sundial":[6],"Golden Idol":24,"Black Blood":38,"Pen Nib":[0],"obtain_stats":[{"NeowsBlessing":0,"Sundial":9,"Golden Idol":14,"Black Blood":17,"Pen Nib":19,"Burning Blood":0},{"NeowsBlessing":0,"Sundial":4,"Golden Idol":6,"Black Blood":7,"Pen Nib":7,"Burning Blood":0},{"NeowsBlessing":0,"Sundial":7,"Golden Idol":14,"Black Blood":28,"Pen Nib":28,"Burning Blood":0}]},"card_choices":[{"not_picked":["Iron Wave","Thunderclap"],"picked":"Cleave","floor":1.0},{"not_picked":["Heavy Blade","Entrench"],"picked":"Clothesline","floor":2.0},{"not_picked":["Blood for Blood","True Grit","Rupture"],"picked":"SKIP","floor":5.0},{"not_picked":["Warcry","Fire Breathing","True Grit"],"picked":"SKIP","floor":7.0},{"not_picked":["Warcry","Fire Breathing","True Grit"],"picked":"SKIP","floor":7.0},{"not_picked":["Twin Strike","Infernal Blade"],"picked":"Impervious","floor":11.0},{"not_picked":["Shrug It Off","Twin Strike"],"picked":"Inflame","floor":13.0},{"not_picked":["Double Tap","Juggernaut"],"picked":"Brutality","floor":16.0}],"player_experience":84819,"relics_obtained":[{"floor":9.0,"key":"Sundial"}],"event_choices":[{"cards_removed":["Strike_R"],"damage_healed":0.0,"max_hp_gain":0.0,"max_hp_loss":0.0,"gold_gain":0.0,"event_name":"Golden Wing","player_choice":"Card Removal","floor":3.0,"gold_loss":0.0,"damage_taken":7.0},{"cards_removed":["Strike_R"],"damage_healed":0.0,"max_hp_gain":0.0,"max_hp_loss":0.0,"gold_gain":0.0,"event_name":"The Cleric","player_choice":"Card Removal","floor":12.0,"gold_loss":50.0,"damage_taken":0.0},{"damage_healed":0.0,"max_hp_gain":0.0,"max_hp_loss":6.0,"gold_gain":0.0,"event_name":"Golden Idol","player_choice":"Lose Max HP","floor":14.0,"gold_loss":0.0,"damage_taken":0.0,"relics_obtained":["Golden Idol"]}],"is_beta":false,"boss_relics":[{"not_picked":["Fusion Hammer","Tiny House"],"picked":"Black Blood"}],"items_purged_floors":[4],"is_endless":false,"potions_floor_spawned":[2,5,11],"killed_by":"Shield and Spear","ascension_level":12}}