{"host":"w3q5ijqu8eoknil3","time":1609625830,"event":{"mods":["AchievementEnabler","BaseMod","Block Reminder","Colored Powertips","Minty Spire (QoL Compilation)","Quick Restart","Relic Stats","ojb\u0027s Better Paths Mod","ojb\u0027s Info Mod","slay the spire mod where everything is the same but ironclad has a cowboy hat"],"gold_per_floor":[114,131,131,131,131,166,177,177,177,212,235,235,279,294,294,294,294],"floor_reached":16,"playtime":453,"items_purged":[],"score":290,"play_id":"b9e607b7-3f3d-4449-a243-5dfab37748a9","local_time":"20210102221710","is_ascension_mode":true,"campfire_choices":[{"data":"Feel No Pain","floor":12,"key":"SMITH"},{"data":"Body Slam","floor":15,"key":"SMITH"}],"circlet_count":0,"master_deck":["AscendersBane","Strike_R","Strike_R","Strike_R","Strike_R","Defend_R","Defend_R","Defend_R","Defend_R","Bash","Spot Weakness","Cleave","Rage","Feel No Pain+1","Wild Strike","Feed","Clothesline","Body Slam+1"],"relics":["Burning Blood","NeowsBlessing","Mercury Hourglass","Golden Idol","Letter Opener","Unceasing Top","Pen Nib"],"acts_visited":["Exordium"],"potions_floor_usage":[7,11,16],"damage_taken":[{"damage":0,"enemies":"2 Louse","floor":1,"turns":1},{"damage":0,"enemies":"Jaw Worm","floor":2,"turns":1},{"damage":0,"enemies":"Gremlin Nob","floor":6,"turns":1},{"damage":8,"enemies":"Small Slimes","floor":7,"turns":3},{"damage":12,"enemies":"3 Sentries","floor":10,"turns":6},{"damage":12,"enemies":"Exordium Wildlife","floor":11,"turns":3},{"damage":52,"enemies":"Gremlin Nob","floor":13,"turns":5},{"damage":1,"enemies":"2 Fungi Beasts","floor":14,"turns":2},{"damage":24,"enemies":"The Guardian","floor":16,"turns":7}],"seed_played":"3226161850998027274","potions_obtained":[{"floor":1,"key":"AttackPotion"},{"floor":2,"key":"DuplicationPotion"},{"floor":14,"key":"Fire Potion"}],"is_trial":false,"path_per_floor":["M","M","?","?","?","E","M","?","T","E","M","R","E","M","R","B"],"character_chosen":"IRONCLAD","items_purchased":[],"campfire_rested":0,"item_purchase_floors":[],"current_hp_per_floor":[74,75,75,80,80,80,78,72,72,66,60,60,14,22,22,0,0],"gold":294,"neow_bonus":"THREE_ENEMY_KILL","is_daily":false,"chose_seed":false,"campfire_upgraded":2,"win_rate":0.0,"timestamp":1609625830,"path_taken":["M","M","?","?","?","E","M","?","T","E","?","R","E","M","R","BOSS"],"items_purchased_type":[],"build_version":"2020-12-22","purchased_purges":0,"victory":false,"max_hp_per_floor":[75,75,75,80,80,80,80,72,72,72,72,72,72,75,75,75,75],"relic_stats":{"counters":[9,28],"Golden Idol":24,"Pen Nib":[1],"Letter Opener":[10],"obtain_stats":[{"NeowsBlessing":0,"Golden Idol":8,"Pen Nib":13,"Letter Opener":9,"Burning Blood":0,"Unceasing Top":10,"Mercury Hourglass":6},{"NeowsBlessing":0,"Golden Idol":4,"Pen Nib":7,"Letter Opener":4,"Burning Blood":0,"Unceasing Top":5,"Mercury Hourglass":3},{"NeowsBlessing":0,"Golden Idol":6,"Pen Nib":19,"Letter Opener":6,"Burning Blood":0,"Unceasing Top":12,"Mercury Hourglass":3}],"Burning Blood":37,"Unceasing Top":[1],"Mercury Hourglass":[112]},"card_choices":[{"not_picked":["Blood for Blood","Rage"],"picked":"Spot Weakness","floor":1},{"not_picked":["Shrug It Off","Body Slam"],"picked":"Cleave","floor":2},{"not_picked":["Clash","Seeing Red","Inflame"],"picked":"SKIP","floor":6},{"not_picked":["Body Slam","Iron Wave"],"picked":"Feel No Pain","floor":7},{"not_picked":["Warcry","Body Slam"],"picked":"Wild Strike","floor":10},{"not_picked":["Havoc","Fire Breathing"],"picked":"Feed","floor":11},{"not_picked":["Perfected Strike","Inflame"],"picked":"Clothesline","floor":13},{"not_picked":["Clash","Thunderclap"],"picked":"Body Slam","floor":14}],"player_experience":972503,"relics_obtained":[{"floor":6,"key":"Mercury Hourglass"},{"floor":9,"key":"Letter Opener"},{"floor":10,"key":"Unceasing Top"},{"floor":13,"key":"Pen Nib"}],"event_choices":[{"damage_healed":0,"gold_gain":0,"player_choice":"Ignored","damage_taken":0,"max_hp_gain":0,"max_hp_loss":0,"event_name":"Liars Game","floor":3,"gold_loss":0},{"damage_healed":0,"gold_gain":0,"player_choice":"Donut","damage_taken":0,"max_hp_gain":5,"max_hp_loss":0,"event_name":"Big Fish","floor":4,"gold_loss":0},{"damage_healed":0,"gold_gain":0,"cards_transformed":["Strike_R"],"player_choice":"Change","damage_taken":0,"max_hp_gain":0,"max_hp_loss":0,"event_name":"Living Wall","floor":5,"gold_loss":0,"cards_obtained":["Rage"]},{"damage_healed":0,"gold_gain":0,"player_choice":"Lose Max HP","damage_taken":0,"relics_obtained":["Golden Idol"],"max_hp_gain":0,"max_hp_loss":8,"event_name":"Golden Idol","floor":8,"gold_loss":0}],"is_beta":false,"boss_relics":[],"items_purged_floors":[],"is_endless":false,"potions_floor_spawned":[1,2,14],"killed_by":"The Guardian","ascension_level":20}}