{"host":"Arid","time":1609614032,"event":{"mods":["2.2 Compatiblity","AchievementEnabler","Act Like it!","BaseMod","Downfall","Hermit","Jorbs\u0027s Wanderer Trilogy","Minty Spire (QoL Compilation)","StSLib","The Animator","The Cursed","The Runesmith"],"gold_per_floor":[117,134,149,174,174,204,219,219,245,274,329,346,346,346,346,453,453,484,501,274,285,107,107,142,142,169,169,183,265,265,362,362,460,485,498,508,183,209,209,209,283,283,309,686,686,202,281,281,281,289,289,289,15,78,82],"floor_reached":56,"playtime":5064,"items_purged":["animator:Strike","animator:Defend","animator:Spearman"],"score":1583,"play_id":"08bae198-58fe-4697-8c7a-ab2a2b7e685b","local_time":"20210102140032","is_ascension_mode":true,"campfire_choices":[{"data":"animator:KrulTepes","floor":8,"key":"SMITH"},{"floor":15,"key":"REST"},{"data":"animator:Biyorigo","floor":23,"key":"SMITH"},{"data":"animator:HigakiRinne","floor":27,"key":"SMITH"},{"data":"animator:Priestess","floor":32,"key":"SMITH"},{"data":"animator:Konayuki","floor":40,"key":"SMITH"},{"data":"animator:Mikaela","floor":42,"key":"SMITH"},{"data":"animator:GuildGirl","floor":45,"key":"SMITH"},{"floor":49,"key":"RECALL"},{"data":"animator:Archer","floor":52,"key":"SMITH"}],"circlet_count":0,"master_deck":["animator:Defend_GoblinSlayer","animator:LizardPriest","animator:DwarfShaman+1","animator:KrulTepes+1","animator:Shinoa","animator:Priestess+1","animator:HigakiRinne+1","animator:Witch+1","animator:Mikaela+1","animator:Biyorigo+1","animator:Archer+1","animator:Spearman","animator:Gilgamesh+10","Bite","Bite","Bite","Bite","Bite","animator:Kuribayashi+1","animator:Emonzaemon+1","animator:RinTohsaka+1","animator:GuildGirl+1","animator:Konayuki+1","animator:TsurugaMeisai+1","animator:DwarfShaman","animator:Archer+1"],"relics":["animator:LivingPicture","animator:TheMissingPiece","Oddly Smooth Stone","Centennial Puzzle","Blood Vial","animator:ShionDessert","Lantern","Cursed Key","Vajra","Blood Vial","sneckomod:BlankCard","Bag of Preparation","Paper Crane","Blood Vial","Omamori","Astrolabe","animator:BattleDrones","PreservedInsect","Blood Vial","Old Coin","ClockworkSouvenir","Strawberry","Incense Burner","Nunchaku","Orichalcum"],"acts_visited":["Exordium","TheCity","TheBeyond","TheEnding"],"potions_floor_usage":[6,12,24,28,29,29,31,33,33,44,50,55],"damage_taken":[{"damage":1.0,"enemies":"2 Louse","floor":1.0,"turns":3.0},{"damage":0.0,"enemies":"Jaw Worm","floor":2.0,"turns":3.0},{"damage":0.0,"enemies":"Small Slimes","floor":3.0,"turns":3.0},{"damage":2,"enemies":"Looter","floor":4,"turns":3},{"damage":29,"enemies":"3 Sentries","floor":6,"turns":11},{"damage":0,"enemies":"Exordium Wildlife","floor":7,"turns":2},{"damage":24,"enemies":"Gremlin Nob","floor":10,"turns":4},{"damage":0,"enemies":"3 Louse","floor":12,"turns":4},{"damage":8,"enemies":"The Guardian","floor":16,"turns":9},{"damage":0,"enemies":"Chosen","floor":18,"turns":4},{"damage":2,"enemies":"3 Byrds","floor":19,"turns":3},{"damage":0,"enemies":"3 Cultists","floor":21,"turns":4},{"damage":7,"enemies":"Book of Stabbing","floor":24,"turns":5},{"damage":10,"enemies":"Cultist and Chosen","floor":28,"turns":5},{"damage":8,"enemies":"Gremlin Leader","floor":29,"turns":5},{"damage":18,"enemies":"Slavers","floor":31,"turns":5},{"damage":38,"enemies":"Collector","floor":33,"turns":8},{"damage":0,"enemies":"3 Shapes","floor":35,"turns":3},{"damage":2,"enemies":"3 Darklings","floor":36,"turns":4},{"damage":12,"enemies":"Jaw Worm Horde","floor":38,"turns":4},{"damage":23,"enemies":"Nemesis","floor":41,"turns":5},{"damage":5,"enemies":"Reptomancer","floor":44,"turns":3},{"damage":3,"enemies":"Mind Bloom Boss Battle","floor":47,"turns":7},{"damage":95,"enemies":"Awakened One","floor":50,"turns":16},{"damage":8,"enemies":"Shield and Spear","floor":54,"turns":4},{"damage":48,"enemies":"The Heart","floor":55,"turns":7}],"seed_played":"-7016022690777742485","potions_obtained":[{"floor":1.0,"key":"BlessingOfTheForge"},{"floor":3,"key":"Swift Potion"},{"floor":10,"key":"animator:FalseLifePotion"},{"floor":12,"key":"Weak Potion"},{"floor":16,"key":"Weak Potion"},{"floor":18,"key":"Dexterity Potion"},{"floor":28,"key":"EssenceOfSteel"},{"floor":29,"key":"Regen Potion"},{"floor":35,"key":"SteroidPotion"},{"floor":38,"key":"DistilledChaos"}],"is_trial":false,"path_per_floor":["M","M","M","M","?","E","M","R","T","E","?","M","?","?","R","B",null,"M","M","$","M","$","R","E","?","T","R","M","E","?","E","R","B",null,"M","M","$","M","?","R","E","R","T","E","R","$","?","?","R","B",null,"R","$","E","B",null],"character_chosen":"THE_ANIMATOR","items_purchased":["animator:Biyorigo","Vajra","animator:Spearman","animator:BattleDrones","animator:GuildGirl","animator:Archer","ClockworkSouvenir","Strawberry","Nunchaku"],"campfire_rested":1,"item_purchase_floors":[20,22,22,37,37,46,46,46,53],"current_hp_per_floor":[65,65,65,63,68,39,39,39,39,16,16,18,18,18,39,33,62,64,64,64,66,66,66,61,48,48,48,42,52,52,58,58,31,66,78,77,77,71,71,71,57,57,57,58,58,65,78,96,96,9,74,74,74,78,40],"gold":82,"neow_bonus":"UPGRADE_CARD","is_daily":false,"chose_seed":false,"campfire_upgraded":8,"win_rate":0.0,"timestamp":1609614032,"path_taken":["M","M","M","M","?","E","M","R","T","E","?","M","?","?","R","BOSS","M","M","$","M","$","R","E","?","T","R","M","E","?","E","R","BOSS","M","M","$","M","?","R","E","R","T","E","R","$","?","?","R","BOSS","R","$","E","BOSS"],"items_purchased_type":["Card","Relic","Card","Relic","Card","Card","Relic","Relic","Relic"],"build_version":"2020-12-18","purchased_purges":3,"victory":true,"max_hp_per_floor":[66,66,66,66,71,71,71,71,71,72,72,72,72,72,72,72,72,72,72,72,72,72,72,72,77,77,77,77,77,77,77,77,78,78,78,78,78,79,79,79,79,79,79,79,79,86,86,96,96,96,96,96,96,96,96],"card_choices":[{"not_picked":["animator:Vanir","animator:Tatsumaki"],"picked":"animator:KrulTepes","floor":1.0},{"not_picked":["animator:MumenRider","animator:Assassin","animator:Kazuma"],"picked":"SKIP","floor":2.0},{"not_picked":["animator:SakuraMatou","animator:Alexander","animator:Aqua"],"picked":"SKIP","floor":3},{"not_picked":["animator:LizardPriest","animator:Priestess"],"picked":"animator:Spearman","floor":4},{"not_picked":["animator:Tatsumaki","animator:RinTohsaka"],"picked":"animator:Shinoa","floor":6},{"not_picked":["animator:HiiragiShinya","animator:HighElfArcher","animator:Alexander"],"picked":"SKIP","floor":7},{"not_picked":["animator:Yoichi","animator:FeridBathory"],"picked":"animator:Priestess","floor":10},{"not_picked":["animator:Saber","animator:Boros"],"picked":"animator:HigakiRinne","floor":16},{"not_picked":["animator:Mikaela+1","animator:KrulTepes"],"picked":"animator:Witch+1","floor":18},{"not_picked":["animator:Mitsuba","animator:Tatsumaki+1"],"picked":"animator:Mikaela","floor":19},{"not_picked":["animator:Bozes+1","animator:Konayuki"],"picked":"animator:Archer+1","floor":21},{"not_picked":["animator:Melzalgald","animator:Vanir"],"picked":"animator:Gilgamesh","floor":28},{"not_picked":["animator:KrulTepes+1","animator:Tatsumaki","animator:LizardPriest"],"picked":"SKIP","floor":29},{"not_picked":["animator:Shichika","animator:Shinoa+1"],"picked":"animator:Kuribayashi+1","floor":31},{"not_picked":["animator:Wiz","animator:Eris"],"picked":"animator:SwordMaiden","floor":33},{"not_picked":["animator:UneriGinkaku","animator:Priestess","animator:Alexander"],"picked":"SKIP","floor":36},{"not_picked":["animator:Megumin+1","animator:Berserker"],"picked":"animator:Konayuki","floor":38},{"not_picked":["animator:LeleiLaLalena","animator:HigakiRinne"],"picked":"animator:TsurugaMeisai+1","floor":41},{"not_picked":["animator:Witch","animator:Priestess"],"picked":"animator:DwarfShaman","floor":44},{"not_picked":["animator:Alexander+1","animator:Archer","animator:LeleiLaLalena"],"picked":"SKIP","floor":54}],"player_experience":401201,"relics_obtained":[{"floor":6,"key":"Oddly Smooth Stone"},{"floor":9,"key":"Centennial Puzzle"},{"floor":10,"key":"Blood Vial"},{"floor":10,"key":"animator:ShionDessert"},{"floor":24,"key":"Blood Vial"},{"floor":24,"key":"sneckomod:BlankCard"},{"floor":26,"key":"Bag of Preparation"},{"floor":29,"key":"Blood Vial"},{"floor":29,"key":"Paper Crane"},{"floor":31,"key":"Blood Vial"},{"floor":31,"key":"Omamori"},{"floor":41,"key":"PreservedInsect"},{"floor":44,"key":"Blood Vial"},{"floor":44,"key":"Old Coin"},{"floor":47,"key":"Incense Burner"},{"floor":54,"key":"Orichalcum"}],"event_choices":[{"damage_healed":0,"gold_gain":0,"player_choice":"Donut","damage_taken":0,"max_hp_gain":5,"max_hp_loss":0,"event_name":"Big Fish","floor":5,"gold_loss":0},{"damage_healed":0,"gold_gain":55,"player_choice":"Gained Gold","damage_taken":0,"max_hp_gain":0,"max_hp_loss":0,"event_name":"Golden Wing","floor":11,"gold_loss":0},{"damage_healed":0,"gold_gain":0,"player_choice":"Searched \u00272\u0027 times","damage_taken":0,"relics_obtained":["Lantern"],"max_hp_gain":0,"max_hp_loss":0,"event_name":"Dead Adventurer","floor":13,"gold_loss":0},{"cards_removed":["animator:Strike"],"damage_healed":0,"gold_gain":0,"player_choice":"Forget","damage_taken":0,"max_hp_gain":0,"max_hp_loss":0,"event_name":"Living Wall","floor":14,"gold_loss":0},{"damage_healed":0,"gold_gain":0,"player_choice":"Shed Blood","damage_taken":18,"max_hp_gain":5,"max_hp_loss":0,"event_name":"Forgotten Altar","floor":25,"gold_loss":0},{"damage_healed":0,"gold_gain":0,"player_choice":"Became a vampire (Vial)","damage_taken":0,"max_hp_gain":0,"max_hp_loss":0,"event_name":"Vampires","floor":30,"relics_lost":["Blood Vial"],"gold_loss":0,"cards_obtained":["Bite","Bite","Bite","Bite","Bite"]},{"damage_healed":0,"gold_gain":0,"player_choice":"Ignored","damage_taken":0,"max_hp_gain":0,"max_hp_loss":0,"event_name":"Tomb of Lord Red Mask","floor":39,"gold_loss":0},{"damage_healed":0,"gold_gain":0,"player_choice":"Fight","damage_taken":0,"max_hp_gain":0,"max_hp_loss":0,"event_name":"MindBloom","floor":47,"gold_loss":0},{"cards_removed":["animator:SwordMaiden"],"damage_healed":8,"gold_gain":0,"player_choice":"Offered Rare","damage_taken":0,"max_hp_gain":10,"max_hp_loss":0,"event_name":"Bonfire Elementals","floor":48,"gold_loss":0}],"is_beta":true,"boss_relics":[{"not_picked":["Busted Crown","Coffee Dripper"],"picked":"Cursed Key"},{"not_picked":["Philosopher\u0027s Stone","Mark of Pain"],"picked":"Astrolabe"}],"items_purged_floors":[20,46,53],"is_endless":false,"potions_floor_spawned":[1,3,10,12,16,18,28,29,35,38],"ascension_level":5}}