{"host":"3y33rrrkia6pkpow","time":1609565783,"event":{"mods":["2.2 Compatiblity","AchievementEnabler","Act Like it!","BaseMod","BetterRewards","Colored Map","Gensokyo","Minty Spire (QoL Compilation)","Quick Restart","Replay The Spire","Shop Mod","Spicy Shops","StSLib","Synergy Search","The Animator"],"gold_per_floor":[274,243,243,243,281,281,332,332,355,365,365],"floor_reached":10,"playtime":693,"items_purged":[],"score":96,"play_id":"8638be42-d363-4307-8e7c-456672c441f8","local_time":"20210101233623","is_ascension_mode":true,"campfire_choices":[{"floor":6,"key":"REST"},{"floor":8,"key":"REST"}],"circlet_count":0,"master_deck":["AscendersBane","animator:Strike_Kancolle","animator:Defend_Kancolle","animator:Strike","animator:Strike+1","animator:Strike+1","animator:Defend","animator:Defend","animator:Defend","animator:Shimakaze","animator:Ain","animator:Ain","animator:AcuraAkari+1","animator:Patchouli","animator:Megumin+1","Injury","animator:NagisaMomoe","animator:Fredrika"],"relics":["animator:LivingPicture","animator:TheMissingPiece","animator:PurgingStone","Golden Idol","Whetstone","Bag of Preparation"],"acts_visited":["Exordium"],"potions_floor_usage":[],"damage_taken":[{"damage":23,"enemies":"Jaw Worm","floor":1,"turns":4},{"damage":12,"enemies":"Small Slimes","floor":5,"turns":3},{"damage":34,"enemies":"3 Sentries","floor":7,"turns":6},{"damage":32,"enemies":"Gremlin Nob","floor":10,"turns":4}],"seed_played":"7839543782112118763","potions_obtained":[{"floor":1,"key":"FearPotion"}],"is_trial":false,"path_per_floor":["M","?","?","?","M","R","E","R","T","E"],"character_chosen":"THE_ANIMATOR","items_purchased":["animator:Ain","animator:AcuraAkari","animator:Patchouli"],"campfire_rested":2,"item_purchase_floors":[0,0,0],"current_hp_per_floor":[36,36,36,36,24,43,9,28,28,0,0],"gold":365,"neow_bonus":"","is_daily":false,"chose_seed":false,"campfire_upgraded":0,"win_rate":0.0,"timestamp":1609565783,"path_taken":["M","?","?","?","?","R","E","R","T","E"],"items_purchased_type":["Card","Card","Card"],"build_version":"2020-12-22","purchased_purges":0,"victory":false,"max_hp_per_floor":[66,66,66,66,66,66,66,66,66,66,66],"card_choices":[{"not_picked":["animator:Gluttony","animator:KyokoSakura"],"picked":"animator:Megumin","floor":1},{"not_picked":["animator:MaesHughes","animator:Mitsurugi"],"picked":"animator:NagisaMomoe","floor":5},{"not_picked":["animator:Chung","animator:ZankiKiguchi"],"picked":"animator:Fredrika","floor":7}],"player_experience":820695,"relics_obtained":[{"floor":7,"key":"Whetstone"},{"floor":9,"key":"Bag of Preparation"}],"event_choices":[{"damage_healed":0,"gold_gain":0,"player_choice":"Left Gold","damage_taken":0,"max_hp_gain":0,"max_hp_loss":0,"event_name":"World of Goop","floor":2,"gold_loss":31},{"damage_healed":0,"gold_gain":0,"player_choice":"Take Wound","damage_taken":0,"relics_obtained":["Golden Idol"],"max_hp_gain":0,"max_hp_loss":0,"event_name":"Golden Idol","floor":3,"gold_loss":0,"cards_obtained":["Injury"]},{"damage_healed":0,"gold_gain":0,"player_choice":"Grow","damage_taken":0,"max_hp_gain":0,"max_hp_loss":0,"event_name":"Living Wall","floor":4,"gold_loss":0,"cards_upgraded":["animator:AcuraAkari"]}],"is_beta":false,"boss_relics":[],"items_purged_floors":[],"is_endless":false,"potions_floor_spawned":[1],"killed_by":"Gremlin Nob","ascension_level":10}}