{"host":"wk46m6kgjezp23jj","time":1609547569,"event":{"mods":["AchievementEnabler","BaseMod","Beaked The Cultist","Bestiary","Colored Map","Colored Powertips","Downfall","Hermit","Minty Spire (QoL Compilation)","Replay The Spire","StSLib","The Bladedancer","The Construct","The Cursed","The Marked","The Servant 0.9.4"],"gold_per_floor":[113,156,176,191,42,42,55,69,69,69,99,99,116,141,141,141,141],"floor_reached":16,"playtime":1001,"items_purged":[],"score":137,"play_id":"d23a117e-2596-4a7d-882d-496385da8a18","local_time":"20210101193249","is_ascension_mode":false,"campfire_choices":[{"data":"A Thousand Cuts","floor":6,"key":"SMITH"},{"floor":12,"key":"REST"},{"floor":15,"key":"REST"}],"circlet_count":0,"master_deck":["Strike_G","Strike_G","Strike_G","Strike_G","Defend_G","Defend_G","Defend_G","Defend_G","Defend_G","Survivor","Neutralize","Backflip","Flying Knee","A Thousand Cuts+1","Escape Plan","Prepared","Backflip","Tactician","Sneak Up","Acrobatics","Distraction"],"relics":["Ring of the Snake","Mummified Hand","Medical Kit","Chameleon Ring","Paper Crane","Mercury Hourglass"],"acts_visited":["Exordium"],"potions_floor_usage":[11,14,16],"damage_taken":[{"damage":0,"enemies":"2 Louse","floor":1,"turns":3},{"damage":0,"enemies":"Cultist","floor":3,"turns":5},{"damage":0,"enemies":"Jaw Worm","floor":4,"turns":4},{"damage":3,"enemies":"Exordium Wildlife","floor":7,"turns":5},{"damage":1,"enemies":"3 Louse","floor":8,"turns":4},{"damage":0,"enemies":"Lagavulin","floor":11,"turns":5},{"damage":0,"enemies":"Gremlin Gang","floor":13,"turns":3},{"damage":16,"enemies":"Gremlin Nob","floor":14,"turns":5},{"damage":94,"enemies":"Fading Forest","floor":16,"turns":7}],"seed_played":"-6998034799588573156","potions_obtained":[{"floor":1,"key":"Milkshake"},{"floor":8,"key":"Reflective Coating"},{"floor":11,"key":"Fire Potion"},{"floor":13,"key":"Elixir"}],"is_trial":false,"path_per_floor":["M","?","M","M","$","R","M","M","T","$","E","R","M","E","R","B"],"character_chosen":"THE_SILENT","items_purchased":["Medical Kit"],"campfire_rested":2,"item_purchase_floors":[5],"current_hp_per_floor":[70,53,53,53,53,53,50,49,49,49,49,70,70,54,70,0,0],"gold":141,"neow_bonus":"RANDOM_EVENT","is_daily":false,"chose_seed":false,"campfire_upgraded":1,"win_rate":0.0,"timestamp":1609547569,"path_taken":["M","?","?","M","$","R","M","M","T","?","E","R","M","E","R","BOSS"],"items_purchased_type":["Relic"],"build_version":"2020-12-22","purchased_purges":0,"victory":false,"max_hp_per_floor":[70,70,70,70,70,70,70,70,70,70,70,70,70,70,70,70,70],"card_choices":[{"not_picked":["ReplayTheSpireMod:Speed Training","All Out Attack"],"picked":"Backflip","floor":1},{"not_picked":["Bane","Finisher"],"picked":"Flying Knee","floor":2},{"not_picked":["Bane","PiercingWail"],"picked":"A Thousand Cuts","floor":2},{"not_picked":["Bane","Prepared"],"picked":"Escape Plan","floor":3},{"not_picked":["Deflect","Riddle With Holes"],"picked":"Prepared","floor":4},{"not_picked":["Acrobatics","Riddle With Holes"],"picked":"Backflip","floor":7},{"not_picked":["Dagger Throw","Bouncing Flask"],"picked":"Tactician","floor":8},{"not_picked":["Well Laid Plans","Endless Agony"],"picked":"Sneak Up","floor":11},{"not_picked":["ReplayTheSpireMod:Exploit Weakness","Flying Knee"],"picked":"Acrobatics","floor":13},{"not_picked":["Blade Dance","Flechettes"],"picked":"Distraction","floor":14}],"player_experience":8225,"relics_obtained":[{"floor":2,"key":"Mummified Hand"},{"floor":9,"key":"Chameleon Ring"},{"floor":11,"key":"Paper Crane"},{"floor":14,"key":"Mercury Hourglass"}],"event_choices":[],"is_beta":false,"boss_relics":[],"items_purged_floors":[],"is_endless":false,"potions_floor_spawned":[1,8,11,13],"killed_by":"Fading Forest","ascension_level":0}}