{"host":"2461dio7vetlq1z3","time":1609592785,"event":{"mods":["2.2 Compatiblity","AchievementEnabler","BaseMod","Better Third Choice","Friendly Minions","Minty Spire (QoL Compilation)","Relic Stats","Replay The Spire","Spicy Shops","StSLib","Waifu the Spire"],"gold_per_floor":[109,109,128,141,66,66,97,97,150,167,198,208,224,224,224],"floor_reached":14,"playtime":526,"items_purged":[],"score":254,"play_id":"0a7be17f-7bf8-44d1-ab87-5d99991db065","local_time":"20210102140625","is_ascension_mode":true,"campfire_choices":[{"data":"BasicCrystalCard","floor":6,"key":"SMITH"},{"data":"Streamline","floor":8,"key":"SMITH"}],"circlet_count":0,"master_deck":["AscendersBane","Strike_B","Defend_B","Defend_B","Defend_B","Zap+1","Dualcast","Turbo","BasicCrystalCard+1","Streamline+1","FIFO Queue","Barrage","Scrape"],"relics":["Replay:Drink Me","Oddly Smooth Stone","Toy Ornithopter","Replay:Baseball"],"acts_visited":["Exordium"],"potions_floor_usage":[7,14],"damage_taken":[{"damage":3,"enemies":"Jaw Worm","floor":1,"turns":5},{"damage":0,"enemies":"Cultist","floor":3,"turns":4},{"damage":0,"enemies":"2 Louse","floor":4,"turns":2},{"damage":12,"enemies":"Gremlin Nob","floor":7,"turns":2},{"damage":0,"enemies":"Looter","floor":10,"turns":2},{"damage":9,"enemies":"Replay:BlueRogue","floor":11,"turns":5},{"damage":14,"enemies":"Exordium Wildlife","floor":12,"turns":5},{"damage":6,"enemies":"3 Louse","floor":13,"turns":3},{"damage":20,"enemies":"3 Sentries","floor":14,"turns":2}],"seed_played":"6923735340817175056","potions_obtained":[{"floor":3,"key":"Death Potion"},{"floor":11,"key":"Venom Potion"},{"floor":13,"key":"SpeedPotion"}],"is_trial":false,"path_per_floor":["M","?","M","M","?","R","E","R","T","M","E","M","M","E"],"character_chosen":"DEFECT","items_purchased":[],"campfire_rested":0,"item_purchase_floors":[],"current_hp_per_floor":[51,51,51,51,51,51,39,39,39,39,30,16,10,0,0],"gold":224,"neow_bonus":"BOSS_RELIC","is_daily":false,"chose_seed":false,"campfire_upgraded":2,"win_rate":0.0,"timestamp":1609592785,"path_taken":["M","?","?","M","?","R","E","R","T","M","E","M","M","E"],"items_purchased_type":[],"build_version":"2020-12-22","purchased_purges":0,"victory":false,"max_hp_per_floor":[54,54,54,54,54,54,54,54,54,54,54,54,54,54,54],"relic_stats":{"counters":[9,30],"obtain_stats":[{"Replay:Baseball":11,"Oddly Smooth Stone":7,"Cracked Core":0,"Replay:Drink Me":0,"Toy Ornithopter":9},{"Replay:Baseball":6,"Oddly Smooth Stone":4,"Cracked Core":0,"Replay:Drink Me":0,"Toy Ornithopter":4},{"Replay:Baseball":20,"Oddly Smooth Stone":13,"Cracked Core":0,"Replay:Drink Me":0,"Toy Ornithopter":13}],"Toy Ornithopter":5},"card_choices":[{"not_picked":["Panic Button","Cold Snap"],"picked":"Turbo","floor":1},{"not_picked":["Compile Driver","Hello World"],"picked":"BasicCrystalCard","floor":3},{"not_picked":["Hello World","Consume","Chaos"],"picked":"SKIP","floor":4},{"not_picked":["Leap","Consume"],"picked":"Streamline","floor":7},{"not_picked":["Consume","Skim","ReplaySort"],"picked":"SKIP","floor":10},{"not_picked":["Sunder","Coolheaded"],"picked":"FIFO Queue","floor":11},{"not_picked":["Tempest","Ball Lightning"],"picked":"Barrage","floor":12},{"not_picked":["Ball Lightning","Buffer"],"picked":"Scrape","floor":13}],"player_experience":1008945,"relics_obtained":[{"floor":7,"key":"Oddly Smooth Stone"},{"floor":9,"key":"Toy Ornithopter"},{"floor":11,"key":"Replay:Baseball"}],"event_choices":[{"damage_healed":0,"gold_gain":0,"player_choice":"Upgraded","damage_taken":0,"max_hp_gain":0,"max_hp_loss":0,"event_name":"Upgrade Shrine","floor":2,"gold_loss":0,"cards_upgraded":["Zap"]},{"cards_removed":["Strike_B"],"damage_healed":0,"gold_gain":0,"player_choice":"Card Removal","damage_taken":0,"max_hp_gain":0,"max_hp_loss":0,"event_name":"The Cleric","floor":5,"gold_loss":75}],"is_beta":false,"boss_relics":[],"items_purged_floors":[],"is_endless":false,"potions_floor_spawned":[3,11,13],"killed_by":"3 Sentries","ascension_level":20}}