{"host":"tva948ojjycf0txh","time":1609582007,"event":{"mods":["BaseMod","Minty Spire (QoL Compilation)","Replay The Spire","StSLib"],"gold_per_floor":[115,115,131,146,146,184,184,205,286,286,286],"floor_reached":10,"playtime":1041,"items_purged":[],"score":68,"play_id":"2bb39516-03fb-4817-a409-f8bdb992558b","local_time":"20210102180647","is_ascension_mode":false,"campfire_choices":[{"floor":7,"key":"REST"}],"circlet_count":0,"master_deck":["Strike_R","Strike_R","Strike_R","Strike_R","Defend_R","Defend_R","Defend_R","Defend_R","Bash","Fiend Fire","Entrench","Cleave","Feel No Pain","Reckless Charge","Juggernaut"],"relics":["Burning Blood","Golden Idol","Shovel","Letter Opener"],"acts_visited":["Exordium"],"potions_floor_usage":[],"damage_taken":[{"damage":1,"enemies":"Cultist","floor":1,"turns":3},{"damage":4,"enemies":"Jaw Worm","floor":3,"turns":4},{"damage":5,"enemies":"Small Slimes","floor":4,"turns":2},{"damage":45,"enemies":"Lagavulin","floor":6,"turns":8},{"damage":24,"enemies":"Gremlin Gang","floor":8,"turns":6},{"damage":31,"enemies":"Gremlin Nob","floor":10,"turns":4}],"seed_played":"8915347215934449849","potions_obtained":[{"floor":1,"key":"Elixir"},{"floor":6,"key":"SpeedPotion"}],"is_trial":false,"path_per_floor":["M","?","M","M","?","E","R","M","T","E"],"character_chosen":"IRONCLAD","items_purchased":[],"campfire_rested":1,"item_purchase_floors":[],"current_hp_per_floor":[80,60,62,63,63,24,48,30,30,0,0],"gold":286,"neow_bonus":"TRANSFORM_CARD","is_daily":false,"chose_seed":false,"campfire_upgraded":0,"win_rate":0.0,"timestamp":1609582007,"path_taken":["M","?","M","M","?","E","R","?","T","E"],"items_purchased_type":[],"build_version":"2020-12-22","purchased_purges":0,"victory":false,"max_hp_per_floor":[80,80,80,80,80,80,80,80,80,80,80],"card_choices":[{"not_picked":["Fire Breathing","Clash"],"picked":"Entrench","floor":1},{"not_picked":["Heavy Blade","Twin Strike"],"picked":"Cleave","floor":3},{"not_picked":["Warcry","Body Slam"],"picked":"Feel No Pain","floor":4},{"not_picked":["ReplayReversal","Combust"],"picked":"Reckless Charge","floor":6},{"not_picked":["Heavy Blade","Clash"],"picked":"Juggernaut","floor":8}],"player_experience":42479,"relics_obtained":[{"floor":6,"key":"Shovel"},{"floor":9,"key":"Letter Opener"}],"event_choices":[{"damage_healed":0,"gold_gain":0,"player_choice":"Take Damage","damage_taken":20,"relics_obtained":["Golden Idol"],"max_hp_gain":0,"max_hp_loss":0,"event_name":"Golden Idol","floor":2,"gold_loss":0},{"damage_healed":0,"gold_gain":0,"player_choice":"Ignored","damage_taken":0,"max_hp_gain":0,"max_hp_loss":0,"event_name":"NoteForYourself","floor":5,"gold_loss":0}],"is_beta":false,"boss_relics":[],"items_purged_floors":[],"is_endless":false,"potions_floor_spawned":[1,6],"killed_by":"Gremlin Nob","ascension_level":0}}