{"host":"k6u7q08ihsmpx7o5","time":1609565108,"event":{"mods":["BaseMod","Bestiary","Minty Spire (QoL Compilation)","StSLib"],"gold_per_floor":[113,113,38,38,38,363,393,425,425,425,445,473,473,492,492,569,569,469,482,482,482,38,38,38],"floor_reached":23,"playtime":1875,"items_purged":["Pain"],"score":506,"play_id":"2f1ffa31-9a1d-41b3-9b66-06377dab1818","local_time":"20210102062508","is_ascension_mode":true,"campfire_choices":[{"data":"Armaments","floor":10,"key":"SMITH"},{"data":"True Grit","floor":15,"key":"SMITH"}],"circlet_count":0,"master_deck":["AscendersBane","Strike_R","Strike_R","Strike_R","Strike_R","Strike_R","Defend_R","Defend_R","Defend_R","Bash","Armaments+1","Disarm","Brutality","True Grit+1","Reaper","Carnage","Shrug It Off+1","Ghostly","Ghostly","Ghostly"],"relics":["Burning Blood","NeowsBlessing","WarpedTongs","Old Coin","Incense Burner","Tiny Chest","Strawberry","Meat on the Bone","Runic Cube","Eternal Feather","Frozen Eye","Paper Frog"],"acts_visited":["Exordium","TheCity"],"potions_floor_usage":[12,18],"damage_taken":[{"damage":0,"enemies":"Small Slimes","floor":1,"turns":1},{"damage":0,"enemies":"3 Sentries","floor":6,"turns":1},{"damage":0,"enemies":"Gremlin Nob","floor":8,"turns":1},{"damage":0,"enemies":"Cultist","floor":11,"turns":4},{"damage":23,"enemies":"3 Sentries","floor":12,"turns":11},{"damage":7,"enemies":"Jaw Worm","floor":14,"turns":4},{"damage":51,"enemies":"The Guardian","floor":16,"turns":17},{"damage":25,"enemies":"2 Thieves","floor":18,"turns":5},{"damage":39,"enemies":"Chosen","floor":19,"turns":6},{"damage":44,"enemies":"Book of Stabbing","floor":23,"turns":9}],"seed_played":"-933587184538750669","potions_obtained":[{"floor":6,"key":"ColorlessPotion"},{"floor":8,"key":"PowerPotion"},{"floor":12,"key":"BlessingOfTheForge"}],"is_trial":false,"path_per_floor":["M","?","$","?","$","E","?","E","T","R","M","E","T","M","R","B",null,"M","M","?","T","$","E"],"character_chosen":"IRONCLAD","items_purchased":["Frozen Eye","Paper Frog"],"campfire_rested":0,"item_purchase_floors":[22,22],"current_hp_per_floor":[74,74,74,67,67,73,73,75,82,82,82,65,65,64,64,31,69,60,44,41,41,41,0,0],"gold":38,"neow_bonus":"THREE_ENEMY_KILL","is_daily":false,"chose_seed":false,"campfire_upgraded":2,"win_rate":0.0,"timestamp":1609565108,"path_taken":["M","?","$","?","?","E","?","E","T","R","M","E","?","?","R","BOSS","M","M","?","?","$","E"],"items_purchased_type":["Relic","Relic"],"build_version":"2020-12-22","purchased_purges":1,"victory":false,"max_hp_per_floor":[75,75,75,75,75,75,75,75,82,82,82,82,82,82,82,82,82,82,82,41,41,41,41,41],"card_choices":[{"not_picked":["Pommel Strike","Clothesline"],"picked":"Armaments","floor":1},{"not_picked":["Pommel Strike","Sever Soul","Havoc"],"picked":"SKIP","floor":6},{"not_picked":["Havoc","Evolve"],"picked":"Disarm","floor":8},{"not_picked":["Rupture","Body Slam","Perfected Strike"],"picked":"SKIP","floor":11},{"not_picked":["Twin Strike","Ghostly Armor"],"picked":"Brutality","floor":12},{"not_picked":["Anger","Sword Boomerang"],"picked":"True Grit","floor":14},{"not_picked":["Berserk","Offering"],"picked":"Reaper","floor":16},{"not_picked":["Pummel","Clothesline"],"picked":"Carnage","floor":18},{"not_picked":["Heavy Blade","Disarm"],"picked":"Shrug It Off+1","floor":19}],"player_experience":1925168,"relics_obtained":[{"floor":6,"key":"Old Coin"},{"floor":8,"key":"Tiny Chest"},{"floor":9,"key":"Strawberry"},{"floor":12,"key":"Meat on the Bone"},{"floor":21,"key":"Eternal Feather"}],"event_choices":[{"damage_healed":0,"gold_gain":0,"player_choice":"Rummage","damage_taken":0,"relics_obtained":["WarpedTongs"],"max_hp_gain":0,"max_hp_loss":0,"event_name":"Accursed Blacksmith","floor":2,"gold_loss":0,"cards_obtained":["Pain"]},{"cards_removed":["Defend_R"],"damage_healed":0,"gold_gain":0,"player_choice":"Card Removal","damage_taken":7,"max_hp_gain":0,"max_hp_loss":0,"event_name":"Golden Wing","floor":4,"gold_loss":0},{"damage_healed":0,"gold_gain":30,"player_choice":"Searched \u00272\u0027 times","damage_taken":0,"relics_obtained":["Incense Burner"],"max_hp_gain":0,"max_hp_loss":0,"event_name":"Dead Adventurer","floor":7,"gold_loss":0},{"damage_healed":0,"gold_gain":0,"player_choice":"Became a Ghost","damage_taken":0,"max_hp_gain":0,"max_hp_loss":41,"event_name":"Ghosts","floor":20,"gold_loss":0,"cards_obtained":["Ghostly","Ghostly","Ghostly"]}],"is_beta":false,"boss_relics":[{"not_picked":["Runic Pyramid","Calling Bell"],"picked":"Runic Cube"}],"items_purged_floors":[3],"is_endless":false,"potions_floor_spawned":[6,8,12,16],"killed_by":"Book of Stabbing","ascension_level":20}}