{"host":"640uue19m79c7wbt","time":1609571038,"event":{"mods":["BaseMod","Colored Map","Googly Eyes","Highlight Path","Minty Spire (QoL Compilation)","Quick Restart","StSLib"],"gold_per_floor":[111,18,18,18,30,64,78,113,113,38,213,176,176,194,194,291,291,307,323,323,335,335,335],"floor_reached":22,"playtime":783,"items_purged":["Strike_G"],"score":274,"play_id":"34fed3c4-7930-4041-8688-7874d7406667","local_time":"20210102020358","is_ascension_mode":true,"campfire_choices":[{"floor":13.0,"key":"REST"},{"floor":15.0,"key":"REST"}],"circlet_count":0,"master_deck":["Strike_G","Strike_G","Strike_G","Defend_G","Defend_G","Defend_G","Defend_G","Defend_G","Survivor","Neutralize","Eviscerate","Discovery","Acrobatics","Corpse Explosion","Endless Agony","Doubt","Blur","A Thousand Cuts","Cloak And Dagger+1","Dagger Throw+1"],"relics":["Ring of the Snake","NeowsBlessing","Ice Cream","Gremlin Horn","Du-Vu Doll","HoveringKite"],"acts_visited":["Exordium","TheCity"],"potions_floor_usage":[],"damage_taken":[{"damage":0.0,"enemies":"Jaw Worm","floor":1.0,"turns":1.0},{"damage":0.0,"enemies":"Small Slimes","floor":5.0,"turns":1.0},{"damage":0.0,"enemies":"3 Sentries","floor":6.0,"turns":1.0},{"damage":1.0,"enemies":"Cultist","floor":7.0,"turns":3.0},{"damage":28.0,"enemies":"Gremlin Nob","floor":8.0,"turns":4.0},{"damage":17.0,"enemies":"3 Louse","floor":14.0,"turns":2.0},{"damage":25.0,"enemies":"Hexaghost","floor":16.0,"turns":10.0},{"damage":28.0,"enemies":"2 Thieves","floor":18.0,"turns":3.0},{"damage":0.0,"enemies":"3 Byrds","floor":19.0,"turns":2.0},{"damage":32.0,"enemies":"Snake Plant","floor":21.0,"turns":7.0},{"damage":9,"enemies":"Centurion and Healer","floor":22,"turns":2}],"seed_played":"-2513459300919422002","potions_obtained":[{"floor":1.0,"key":"LiquidBronze"},{"floor":5.0,"key":"Fruit Juice"},{"floor":6.0,"key":"DuplicationPotion"},{"floor":14.0,"key":"Dexterity Potion"},{"floor":21.0,"key":"Weak Potion"}],"is_trial":false,"path_per_floor":["M","$","?","?","M","E","M","E","T","$","?","?","R","M","R","B",null,"M","M","?","M","M"],"character_chosen":"THE_SILENT","items_purchased":["Discovery"],"campfire_rested":2,"item_purchase_floors":[2],"current_hp_per_floor":[70,70,45,38,43,43,42,14,14,14,14,14,36,19,41,16,60,32,32,57,25,16,16],"gold":335,"neow_bonus":"THREE_ENEMY_KILL","is_daily":false,"chose_seed":false,"campfire_upgraded":0,"win_rate":0.0,"timestamp":1609571038,"path_taken":["M","$","?","?","?","E","M","E","T","?","?","?","R","M","R","BOSS","M","M","?","M","M"],"items_purchased_type":["Card"],"build_version":"2020-12-22","purchased_purges":1,"victory":false,"max_hp_per_floor":[70,70,70,70,75,75,75,75,75,75,75,75,75,75,75,75,75,75,75,75,75,75,75],"card_choices":[{"not_picked":["Catalyst","Quick Slash"],"picked":"Eviscerate","floor":1.0},{"not_picked":["Expertise","Outmaneuver"],"picked":"Acrobatics","floor":5.0},{"not_picked":["Acrobatics","Flying Knee"],"picked":"Corpse Explosion","floor":6.0},{"not_picked":["Poisoned Stab","Flechettes"],"picked":"Endless Agony","floor":7.0},{"not_picked":["Outmaneuver","Flying Knee","Deadly Poison"],"picked":"SKIP","floor":8.0},{"not_picked":["Footwork","Flying Knee"],"picked":"Blur","floor":14.0},{"not_picked":["Storm of Steel","Doppelganger"],"picked":"A Thousand Cuts","floor":16.0},{"not_picked":["Bane","Dagger Throw"],"picked":"Cloak And Dagger+1","floor":18.0},{"not_picked":["Deflect","Outmaneuver","Flechettes"],"picked":"SKIP","floor":19.0},{"not_picked":["Setup","Flying Knee+1"],"picked":"Dagger Throw+1","floor":21.0}],"player_experience":547825,"relics_obtained":[{"floor":6.0,"key":"Gremlin Horn"},{"floor":8.0,"key":"Du-Vu Doll"}],"event_choices":[{"damage_healed":0.0,"max_hp_gain":0.0,"max_hp_loss":0.0,"gold_gain":0.0,"event_name":"Scrap Ooze","player_choice":"Success","floor":3.0,"gold_loss":0.0,"damage_taken":25.0,"relics_obtained":["Ice Cream"]},{"cards_removed":["Strike_G"],"damage_healed":0.0,"max_hp_gain":0.0,"max_hp_loss":0.0,"gold_gain":0.0,"event_name":"Golden Wing","player_choice":"Card Removal","floor":4.0,"gold_loss":0.0,"damage_taken":7.0},{"damage_healed":0.0,"max_hp_gain":0.0,"max_hp_loss":0.0,"gold_gain":175.0,"event_name":"Liars Game","player_choice":"AGREE","floor":11.0,"gold_loss":0.0,"damage_taken":0.0,"cards_obtained":["Doubt"]},{"damage_healed":0.0,"max_hp_gain":0.0,"max_hp_loss":0.0,"gold_gain":0.0,"event_name":"World of Goop","player_choice":"Left Gold","floor":12.0,"gold_loss":37.0,"damage_taken":0.0},{"damage_healed":25.0,"max_hp_gain":0.0,"max_hp_loss":0.0,"gold_gain":0.0,"event_name":"The Library","player_choice":"Heal","floor":20.0,"gold_loss":0.0,"damage_taken":0.0}],"is_beta":false,"boss_relics":[{"not_picked":["Coffee Dripper","Philosopher\u0027s Stone"],"picked":"HoveringKite"}],"items_purged_floors":[10],"is_endless":false,"potions_floor_spawned":[1,5,6,14,21],"killed_by":"Centurion and Healer","ascension_level":5}}