{"host":"rmsq46plbpwfbxcc","time":1609563020,"event":{"mods":["AchievementEnabler","BaseMod","Colored Map","Colored Powertips","DeckTracker","KOR Keyword Fix","Minty Spire (QoL Compilation)","Permanent Neow","Quick Restart","SuperFastMode"],"gold_per_floor":[112,130,141,156,1,1,30,43,121,140,140,140,171,188,188,290,340,325,343,343,100,116,116,148,165,165,264,264,139,139,139,139,240,240,252,271,47,97,114,114,132,166,178,216,1,36,36,50,50,50,50],"floor_reached":50,"playtime":1970,"items_purged":["Strike_G","Defend_G","Strike_G","Strike_G"],"score":649,"play_id":"c6418eca-560e-4665-a7e7-d67df99e8721","local_time":"20210102135020","is_ascension_mode":true,"campfire_choices":[{"data":"Blade Dance","floor":6.0,"key":"SMITH"},{"data":"Terror","floor":12.0,"key":"SMITH"},{"data":"Noxious Fumes","floor":15.0,"key":"SMITH"},{"data":"After Image","floor":23.0,"key":"SMITH"},{"floor":30.0,"key":"REST"},{"data":"Envenom","floor":32.0,"key":"SMITH"},{"data":"Accuracy","floor":40,"key":"SMITH"},{"data":"Neutralize","floor":47,"key":"SMITH"},{"data":"Footwork","floor":49,"key":"SMITH"}],"circlet_count":0,"master_deck":["Strike_G","Strike_G","Defend_G","Defend_G+1","Defend_G","Defend_G","Survivor","Neutralize+1","CurseOfTheBell","PiercingWail","Blade Dance+1","Acrobatics","Terror+1","Escape Plan","Well Laid Plans","Phantasmal Killer","Noxious Fumes+1","After Image+1","Envenom+1","Blade Dance+1","Adrenaline","Bullet Time","Finisher","Accuracy+1","Backflip","Cloak And Dagger+1","Tactician+1","Footwork+1"],"relics":["Calling Bell","Centennial Puzzle","HornCleat","Incense Burner","The Specimen","Darkstone Periapt","Shovel","Omamori","Tiny House","Thread and Needle","Mercury Hourglass","Gremlin Horn","SlaversCollar","Happy Flower","Tingsha","MawBank","Question Card","Lizard Tail","Juzu Bracelet"],"acts_visited":["Exordium","TheCity","TheBeyond"],"potions_floor_usage":[35,36,48,50],"damage_taken":[{"damage":1.0,"enemies":"Cultist","floor":1.0,"turns":6.0},{"damage":3.0,"enemies":"Small Slimes","floor":2.0,"turns":5.0},{"damage":0.0,"enemies":"2 Louse","floor":3.0,"turns":2.0},{"damage":5.0,"enemies":"Large Slime","floor":4.0,"turns":10.0},{"damage":13.0,"enemies":"Gremlin Nob","floor":7.0,"turns":4.0},{"damage":0.0,"enemies":"Exordium Wildlife","floor":8.0,"turns":3.0},{"damage":9.0,"enemies":"Red Slaver","floor":10.0,"turns":3.0},{"damage":13.0,"enemies":"Lagavulin","floor":13.0,"turns":5.0},{"damage":1.0,"enemies":"Large Slime","floor":14.0,"turns":3.0},{"damage":20.0,"enemies":"The Guardian","floor":16.0,"turns":9.0},{"damage":3.0,"enemies":"2 Thieves","floor":18.0,"turns":4.0},{"damage":26.0,"enemies":"Spheric Guardian","floor":19.0,"turns":8.0},{"damage":0.0,"enemies":"Snecko","floor":20.0,"turns":6.0},{"damage":16.0,"enemies":"Chosen and Byrds","floor":22.0,"turns":7.0},{"damage":23.0,"enemies":"Gremlin Leader","floor":24.0,"turns":7.0},{"damage":0.0,"enemies":"Sentry and Sphere","floor":25.0,"turns":5.0},{"damage":16.0,"enemies":"Champ","floor":33.0,"turns":8.0},{"damage":0,"enemies":"3 Darklings","floor":35,"turns":4},{"damage":0,"enemies":"3 Shapes","floor":36,"turns":5},{"damage":0,"enemies":"Mind Bloom Boss Battle","floor":38,"turns":6},{"damage":0,"enemies":"3 Darklings","floor":39,"turns":5},{"damage":16,"enemies":"Jaw Worm Horde","floor":41,"turns":5},{"damage":27,"enemies":"Reptomancer","floor":42,"turns":5},{"damage":10,"enemies":"Nemesis","floor":44,"turns":5},{"damage":16,"enemies":"Giant Head","floor":46,"turns":6},{"damage":12,"enemies":"Writhing Mass","floor":48,"turns":3},{"damage":41,"enemies":"Time Eater","floor":50,"turns":8}],"seed_played":"531136540207068547","potions_obtained":[{"floor":2.0,"key":"Energy Potion"},{"floor":3.0,"key":"SmokeBomb"},{"floor":8.0,"key":"LiquidBronze"},{"floor":17.0,"key":"CultistPotion"},{"floor":24.0,"key":"GamblersBrew"},{"floor":25.0,"key":"Swift Potion"},{"floor":35,"key":"GamblersBrew"},{"floor":46,"key":"SkillPotion"}],"is_trial":false,"path_per_floor":["M","M","M","M","$","R","E","M","T","M","?","R","E","M","R","B",null,"M","M","M","$","M","R","E","M","T","?","?","$","R","$","R","B",null,"M","M","$","?","M","R","M","E","T","E","$","E","R","M","R","B"],"character_chosen":"THE_SILENT","items_purchased":["Terror","Envenom","Accuracy","Happy Flower","Footwork"],"campfire_rested":1,"item_purchase_floors":[5,21,37,37,45],"current_hp_per_floor":[69,66,66,61,61,61,48,48,48,39,39,39,26,25,25,5,75,72,46,46,46,30,30,7,7,7,7,7,7,29,29,29,13,75,75,75,75,75,75,75,59,32,32,22,22,6,6,37,37,0,0],"gold":50,"neow_bonus":"BOSS_RELIC","is_daily":false,"chose_seed":false,"campfire_upgraded":8,"win_rate":0.0,"timestamp":1609563020,"path_taken":["M","?","M","M","$","R","E","?","T","M","?","R","E","M","R","BOSS","M","M","M","$","M","R","E","?","T","?","?","?","R","$","R","BOSS","M","M","$","?","M","R","M","E","T","E","$","E","R","M","R","BOSS"],"items_purchased_type":["Card","Card","Card","Relic","Card"],"build_version":"2020-12-22","purchased_purges":4,"victory":false,"max_hp_per_floor":[70,70,70,70,70,70,70,70,70,70,70,70,70,70,70,70,75,75,75,75,75,75,75,75,75,75,75,75,75,75,75,75,75,75,75,75,75,75,75,75,75,75,75,75,75,75,75,75,75,75,75],"card_choices":[{"not_picked":["Acrobatics","Slice"],"picked":"PiercingWail","floor":1.0},{"not_picked":["Dagger Throw","Acrobatics"],"picked":"Blade Dance","floor":2.0},{"not_picked":["Sucker Punch","Outmaneuver"],"picked":"Acrobatics","floor":3.0},{"not_picked":["Quick Slash","PiercingWail","Deadly Poison"],"picked":"SKIP","floor":4.0},{"not_picked":["Concentrate","Caltrops"],"picked":"Escape Plan","floor":7.0},{"not_picked":["Outmaneuver","Blade Dance"],"picked":"Well Laid Plans","floor":8.0},{"not_picked":["Deflect","Sucker Punch"],"picked":"Phantasmal Killer","floor":10.0},{"not_picked":["Prepared","Deflect","Bane"],"picked":"SKIP","floor":13.0},{"not_picked":["Well Laid Plans","Tools of the Trade"],"picked":"Noxious Fumes","floor":14.0},{"not_picked":["Die Die Die","A Thousand Cuts"],"picked":"After Image","floor":16.0},{"not_picked":["Outmaneuver","Slice","Acrobatics"],"picked":"SKIP","floor":18.0},{"not_picked":["Dodge and Roll","Distraction","Setup"],"picked":"SKIP","floor":19.0},{"not_picked":["Prepared","Expertise+1"],"picked":"Blade Dance+1","floor":22.0},{"not_picked":["Prepared","Sucker Punch","Riddle With Holes"],"picked":"SKIP","floor":24.0},{"not_picked":["PiercingWail+1","Underhanded Strike"],"picked":"Adrenaline","floor":25.0},{"not_picked":["Unload","A Thousand Cuts"],"picked":"Bullet Time","floor":33.0},{"not_picked":["PiercingWail+1","Deflect+1"],"picked":"Finisher","floor":35},{"not_picked":["Riddle With Holes","Well Laid Plans","Concentrate"],"picked":"SKIP","floor":36},{"not_picked":["Flying Knee","Eviscerate"],"picked":"Backflip","floor":39},{"not_picked":["Dodge and Roll","Reflex+1","All Out Attack+1"],"picked":"SKIP","floor":41},{"not_picked":["Tools of the Trade","Sucker Punch+1"],"picked":"Cloak And Dagger+1","floor":42},{"not_picked":["Predator","Flechettes+1","Dagger Spray+1"],"picked":"Tactician+1","floor":44},{"not_picked":["Doppelganger","Blade Dance","Underhanded Strike+1","Predator+1"],"picked":"SKIP","floor":46},{"not_picked":["Cloak And Dagger+1","Riddle With Holes","PiercingWail","Outmaneuver+1"],"picked":"SKIP","floor":48}],"player_experience":638476,"relics_obtained":[{"floor":0.0,"key":"Centennial Puzzle"},{"floor":0.0,"key":"HornCleat"},{"floor":0.0,"key":"Incense Burner"},{"floor":7.0,"key":"The Specimen"},{"floor":9.0,"key":"Darkstone Periapt"},{"floor":13.0,"key":"Omamori"},{"floor":24.0,"key":"Thread and Needle"},{"floor":26.0,"key":"Mercury Hourglass"},{"floor":38,"key":"Tingsha"},{"floor":42,"key":"MawBank"},{"floor":43,"key":"Question Card"},{"floor":44,"key":"Lizard Tail"},{"floor":46,"key":"Juzu Bracelet"}],"event_choices":[{"damage_healed":0.0,"max_hp_gain":0.0,"max_hp_loss":0.0,"gold_gain":0.0,"event_name":"WeMeetAgain","player_choice":"Gave Potion","floor":11.0,"gold_loss":0.0,"damage_taken":0.0,"relics_obtained":["Shovel"]},{"damage_healed":0.0,"max_hp_gain":0.0,"max_hp_loss":0.0,"gold_gain":99.0,"event_name":"Nest","player_choice":"Stole From Cult","floor":27.0,"gold_loss":0.0,"damage_taken":0.0},{"damage_healed":0.0,"max_hp_gain":0.0,"max_hp_loss":0.0,"gold_gain":0.0,"event_name":"The Mausoleum","player_choice":"Opened","floor":28.0,"gold_loss":0.0,"damage_taken":0.0,"relics_obtained":["Gremlin Horn"],"cards_obtained":["Writhe"]},{"damage_healed":0,"gold_gain":0,"player_choice":"Fight","damage_taken":0,"max_hp_gain":0,"max_hp_loss":0,"event_name":"MindBloom","floor":38,"gold_loss":0}],"is_beta":false,"boss_relics":[{"not_picked":["Busted Crown","Runic Dome"],"picked":"Tiny House"},{"not_picked":["Astrolabe","Runic Pyramid"],"picked":"SlaversCollar"}],"items_purged_floors":[5,21,29,45],"is_endless":false,"potions_floor_spawned":[2,3,8,20,24,25,35,46],"killed_by":"Time Eater","ascension_level":3}}