{"host":"kl3udm1gvauizrd7","time":1609627760,"event":{"mods":["AchievementEnabler","Act Like it!","Aspiration","BaseMod","Better Altar","Better Match","Better Note","Better Sensory Stone","Better Skull","Better Third Choice","BetterRewards","CCEM","Clawfect","Colored Map","Conspire","Downfall","GifTheSpireLib","Googly Eyes","Halation","Hallownest","Hermit","Highlight Path","Hubris","Hunter ??","Infinite Spire","Jedi Mod","Jorbs\u0027s Wanderer Trilogy","Marisa????????","Minty Spire (QoL Compilation)","Permanent Neow","Replay The Spire","Shop Mod","Spicy Shops","StSLib","Stuff the Spire","The Administrix","The Bug Knight","The Gatherer","The Necromancer","The Servant 0.9.4","Unceasing Turn Reminder","everything is the same but u backflip on backflip","slay the spire mod where everything is the same but ironclad has a cowboy hat"],"gold_per_floor":[116,133,58,58,78,78,78,90,90,106,136,136,136,156,156,257,257,267,192,192,192,192,192,209,209,223,317,317,369,369,369],"floor_reached":30,"playtime":1883,"items_purged":[],"score":230,"play_id":"992b4232-18f1-42ac-a61d-67b7d52e8a8d","local_time":"20210102174920","is_ascension_mode":false,"campfire_choices":[{"data":"conspire:PoisonWeapons","floor":6,"key":"SMITH"},{"data":"StuffTheSpire:DoubleShiv","floor":12,"key":"SMITH"},{"data":"Phantasmal Killer","floor":15,"key":"SMITH"}],"circlet_count":0,"master_deck":["Strike_G","Strike_G","Strike_G","Strike_G","Strike_G","Defend_G","Defend_G","Defend_G","Defend_G","Defend_G","Survivor","Neutralize","Phantasmal Killer+1","Slice","conspire:PoisonWeapons+1","Poisoned Stab","StuffTheSpire:DoubleShiv+1","Quick Slash","Envenom","Blade Dance","Transmutation","Terror","Slice","Dagger Throw"],"relics":["Ring of the Snake","Hallownest:BankAccountRelic","Hallownest:DreamNailRelic","hubris:TenFootPole","infinitespire:BottledMercury","halation:ForbiddenBikini","hermit:Horseshoe","Hallownest:WatcherSealRelic","StuffTheSpire:GrapeVine","Darkstone Periapt"],"acts_visited":["Hallownest:Greenpath","Hallownest:CityofTears"],"potions_floor_usage":[16,16,16,16,16,16,24,30],"damage_taken":[{"damage":0,"enemies":"Hallownest:2_MossCreeps","floor":1,"turns":5},{"damage":0,"enemies":"Hallownest:monsterHuskGuard","floor":2,"turns":3},{"damage":4,"enemies":"Hallownest:2_Baldur","floor":5,"turns":3},{"damage":3,"enemies":"Hallownest:Guard_and_Warrior","floor":8,"turns":4},{"damage":1,"enemies":"Hallownest:Wandering_and_Horned","floor":10,"turns":3},{"damage":10,"enemies":"Hallownest:eliteCrystalGuardian","floor":11,"turns":4},{"damage":0,"enemies":"Hallownest:MossCreep_and_Mosskin","floor":14,"turns":5},{"damage":10,"enemies":"Hallownest:BossHornet","floor":16,"turns":3},{"damage":8,"enemies":"Hallownest:Guard_and_Sentry","floor":18,"turns":4},{"damage":10,"enemies":"Hallownest:2_Mistakes","floor":24,"turns":5},{"damage":8,"enemies":"Hallownest:monsterShrumalOgre","floor":26,"turns":3},{"damage":18,"enemies":"Hallownest:Glutton_and_Coward","floor":29,"turns":3},{"damage":33,"enemies":"Hallownest:3_Mistakes","floor":30,"turns":4}],"seed_played":"1973276533780622137","potions_obtained":[{"floor":2,"key":"DuplicationPotion"},{"floor":5,"key":"GamblersBrew"},{"floor":10,"key":"EntropicBrew"},{"floor":18,"key":"Strength Potion"},{"floor":29,"key":"LifebloodPotion"}],"is_trial":false,"path_per_floor":["M","M","?","?","M","R","?","M","T","M","E","R","?","M","R","B",null,"M","?","?","?","PTL","PTL","M","?","M","?","T","M","M"],"character_chosen":"THE_SILENT","items_purchased":[],"campfire_rested":0,"item_purchase_floors":[],"current_hp_per_floor":[70,70,70,70,66,66,70,67,67,66,56,56,52,52,52,42,70,62,62,62,62,62,62,52,52,44,44,44,26,0,0],"gold":369,"neow_bonus":"ONE_RANDOM_RARE_CARD","is_daily":false,"chose_seed":false,"campfire_upgraded":3,"win_rate":0.0,"timestamp":1609627760,"path_taken":["M","M","?","?","?","R","?","M","T","?","E","R","?","M","R","BOSS","M","?","?","?","PTL","PTL","?","?","M","?","T","?","M"],"items_purchased_type":[],"build_version":"2020-12-22","purchased_purges":0,"victory":false,"max_hp_per_floor":[70,70,70,70,70,70,70,70,70,70,70,70,70,70,70,70,70,70,70,70,70,70,70,70,70,70,70,70,70,70,70],"card_choices":[{"not_picked":["ReplayTheSpireMod:The Works","hubris:Sniper"],"picked":"Slice","floor":1},{"not_picked":["Venomology","PiercingWail"],"picked":"conspire:PoisonWeapons","floor":2},{"not_picked":["Underhanded Strike","Hidden Blade"],"picked":"Poisoned Stab","floor":5},{"not_picked":["StuffTheSpire:Incursion","Acrobatics"],"picked":"StuffTheSpire:DoubleShiv","floor":8},{"not_picked":["StuffTheSpire:ClusterCrunch","Deflect","Finisher"],"picked":"SKIP","floor":10},{"not_picked":["StuffTheSpire:Python","Malaise"],"picked":"Quick Slash","floor":11},{"not_picked":["Dodge and Roll","jedi:acidrain","Hidden Blade"],"picked":"SKIP","floor":14},{"not_picked":["jedi:studyshivs","StuffTheSpire:FinalStruggle"],"picked":"Envenom","floor":16},{"not_picked":["Dodge and Roll","Sucker Punch+1"],"picked":"Blade Dance","floor":18},{"not_picked":["jedi:RedIncense","The Bomb"],"picked":"Transmutation","floor":19},{"not_picked":["Finisher","StuffTheSpire:Fury"],"picked":"Terror","floor":19},{"not_picked":["StuffTheSpire:FinalStruggle","Prepared+1"],"picked":"Slice","floor":20},{"not_picked":["Flying Knee","Distraction"],"picked":"Dagger Throw","floor":20},{"not_picked":["Prepared+1","All Out Attack+1","hubris:SlightOfHand+1"],"picked":"SKIP","floor":24},{"not_picked":["hubris:Sniper+1","Tactician","Dagger Spray"],"picked":"SKIP","floor":26},{"not_picked":["Backflip+1","Flying Knee","Sucker Punch"],"picked":"SKIP","floor":29}],"player_experience":19294,"relics_obtained":[{"floor":9,"key":"hubris:TenFootPole"},{"floor":11,"key":"infinitespire:BottledMercury"},{"floor":27,"key":"StuffTheSpire:GrapeVine"},{"floor":28,"key":"Darkstone Periapt"}],"event_choices":[{"damage_healed":4,"gold_gain":0,"player_choice":"LEAVE ","damage_taken":0,"relics_obtained":[],"max_hp_gain":0,"max_hp_loss":0,"event_name":"betterSkull:BetterSkull","floor":7,"gold_loss":0,"cards_upgraded":[]},{"damage_healed":0,"gold_gain":0,"player_choice":"1","damage_taken":0,"max_hp_gain":0,"max_hp_loss":0,"event_name":"betterMatch:BetterMatch","floor":19,"gold_loss":0,"cards_obtained":["betterMatch:ColorlessRareCard","betterMatch:UncommonCard","betterMatch:RareCard"]}],"is_beta":false,"boss_relics":[{"not_picked":["aspiration:RunicSpoon","hubris:TerracottaHorce"],"picked":"halation:ForbiddenBikini"}],"items_purged_floors":[],"is_endless":false,"potions_floor_spawned":[2,5,10,11,18,24,29],"killed_by":"Hallownest:3_Mistakes","ascension_level":0}}