{"host":"hkfd27larxvbrzdx","time":1609564874,"event":{"mods":["AchievementEnabler","BaseMod","Colored Map","Colored Powertips","DeckTracker","Minty Spire (QoL Compilation)"],"gold_per_floor":[116,116,6,6,19,53,65,80,80,80,80,155,180,180,180,275,275,294,294,294,309,309,309,338,338,363,379,103,113,113,124,124,229,229,244,244,258,11,11,11,31,81,130,144,160,160,172,172,172,172,172],"floor_reached":50,"playtime":4199,"items_purged":["Strike_R","Strike_R+1"],"score":594,"play_id":"21e71eb9-d9da-4ba7-840b-0431c2e697bf","local_time":"20210102132114","is_ascension_mode":true,"campfire_choices":[{"data":"Disarm","floor":10,"key":"SMITH"},{"data":"Twin Strike","floor":15,"key":"SMITH"},{"data":"Exhume","floor":23,"key":"SMITH"},{"data":"Uppercut","floor":25,"key":"SMITH"},{"data":"Intimidate","floor":30,"key":"SMITH"},{"data":"Bash","floor":32,"key":"SMITH"},{"data":"Metallicize","floor":40,"key":"SMITH"},{"floor":46,"key":"REST"},{"floor":49,"key":"REST"}],"circlet_count":0,"master_deck":["Strike_R+1","Strike_R+1","Defend_R+1","Defend_R+1","Defend_R+1","Defend_R+1","Bash+1","Whirlwind+1","Immolate","Disarm+1","Intimidate+1","Twin Strike+1","Heavy Blade","Exhume+1","Shrug It Off+1","Uppercut+1","Iron Wave+1","Body Slam+1","Swift Strike","Shockwave+1","Metallicize+1","Clothesline+1","Fire Breathing+1","Barricade","Rage","Spot Weakness","Madness","Madness"],"relics":["Burning Blood","NeowsBlessing","PreservedInsect","Pen Nib","Ornamental Fan","Meat on the Bone","Lizard Tail","SlaversCollar","Dream Catcher","Omamori","Membership Card","Bronze Scales","Sozu","Ginger","HandDrill","Prayer Wheel","Vajra"],"acts_visited":["Exordium","TheCity","TheBeyond"],"potions_floor_usage":[47,50,50],"damage_taken":[{"damage":0,"enemies":"Jaw Worm","floor":1,"turns":1},{"damage":0,"enemies":"Cultist","floor":5,"turns":1},{"damage":0,"enemies":"Lagavulin","floor":6,"turns":2},{"damage":0,"enemies":"2 Louse","floor":7,"turns":2},{"damage":27,"enemies":"Exordium Thugs","floor":8,"turns":6},{"damage":14,"enemies":"3 Sentries","floor":13,"turns":3},{"damage":35,"enemies":"Slime Boss","floor":16,"turns":5},{"damage":16,"enemies":"Chosen","floor":18,"turns":5},{"damage":8,"enemies":"Shell Parasite","floor":21,"turns":9},{"damage":20,"enemies":"Slavers","floor":24,"turns":5},{"damage":12,"enemies":"Snecko","floor":27,"turns":4},{"damage":10,"enemies":"Centurion and Healer","floor":29,"turns":4},{"damage":20,"enemies":"Shelled Parasite and Fungi","floor":31,"turns":6},{"damage":59,"enemies":"Automaton","floor":33,"turns":12},{"damage":0,"enemies":"Orb Walker","floor":35,"turns":3},{"damage":17,"enemies":"3 Shapes","floor":37,"turns":5},{"damage":42,"enemies":"Transient","floor":41,"turns":5},{"damage":0,"enemies":"Mind Bloom Boss Battle","floor":42,"turns":5},{"damage":13,"enemies":"Maw","floor":44,"turns":6},{"damage":31,"enemies":"Sphere and 2 Shapes","floor":45,"turns":4},{"damage":22,"enemies":"Transient","floor":47,"turns":5},{"damage":78,"enemies":"Donu and Deca","floor":50,"turns":5}],"seed_played":"2608418665341028793","potions_obtained":[{"floor":1,"key":"SteroidPotion"},{"floor":5,"key":"LiquidBronze"},{"floor":7,"key":"Dexterity Potion"},{"floor":18,"key":"AttackPotion"}],"is_trial":false,"path_per_floor":["M","?","$","?","M","E","M","M","T","R","$","T","E","?","R","B",null,"M","?","?","M","?","R","E","R","T","M","$","M","R","M","R","B",null,"M","?","M","$","?","R","M","?","T","M","M","R","M","?","R","B"],"character_chosen":"IRONCLAD","items_purchased":["Disarm","Membership Card","Bronze Scales","Metallicize","Ginger","HandDrill"],"campfire_rested":2,"item_purchase_floors":[3,28,28,38,38,38],"current_hp_per_floor":[80,80,80,80,80,80,80,59,59,59,59,59,51,51,51,34,80,70,55,55,53,53,53,51,51,51,57,57,53,53,51,51,60,85,85,85,74,74,74,74,50,56,56,49,36,61,57,46,71,0,0],"gold":172,"neow_bonus":"THREE_ENEMY_KILL","is_daily":false,"chose_seed":false,"campfire_upgraded":7,"win_rate":0.0,"timestamp":1609564874,"path_taken":["M","?","?","?","M","E","M","?","T","R","$","?","E","?","R","BOSS","M","?","?","M","?","R","E","R","T","M","$","M","R","M","R","BOSS","M","?","M","$","?","R","M","?","T","M","M","R","M","?","R","BOSS"],"items_purchased_type":["Card","Relic","Relic","Card","Relic","Relic"],"build_version":"2020-12-22","purchased_purges":2,"victory":false,"max_hp_per_floor":[80,80,80,80,80,80,80,80,80,80,80,80,80,80,80,80,80,80,85,85,85,85,85,85,85,85,85,85,85,85,85,85,85,85,85,85,85,85,85,85,85,85,85,85,85,85,85,85,85,85,85],"card_choices":[{"not_picked":["Headbutt","Battle Trance"],"picked":"Whirlwind","floor":1},{"not_picked":["Havoc","Thunderclap"],"picked":"Intimidate","floor":5},{"not_picked":["Headbutt","Wild Strike"],"picked":"Twin Strike","floor":6},{"not_picked":["Combust","Pummel","Body Slam"],"picked":"SKIP","floor":7},{"not_picked":["Sword Boomerang","Pummel"],"picked":"Heavy Blade","floor":8},{"not_picked":["Sever Soul","Heavy Blade"],"picked":"Evolve","floor":13},{"not_picked":["Berserk","Immolate"],"picked":"Exhume","floor":16},{"not_picked":["Body Slam+1","Headbutt"],"picked":"Shrug It Off+1","floor":18},{"not_picked":["Power Through","Body Slam","Sword Boomerang"],"picked":"SKIP","floor":21},{"not_picked":["Impervious","Havoc"],"picked":"Uppercut","floor":24},{"not_picked":["Body Slam","Havoc"],"picked":"Iron Wave+1","floor":27},{"not_picked":["Twin Strike+1","Whirlwind","Body Slam"],"picked":"SKIP","floor":29},{"not_picked":["Body Slam","Berserk","True Grit"],"picked":"SKIP","floor":31},{"not_picked":["Warcry+1","Headbutt+1"],"picked":"Body Slam+1","floor":35},{"not_picked":["Panacea","Discovery"],"picked":"Swift Strike","floor":36},{"not_picked":["Heavy Blade","Cleave+1"],"picked":"Shockwave+1","floor":37},{"not_picked":["Perfected Strike","Metallicize+1"],"picked":"Clothesline+1","floor":41},{"not_picked":["Body Slam+1","Headbutt+1","Flex+1"],"picked":"SKIP","floor":44},{"not_picked":["True Grit","Burning Pact+1","Thunderclap"],"picked":"SKIP","floor":44},{"not_picked":["Havoc","Burning Pact"],"picked":"Fire Breathing+1","floor":45},{"not_picked":["Bloodletting","Armaments","Iron Wave+1"],"picked":"SKIP","floor":45},{"not_picked":["Thunderclap","Shrug It Off+1"],"picked":"Barricade","floor":46},{"not_picked":["Ghostly Armor","Anger+1"],"picked":"Rage","floor":47},{"not_picked":["Clothesline","Fire Breathing"],"picked":"Spot Weakness","floor":47}],"player_experience":200635,"relics_obtained":[{"floor":6,"key":"PreservedInsect"},{"floor":9,"key":"Pen Nib"},{"floor":12,"key":"Ornamental Fan"},{"floor":13,"key":"Meat on the Bone"},{"floor":24,"key":"Omamori"},{"floor":42,"key":"Prayer Wheel"},{"floor":43,"key":"Vajra"}],"event_choices":[{"damage_healed":0,"gold_gain":0,"cards_transformed":["Strike_R"],"player_choice":"Transformed","damage_taken":0,"max_hp_gain":0,"max_hp_loss":0,"event_name":"Transmorgrifier","floor":2,"gold_loss":0,"cards_obtained":["Immolate"]},{"damage_healed":0,"gold_gain":0,"player_choice":"Forge","damage_taken":0,"max_hp_gain":0,"max_hp_loss":0,"event_name":"Accursed Blacksmith","floor":4,"gold_loss":0,"cards_upgraded":["Whirlwind"]},{"damage_healed":0,"gold_gain":0,"player_choice":"Gave Potion","damage_taken":0,"relics_obtained":["Lizard Tail"],"max_hp_gain":0,"max_hp_loss":0,"event_name":"WeMeetAgain","floor":14,"gold_loss":0},{"damage_healed":0,"gold_gain":0,"player_choice":"Shed Blood","damage_taken":20,"max_hp_gain":5,"max_hp_loss":0,"event_name":"Forgotten Altar","floor":19,"gold_loss":0},{"damage_healed":0,"gold_gain":0,"player_choice":"Simplicity","damage_taken":0,"max_hp_gain":0,"max_hp_loss":0,"event_name":"Back to Basics","floor":20,"gold_loss":0,"cards_upgraded":["Strike_R","Strike_R","Strike_R","Defend_R","Defend_R","Defend_R","Defend_R"]},{"damage_healed":0,"gold_gain":0,"player_choice":"Opened","damage_taken":0,"relics_obtained":["Dream Catcher"],"max_hp_gain":0,"max_hp_loss":0,"event_name":"The Mausoleum","floor":22,"gold_loss":0},{"damage_healed":0,"gold_gain":0,"player_choice":"Memory 1","damage_taken":0,"max_hp_gain":0,"max_hp_loss":0,"event_name":"SensoryStone","floor":36,"gold_loss":0},{"cards_removed":["Evolve"],"damage_healed":0,"gold_gain":0,"player_choice":"Removed Power","damage_taken":0,"max_hp_gain":0,"max_hp_loss":0,"event_name":"Falling","floor":39,"gold_loss":0},{"damage_healed":0,"gold_gain":0,"player_choice":"Fight","damage_taken":0,"max_hp_gain":0,"max_hp_loss":0,"event_name":"MindBloom","floor":42,"gold_loss":0},{"damage_healed":0,"gold_gain":0,"player_choice":"Embrace Madness","damage_taken":11,"max_hp_gain":0,"max_hp_loss":0,"event_name":"Winding Halls","floor":48,"gold_loss":0,"cards_obtained":["Madness","Madness"]}],"is_beta":false,"boss_relics":[{"not_picked":["Runic Dome","Empty Cage"],"picked":"SlaversCollar"},{"not_picked":["Black Star","Snecko Eye"],"picked":"Sozu"}],"items_purged_floors":[3,28],"is_endless":false,"potions_floor_spawned":[1,5,7,18,24,27,31,41],"killed_by":"Donu and Deca","ascension_level":4}}