{"host":"k6u7q08ihsmpx7o5","time":1609549878,"event":{"mods":["BaseMod","Bestiary","Minty Spire (QoL Compilation)","StSLib"],"gold_per_floor":[124,136,148,85,0,0,34,44,69,104,123,123,123,142,142,216,216,234,234,234],"floor_reached":19,"playtime":734,"items_purged":[],"score":350,"play_id":"24a6932f-5dea-47d1-9534-79aaddcc9212","local_time":"20210102021118","is_ascension_mode":true,"campfire_choices":[{"floor":6,"key":"REST"},{"data":"Infernal Blade","floor":12,"key":"SMITH"},{"data":"Wild Strike","floor":15,"key":"SMITH"}],"circlet_count":0,"master_deck":["AscendersBane","Strike_R","Strike_R","Strike_R","Strike_R","Strike_R","Defend_R","Defend_R+1","Defend_R","Defend_R","Bash+1","Headbutt","Feel No Pain+1","Evolve+1","Sever Soul","Infernal Blade+1","Wild Strike+1","Demon Form+1","Pain","Corruption+1"],"relics":["Burning Blood","MawBank","Frozen Egg 2","MealTicket","Bag of Preparation","Ancient Tea Set","WarpedTongs","Coffee Dripper"],"acts_visited":["Exordium","TheCity"],"potions_floor_usage":[10,16],"damage_taken":[{"damage":9,"enemies":"Small Slimes","floor":1,"turns":6},{"damage":12,"enemies":"3 Sentries","floor":7,"turns":9},{"damage":0,"enemies":"2 Louse","floor":8,"turns":2},{"damage":21,"enemies":"Lagavulin","floor":10,"turns":7},{"damage":0,"enemies":"Jaw Worm","floor":11,"turns":2},{"damage":1,"enemies":"Looter","floor":14,"turns":2},{"damage":25,"enemies":"Hexaghost","floor":16,"turns":9},{"damage":32,"enemies":"Shell Parasite","floor":18,"turns":6},{"damage":37,"enemies":"3 Byrds","floor":19,"turns":4}],"seed_played":"-5427007339543306280","potions_obtained":[{"floor":1,"key":"Weak Potion"},{"floor":7,"key":"AttackPotion"},{"floor":18,"key":"Strength Potion"}],"is_trial":false,"path_per_floor":["M","?","?","$","$","R","E","M","T","E","M","R","?","M","R","B",null,"M","M"],"character_chosen":"IRONCLAD","items_purchased":["Feel No Pain+1","Evolve+1"],"campfire_rested":1,"item_purchase_floors":[4,5],"current_hp_per_floor":[65,47,24,24,24,46,40,46,46,31,37,37,37,42,42,23,62,36,0,0],"gold":234,"neow_bonus":"RANDOM_COMMON_RELIC","is_daily":false,"chose_seed":false,"campfire_upgraded":2,"win_rate":0.0,"timestamp":1609549878,"path_taken":["M","?","?","?","$","R","E","M","T","E","M","R","?","M","R","BOSS","M","?"],"items_purchased_type":["Card","Card"],"build_version":"2020-12-22","purchased_purges":0,"victory":false,"max_hp_per_floor":[75,75,75,75,75,75,75,75,75,75,75,75,75,75,75,75,75,75,75,75],"card_choices":[{"not_picked":["Ghostly Armor","Havoc"],"picked":"Headbutt","floor":1},{"not_picked":["Twin Strike","Anger"],"picked":"Sever Soul","floor":7},{"not_picked":["Heavy Blade","True Grit"],"picked":"Infernal Blade","floor":8},{"not_picked":["Warcry","Rupture+1"],"picked":"Wild Strike","floor":10},{"not_picked":["Pommel Strike","Headbutt"],"picked":"Demon Form+1","floor":11},{"not_picked":["Seeing Red","Flex","Twin Strike"],"picked":"SKIP","floor":14},{"not_picked":["Berserk+1","Double Tap"],"picked":"Corruption+1","floor":16},{"not_picked":["Wild Strike","Clothesline","Headbutt"],"picked":"SKIP","floor":18}],"player_experience":1912316,"relics_obtained":[{"floor":7,"key":"MealTicket"},{"floor":9,"key":"Bag of Preparation"},{"floor":10,"key":"Ancient Tea Set"}],"event_choices":[{"damage_healed":0,"gold_gain":0,"player_choice":"Success","damage_taken":18,"relics_obtained":["Frozen Egg 2"],"max_hp_gain":0,"max_hp_loss":0,"event_name":"Scrap Ooze","floor":2,"gold_loss":0},{"damage_healed":0,"gold_gain":0,"player_choice":"Entered Light","damage_taken":23,"max_hp_gain":0,"max_hp_loss":0,"event_name":"Shining Light","floor":3,"gold_loss":0,"cards_upgraded":["Bash","Defend_R"]},{"damage_healed":0,"gold_gain":0,"player_choice":"Rummage","damage_taken":0,"relics_obtained":["WarpedTongs"],"max_hp_gain":0,"max_hp_loss":0,"event_name":"Accursed Blacksmith","floor":13,"gold_loss":0,"cards_obtained":["Pain"]}],"is_beta":false,"boss_relics":[{"not_picked":["Empty Cage","Black Star"],"picked":"Coffee Dripper"}],"items_purged_floors":[],"is_endless":false,"potions_floor_spawned":[1,7,18],"killed_by":"3 Byrds","ascension_level":20}}