{"host":"hjw1ay65n7jm40lc","time":1609549658,"event":{"mods":["AchievementEnabler","BaseMod","Block Reminder","Colored Map","Colored Powertips","Curses Come First","Downfall","Googly Eyes","Hermit","Highlight Path","Jorbs\u0027s Wanderer Trilogy","Minty Spire (QoL Compilation)","Quick Restart","Relic Stats","StSLib"],"gold_per_floor":[112,112,125,125,141,141,141,216,216,246,246,277,277,321,321,450,450,469,469,559,580,598,641,641,685,685,685,345,363,382,73,73,208,208,208,208],"floor_reached":35,"playtime":8181,"items_purged":["stsjorbsmod:Defend_Wanderer+1"],"score":436,"play_id":"846852e7-defb-4419-ab56-20264e01d274","local_time":"20210101200738","is_ascension_mode":false,"campfire_choices":[{"data":"stsjorbsmod:EyeOfTheStorm","floor":7.0,"key":"SMITH"},{"floor":11.0,"key":"REST"},{"floor":15.0,"key":"REST"},{"data":"stsjorbsmod:Stalwart","floor":24,"key":"SMITH"},{"floor":27,"key":"REST"},{"data":"stsjorbsmod:Prestidigitation","floor":32,"key":"SMITH"}],"circlet_count":0,"master_deck":["stsjorbsmod:ForbiddenGrimoire+1","stsjorbsmod:Strike_Wanderer+1","stsjorbsmod:Defend_Wanderer+1","stsjorbsmod:Defend_Wanderer","stsjorbsmod:FreshAdventure","stsjorbsmod:EyeOfTheStorm+1","stsjorbsmod:WeightOfMemory+1","stsjorbsmod:ChainLightning","stsjorbsmod:SchoolsOfMagic+1","stsjorbsmod:ArcaneForm","stsjorbsmod:FranticSearch","stsjorbsmod:WanderingMind","stsjorbsmod:Withdraw","stsjorbsmod:TrueStrike+1","stsjorbsmod:Aid+1","stsjorbsmod:Inferno+1","stsjorbsmod:Stalwart+1","stsjorbsmod:OldPocket","stsjorbsmod:MagicMirror","stsjorbsmod:FranticSearch+1","stsjorbsmod:HoldMonster","stsjorbsmod:Prepare","stsjorbsmod:BookOfTongues","stsjorbsmod:Prestidigitation+1","stsjorbsmod:MirrorImage"],"relics":["stsjorbsmod:GrimoireRelic","FaceOfCleric","Kunai","Lizard Tail","War Paint","Golden Idol","FossilizedHelix","Astrolabe","Lantern","Akabeko","Pocketwatch","Toy Ornithopter","Ice Cream","Runic Pyramid"],"acts_visited":["Exordium","TheCity","TheBeyond"],"potions_floor_usage":[21,23,33,33,33],"damage_taken":[{"damage":6.0,"enemies":"Jaw Worm","floor":1.0,"turns":4.0},{"damage":1.0,"enemies":"Cultist","floor":3.0,"turns":4.0},{"damage":0.0,"enemies":"Small Slimes","floor":5.0,"turns":3.0},{"damage":44.0,"enemies":"Gremlin Nob","floor":10.0,"turns":5.0},{"damage":11.0,"enemies":"3 Sentries","floor":12.0,"turns":6.0},{"damage":29.0,"enemies":"Lagavulin","floor":14.0,"turns":8.0},{"damage":33.0,"enemies":"Hexaghost","floor":16.0,"turns":12.0},{"damage":0.0,"enemies":"Shell Parasite","floor":18.0,"turns":5.0},{"damage":0,"enemies":"2 Thieves","floor":21,"turns":4},{"damage":19,"enemies":"3 Cultists","floor":22,"turns":5},{"damage":1,"enemies":"Book of Stabbing","floor":23,"turns":7},{"damage":22,"enemies":"Slavers","floor":25,"turns":5},{"damage":0,"enemies":"Snake Plant","floor":29,"turns":4},{"damage":0,"enemies":"Snecko","floor":30,"turns":3},{"damage":75,"enemies":"Automaton","floor":33,"turns":7},{"damage":7,"enemies":"Orb Walker","floor":35,"turns":4}],"seed_played":"-4084971508238608506","potions_obtained":[{"floor":1.0,"key":"SpeedPotion"},{"floor":10.0,"key":"Fruit Juice"},{"floor":12.0,"key":"sneckomod:MuddlingPotion"},{"floor":18.0,"key":"Swift Potion"},{"floor":29,"key":"PowerPotion"},{"floor":33,"key":"stsjorbsmod:LiquidVirtue"}],"is_trial":false,"path_per_floor":["M","?","M","?","M","?","R","?","T","E","R","E","?","E","R","B",null,"M","?","?","M","M","E","R","E","T","R","$","M","M","$","R","B",null,"M"],"character_chosen":"WANDERER","items_purchased":["stsjorbsmod:LiquidVirtue","Toy Ornithopter","SkillPotion","Ice Cream","stsjorbsmod:Prestidigitation"],"campfire_rested":3,"item_purchase_floors":[28,28,28,31,31],"current_hp_per_floor":[72,72,74,74,78,62,62,51,51,10,40,36,36,8,32,42,83,84,84,59,62,46,53,53,37,37,63,63,68,75,75,75,16,91,84,84],"gold":208,"neow_bonus":"TEN_PERCENT_HP_BONUS","is_daily":false,"chose_seed":false,"campfire_upgraded":3,"win_rate":0.0,"timestamp":1609549658,"path_taken":["M","?","?","?","M","?","R","?","T","E","R","E","?","E","R","BOSS","M","?","?","M","M","E","R","E","T","R","$","M","M","$","R","BOSS","M"],"items_purchased_type":["Potion","Relic","Potion","Relic","Card"],"build_version":"2020-12-22","purchased_purges":1,"victory":false,"max_hp_per_floor":[76,76,77,77,80,80,80,80,80,81,86,87,81,82,82,83,83,84,84,84,85,86,87,87,88,88,88,88,89,90,90,90,91,91,91,91],"relic_stats":{"Lizard Tail":41,"FaceOfCleric":14,"counters":[16,86],"Golden Idol":98,"Astrolabe":["stsjorbsmod:TrueStrike","stsjorbsmod:Aid","stsjorbsmod:Inferno"],"Kunai":[4],"War Paint":["stsjorbsmod:Defend_Wanderer","stsjorbsmod:SchoolsOfMagic"],"obtain_stats":[{"Ice Cream":31,"Lantern":23,"Golden Idol":13,"Astrolabe":17,"stsjorbsmod:GrimoireRelic":0,"War Paint":12,"Akabeko":25,"Lizard Tail":10,"FaceOfCleric":2,"Kunai":9,"FossilizedHelix":14,"Toy Ornithopter":28,"Pocketwatch":26,"Runic Pyramid":34},{"Ice Cream":14,"Lantern":11,"Golden Idol":5,"Astrolabe":7,"stsjorbsmod:GrimoireRelic":0,"War Paint":5,"Akabeko":12,"Lizard Tail":4,"FaceOfCleric":1,"Kunai":3,"FossilizedHelix":6,"Toy Ornithopter":12,"Pocketwatch":12,"Runic Pyramid":15},{"Ice Cream":75,"Lantern":63,"Golden Idol":22,"Astrolabe":42,"stsjorbsmod:GrimoireRelic":0,"War Paint":22,"Akabeko":68,"Lizard Tail":16,"FaceOfCleric":4,"Kunai":11,"FossilizedHelix":30,"Toy Ornithopter":68,"Pocketwatch":68,"Runic Pyramid":82}],"Toy Ornithopter":15,"Pocketwatch":[9]},"card_choices":[{"not_picked":["stsjorbsmod:WanderingMind","stsjorbsmod:Firebolt"],"picked":"stsjorbsmod:WeightOfMemory","floor":1.0},{"not_picked":["stsjorbsmod:WanderingMind","stsjorbsmod:TrueStrike"],"picked":"stsjorbsmod:ChainLightning","floor":3.0},{"not_picked":["stsjorbsmod:SchoolsOfMagic","stsjorbsmod:Will","stsjorbsmod:WeightOfMemory"],"picked":"SKIP","floor":5.0},{"not_picked":["stsjorbsmod:Channel","stsjorbsmod:ChatteringStrike"],"picked":"stsjorbsmod:ArcaneForm","floor":10.0},{"not_picked":["stsjorbsmod:SmithingStrike","stsjorbsmod:ChatteringStrike"],"picked":"stsjorbsmod:FranticSearch","floor":12.0},{"not_picked":["stsjorbsmod:Inferno","stsjorbsmod:FindFamiliar"],"picked":"stsjorbsmod:WanderingMind","floor":14.0},{"not_picked":["stsjorbsmod:ArcaneForm","stsjorbsmod:CorrodingBarrier"],"picked":"stsjorbsmod:Withdraw","floor":16.0},{"not_picked":["stsjorbsmod:Channel","stsjorbsmod:WanderingMind+1","stsjorbsmod:Hurt"],"picked":"SKIP","floor":18.0},{"not_picked":["stsjorbsmod:Channel","stsjorbsmod:WanderingMind+1","stsjorbsmod:Hurt"],"picked":"SKIP","floor":18.0},{"not_picked":["stsjorbsmod:ChatteringStrike","stsjorbsmod:Firebolt"],"picked":"stsjorbsmod:OldPocket","floor":21},{"not_picked":["stsjorbsmod:SmithingStrike+1","stsjorbsmod:ArcaneWeapon+1"],"picked":"stsjorbsmod:MagicMirror","floor":22},{"not_picked":["stsjorbsmod:ParryingBlow","stsjorbsmod:Hibernate"],"picked":"stsjorbsmod:FranticSearch+1","floor":23},{"not_picked":["stsjorbsmod:WanderingMind","stsjorbsmod:Rest+1"],"picked":"stsjorbsmod:HoldMonster","floor":25},{"not_picked":["stsjorbsmod:ChainLightning+1","stsjorbsmod:RayOfFrost+1"],"picked":"stsjorbsmod:Prepare","floor":29},{"not_picked":["stsjorbsmod:ParryingBlow","stsjorbsmod:Index"],"picked":"stsjorbsmod:BookOfTongues","floor":30},{"not_picked":["stsjorbsmod:PurgeMind","stsjorbsmod:Fear"],"picked":"stsjorbsmod:MirrorImage","floor":33}],"player_experience":725606,"relics_obtained":[{"floor":9.0,"key":"Kunai"},{"floor":10.0,"key":"Lizard Tail"},{"floor":12.0,"key":"War Paint"},{"floor":14.0,"key":"FossilizedHelix"},{"floor":23,"key":"Lantern"},{"floor":25,"key":"Akabeko"},{"floor":26,"key":"Pocketwatch"}],"event_choices":[{"damage_healed":0.0,"max_hp_gain":0.0,"max_hp_loss":0.0,"gold_gain":0.0,"event_name":"FaceTrader","player_choice":"Trade","floor":2.0,"gold_loss":0.0,"damage_taken":0.0,"relics_obtained":["FaceOfCleric"]},{"damage_healed":0.0,"max_hp_gain":0.0,"max_hp_loss":0.0,"gold_gain":0.0,"cards_transformed":["stsjorbsmod:Strike_Wanderer"],"event_name":"Living Wall","player_choice":"Change","floor":4.0,"gold_loss":0.0,"damage_taken":0.0,"cards_obtained":["stsjorbsmod:SchoolsOfMagic"]},{"damage_healed":0.0,"max_hp_gain":0.0,"max_hp_loss":0.0,"gold_gain":0.0,"event_name":"Shining Light","player_choice":"Entered Light","floor":6.0,"gold_loss":0.0,"damage_taken":16.0,"cards_upgraded":["stsjorbsmod:WeightOfMemory","stsjorbsmod:Strike_Wanderer"]},{"damage_healed":0.0,"max_hp_gain":0.0,"max_hp_loss":0.0,"gold_gain":75.0,"event_name":"World of Goop","player_choice":"Gather Gold","floor":8.0,"gold_loss":0.0,"damage_taken":11.0},{"damage_healed":0.0,"max_hp_gain":0.0,"max_hp_loss":6.0,"gold_gain":0.0,"event_name":"Golden Idol","player_choice":"Lose Max HP","floor":13.0,"gold_loss":0.0,"damage_taken":0.0,"relics_obtained":["Golden Idol"]},{"damage_healed":0,"gold_gain":0,"player_choice":"Read","damage_taken":0,"max_hp_gain":0,"max_hp_loss":0,"event_name":"The Library","floor":19,"gold_loss":0,"cards_obtained":["stsjorbsmod:Stalwart"]},{"damage_healed":0,"gold_gain":90,"player_choice":"POTION POTION GOLD ","damage_taken":25,"max_hp_gain":0,"max_hp_loss":0,"event_name":"Knowing Skull","floor":20,"potions_obtained":["EssenceOfSteel","AttackPotion"],"gold_loss":0,"cards_obtained":[]}],"is_beta":false,"boss_relics":[{"not_picked":["Tiny House","Calling Bell"],"picked":"Astrolabe"},{"not_picked":["Pandora\u0027s Box","Busted Crown"],"picked":"Runic Pyramid"}],"items_purged_floors":[28],"is_endless":false,"potions_floor_spawned":[1,10,12,18,29,33],"killed_by":"Orb Walker","ascension_level":0}}