{"host":"6r3ioyv75hs1gp74","time":1609599470,"event":{"mods":["AchievementEnabler","BaseMod","Better Third Choice","Colored Map","Colored Powertips","Minty Spire (QoL Compilation)","StSLib"],"gold_per_floor":[112,127,302,44,44,44,74,90,90,90,110,123,143,156,156,251,251,267,267,280,11,23,58,77,77,124,124,134,149,149,149],"floor_reached":30,"playtime":4168,"items_purged":["Doubt","Regret"],"score":283,"play_id":"a47308f4-b793-4cd4-bd69-c01aca07f1a9","local_time":"20210102145750","is_ascension_mode":false,"campfire_choices":[{"data":"BattleHymn","floor":6,"key":"SMITH"},{"data":"Eruption","floor":10,"key":"SMITH"},{"floor":15,"key":"REST"},{"floor":25,"key":"REST"},{"floor":27,"key":"REST"}],"circlet_count":0,"master_deck":["Strike_P","Strike_P+1","Strike_P","Strike_P","Defend_P","Defend_P","Defend_P","Defend_P","Eruption+1","Vigilance","ReachHeaven","BattleHymn+1","Consecrate","Perseverance","BattleHymn+1","EmptyMind","FlyingSleeves","Wallop","WaveOfTheHand","Pray","Conclude","LessonLearned","FearNoEvil","Evaluate","Collect","LikeWater","FearNoEvil+1","ThirdEye","Indignation","Sanctity"],"relics":["PureWater","Omamori","Art of War","Cursed Key","Lantern","Vajra"],"acts_visited":["Exordium","TheCity"],"potions_floor_usage":[14,14,16,16,19,20,23,30],"damage_taken":[{"damage":2,"enemies":"2 Louse","floor":1,"turns":2},{"damage":2,"enemies":"Small Slimes","floor":2,"turns":2},{"damage":3,"enemies":"Lagavulin","floor":7,"turns":4},{"damage":6,"enemies":"Jaw Worm","floor":8,"turns":3},{"damage":8,"enemies":"2 Fungi Beasts","floor":11,"turns":3},{"damage":0,"enemies":"Large Slime","floor":12,"turns":4},{"damage":6,"enemies":"Blue Slaver","floor":13,"turns":4},{"damage":19,"enemies":"Gremlin Gang","floor":14,"turns":3},{"damage":20,"enemies":"Slime Boss","floor":16,"turns":7},{"damage":3,"enemies":"Shell Parasite","floor":18,"turns":3},{"damage":0,"enemies":"3 Byrds","floor":19,"turns":1},{"damage":20,"enemies":"Snake Plant","floor":20,"turns":4},{"damage":0,"enemies":"Cultist and Chosen","floor":22,"turns":4},{"damage":36,"enemies":"Gremlin Leader","floor":23,"turns":6},{"damage":8,"enemies":"Snecko","floor":24,"turns":4},{"damage":30,"enemies":"Centurion and Healer","floor":28,"turns":6},{"damage":10,"enemies":"Chosen and Byrds","floor":29,"turns":4},{"damage":26,"enemies":"Slavers","floor":30,"turns":3}],"seed_played":"5380962571232343639","potions_obtained":[{"floor":2,"key":"Explosive Potion"},{"floor":7,"key":"GamblersBrew"},{"floor":11,"key":"Swift Potion"},{"floor":14,"key":"Strength Potion"},{"floor":16,"key":"BottledMiracle"},{"floor":18,"key":"SmokeBomb"},{"floor":28,"key":"Dexterity Potion"},{"floor":29,"key":"StancePotion"}],"is_trial":false,"path_per_floor":["M","M","?","$","?","R","E","M","T","R","M","M","M","M","R","B",null,"M","M","M","$","M","E","M","R","T","R","M","M","E"],"character_chosen":"WATCHER","items_purchased":["Consecrate","Perseverance","BattleHymn","Evaluate","Collect","Swift Potion"],"campfire_rested":3,"item_purchase_floors":[4,4,4,21,21,21],"current_hp_per_floor":[77,75,75,75,75,75,72,66,66,66,58,58,52,33,56,36,79,76,76,56,56,56,20,12,35,35,58,28,18,0,0],"gold":149,"neow_bonus":"TEN_PERCENT_HP_BONUS","is_daily":false,"chose_seed":false,"campfire_upgraded":2,"win_rate":0.0,"timestamp":1609599470,"path_taken":["M","M","?","$","?","R","E","M","T","R","M","M","M","M","R","BOSS","M","M","M","$","M","E","M","R","T","R","M","M","E"],"items_purchased_type":["Card","Card","Card","Card","Card","Potion"],"build_version":"2020-12-22","purchased_purges":2,"victory":false,"max_hp_per_floor":[79,79,79,79,79,79,79,79,79,79,79,79,79,79,79,79,79,79,79,79,79,79,79,79,79,79,79,79,79,79,79],"card_choices":[{"not_picked":["SashWhip","Crescendo"],"picked":"ReachHeaven","floor":1},{"not_picked":["FollowUp","EmptyFist"],"picked":"BattleHymn","floor":2},{"not_picked":["WheelKick","CarveReality"],"picked":"EmptyMind","floor":7},{"not_picked":["EmptyBody","WaveOfTheHand"],"picked":"FlyingSleeves","floor":8},{"not_picked":["SashWhip","FlurryOfBlows"],"picked":"Wallop","floor":11},{"not_picked":["Wallop","CrushJoints"],"picked":"WaveOfTheHand","floor":12},{"not_picked":["CutThroughFate","Evaluate"],"picked":"Pray","floor":13},{"not_picked":["TalkToTheHand","WaveOfTheHand"],"picked":"Conclude","floor":14},{"not_picked":["Brilliance","Judgement"],"picked":"LessonLearned","floor":16},{"not_picked":["SashWhip","Adaptation+1","ReachHeaven"],"picked":"SKIP","floor":18},{"not_picked":["Consecrate+1","Worship+1"],"picked":"FearNoEvil","floor":20},{"not_picked":["EmptyFist","FollowUp"],"picked":"LikeWater","floor":22},{"not_picked":["Conclude","SashWhip"],"picked":"FearNoEvil+1","floor":23},{"not_picked":["CutThroughFate","BowlingBash+1"],"picked":"ThirdEye","floor":24},{"not_picked":["WheelKick","BattleHymn"],"picked":"Indignation","floor":28},{"not_picked":["Crescendo","LikeWater+1"],"picked":"Sanctity","floor":29}],"player_experience":51453,"relics_obtained":[{"floor":7,"key":"Art of War"},{"floor":23,"key":"Lantern"},{"floor":26,"key":"Vajra"}],"event_choices":[{"damage_healed":0,"gold_gain":175,"player_choice":"AGREE","damage_taken":127,"max_hp_gain":0,"max_hp_loss":0,"event_name":"betterThird:BetterSerpent","floor":3,"gold_loss":0},{"damage_healed":0,"gold_gain":0,"player_choice":"Box","damage_taken":0,"relics_obtained":["Omamori"],"max_hp_gain":0,"max_hp_loss":0,"event_name":"Big Fish","floor":5,"gold_loss":0,"cards_obtained":["Regret"]}],"is_beta":false,"boss_relics":[{"not_picked":["Black Star","SlaversCollar"],"picked":"Cursed Key"}],"items_purged_floors":[4,21],"is_endless":false,"potions_floor_spawned":[2,7,11,14,16,18,19,28,29],"killed_by":"Slavers","ascension_level":0}}