{"host":"mmqs5ul2bvb60kyc","time":1609568457,"event":{"mods":["AchievementEnabler","BaseMod","Minty Spire (QoL Compilation)","StSLib"],"gold_per_floor":[113,63,79,79,4,31,31,31,31,56,56,68,343,360,360,435,435,450,450,468,468,480,480,480,480],"floor_reached":24,"playtime":991,"items_purged":[],"score":389,"play_id":"5090f77d-cb71-47f5-b0cb-87ac9bcf161d","local_time":"20210102142057","is_ascension_mode":true,"campfire_choices":[{"data":"Neutralize","floor":7.0,"key":"SMITH"},{"data":"Venomology","floor":11.0,"key":"SMITH"},{"data":"Blade Dance","floor":15.0,"key":"SMITH"},{"data":"Noxious Fumes","floor":23.0,"key":"SMITH"}],"circlet_count":0,"master_deck":["AscendersBane","Strike_G","Strike_G","Defend_G","Defend_G","Defend_G","Defend_G","Defend_G","Survivor","Neutralize+1","Dash","After Image","Noxious Fumes+1","Venomology+1","Eviscerate","Regret","Blade Dance+1","Burst","Terror","Catalyst"],"relics":["Ring of the Snake","NeowsBlessing","Blood Vial","Paper Crane","Darkstone Periapt","Snecko Eye","The Courier"],"acts_visited":["Exordium","TheCity"],"potions_floor_usage":[24,24,24,24],"damage_taken":[{"damage":0.0,"enemies":"Jaw Worm","floor":1.0,"turns":1.0},{"damage":0.0,"enemies":"2 Louse","floor":3.0,"turns":1.0},{"damage":0.0,"enemies":"Lagavulin","floor":6.0,"turns":1.0},{"damage":20.0,"enemies":"3 Sentries","floor":10.0,"turns":9.0},{"damage":0.0,"enemies":"Small Slimes","floor":12.0,"turns":4.0},{"damage":3.0,"enemies":"Gremlin Gang","floor":14.0,"turns":4.0},{"damage":27.0,"enemies":"Hexaghost","floor":16.0,"turns":11.0},{"damage":8.0,"enemies":"Chosen","floor":18.0,"turns":3.0},{"damage":8.0,"enemies":"Shell Parasite","floor":20.0,"turns":6.0},{"damage":11.0,"enemies":"Centurion and Healer","floor":22.0,"turns":6.0},{"damage":36,"enemies":"Book of Stabbing","floor":24,"turns":5}],"seed_played":"9217516905643146879","potions_obtained":[{"floor":1.0,"key":"GamblersBrew"},{"floor":10.0,"key":"AttackPotion"},{"floor":12.0,"key":"BlessingOfTheForge"},{"floor":20.0,"key":"SkillPotion"}],"is_trial":false,"path_per_floor":["M","?","M","?","$","E","R","$","T","E","R","M","?","M","R","B",null,"M","?","M","?","M","R","E"],"character_chosen":"THE_SILENT","items_purchased":["After Image"],"campfire_rested":0,"item_purchase_floors":[5],"current_hp_per_floor":[59,59,59,52,52,52,52,52,52,34,34,36,42,41,41,16,58,52,52,46,46,37,37,3,3],"gold":480,"neow_bonus":"THREE_ENEMY_KILL","is_daily":false,"chose_seed":false,"campfire_upgraded":4,"win_rate":0.0,"timestamp":1609568457,"path_taken":["M","?","M","?","$","E","R","$","T","E","R","M","?","?","R","BOSS","M","?","?","?","M","R","E"],"items_purchased_type":["Card"],"build_version":"2020-12-22","purchased_purges":0,"victory":false,"max_hp_per_floor":[66,66,66,66,66,66,66,66,66,66,66,66,72,72,72,72,72,72,72,72,72,72,72,72,72],"card_choices":[{"not_picked":["Heel Hook","Finisher","Deadly Poison"],"picked":"SKIP","floor":1.0},{"not_picked":["Catalyst","PiercingWail"],"picked":"Dash","floor":3.0},{"not_picked":["Deflect","PiercingWail"],"picked":"Noxious Fumes","floor":6.0},{"not_picked":["Prepared","Outmaneuver"],"picked":"Venomology","floor":10.0},{"not_picked":["Concentrate","PiercingWail"],"picked":"Eviscerate","floor":12.0},{"not_picked":["Poisoned Stab","Setup"],"picked":"Blade Dance","floor":14.0},{"not_picked":["Envenom","Malaise"],"picked":"Burst","floor":16.0},{"not_picked":["Crippling Poison","Leg Sweep+1"],"picked":"Terror","floor":18.0},{"not_picked":["Slice","Leg Sweep","Endless Agony"],"picked":"SKIP","floor":20.0},{"not_picked":["Bane","Flying Knee"],"picked":"Catalyst","floor":22.0}],"player_experience":221562,"relics_obtained":[{"floor":6.0,"key":"Blood Vial"},{"floor":9.0,"key":"Paper Crane"},{"floor":10.0,"key":"Darkstone Periapt"}],"event_choices":[{"cards_removed":["Strike_G"],"damage_healed":0.0,"max_hp_gain":0.0,"max_hp_loss":0.0,"gold_gain":0.0,"event_name":"The Cleric","player_choice":"Card Removal","floor":2.0,"gold_loss":50.0,"damage_taken":0.0},{"cards_removed":["Strike_G"],"damage_healed":0.0,"max_hp_gain":0.0,"max_hp_loss":0.0,"gold_gain":0.0,"event_name":"Golden Wing","player_choice":"Card Removal","floor":4.0,"gold_loss":0.0,"damage_taken":7.0},{"damage_healed":0.0,"max_hp_gain":0.0,"max_hp_loss":0.0,"gold_gain":275.0,"event_name":"Golden Shrine","player_choice":"Desecrate","floor":13.0,"gold_loss":0.0,"damage_taken":0.0,"cards_obtained":["Regret"]},{"damage_healed":0.0,"max_hp_gain":0.0,"max_hp_loss":0.0,"gold_gain":0.0,"event_name":"WeMeetAgain","player_choice":"Gave Potion","floor":19.0,"gold_loss":0.0,"damage_taken":0.0,"relics_obtained":["The Courier"]},{"cards_removed":["Strike_G"],"damage_healed":0.0,"max_hp_gain":0.0,"max_hp_loss":0.0,"gold_gain":0.0,"event_name":"Wheel of Change","player_choice":"Card Removal","floor":21.0,"gold_loss":0.0,"damage_taken":0.0}],"is_beta":false,"boss_relics":[{"not_picked":["Cursed Key","SlaversCollar"],"picked":"Snecko Eye"}],"items_purged_floors":[],"is_endless":false,"potions_floor_spawned":[1,10,12,20,22],"killed_by":"Book of Stabbing","ascension_level":14}}