{"host":"l12hrjjiowxu1z6t","time":1609546006,"event":{"mods":["AchievementEnabler","BaseMod","Colored Map","Colored Powertips","Highlight Path","Minty Spire (QoL Compilation)","Relic Stats"],"gold_per_floor":[361,203,203,203,217,217,245,265,291,304,304,304,315,328,328,433,433,448,466,484,27,27,27,61,61,107,134,134,134,152,166,166,261,261,273,24,74,88,88,88],"floor_reached":39,"playtime":2552,"items_purged":["Strike_R","Bite"],"score":421,"play_id":"3d092b1a-1326-4b97-9123-4febbafd08fd","local_time":"20210102000646","is_ascension_mode":false,"campfire_choices":[{"data":"Flame Barrier","floor":6.0,"key":"SMITH"},{"floor":11.0,"key":"REST"},{"floor":15.0,"key":"REST"},{"data":"Apotheosis","floor":23,"key":"SMITH"},{"data":"Body Slam","floor":25,"key":"SMITH"},{"data":"Immolate","floor":29,"key":"SMITH"},{"data":"Dramatic Entrance","floor":32,"key":"SMITH"}],"circlet_count":0,"master_deck":["Defend_R+1","Defend_R","Defend_R","Defend_R+1","Bash","Flame Barrier+1","Dramatic Entrance+1","Warcry","Shrug It Off","Second Wind","Anger","Cleave","Immolate+1","Burning Pact","Headbutt+1","Apotheosis+1","Bite","Bite","Bite","Body Slam+1","Clothesline","Dramatic Entrance","Metallicize+1","Juggernaut","Thunderclap+1","Dark Embrace","Intimidate"],"relics":["Burning Blood","Centennial Puzzle","Kunai","War Paint","Strawberry","Anchor","Snecko Eye","Turnip","Self Forming Clay","Bronze Scales","Regal Pillow","Empty Cage","Calipers"],"acts_visited":["TheCity","TheBeyond"],"potions_floor_usage":[27,33],"damage_taken":[{"damage":14.0,"enemies":"2 Louse","floor":1.0,"turns":3.0},{"damage":5.0,"enemies":"Jaw Worm","floor":5.0,"turns":3.0},{"damage":60.0,"enemies":"Lagavulin","floor":7.0,"turns":12.0},{"damage":0.0,"enemies":"Cultist","floor":8.0,"turns":3.0},{"damage":2.0,"enemies":"Large Slime","floor":10.0,"turns":5.0},{"damage":2.0,"enemies":"3 Louse","floor":13.0,"turns":2.0},{"damage":2.0,"enemies":"Blue Slaver","floor":14.0,"turns":3.0},{"damage":73.0,"enemies":"Hexaghost","floor":16.0,"turns":13.0},{"damage":11,"enemies":"Spheric Guardian","floor":18,"turns":5},{"damage":0,"enemies":"3 Byrds","floor":19,"turns":3},{"damage":0,"enemies":"Snake Plant","floor":20,"turns":2},{"damage":6,"enemies":"Slavers","floor":24,"turns":2},{"damage":13,"enemies":"Book of Stabbing","floor":27,"turns":4},{"damage":17,"enemies":"Centurion and Healer","floor":30,"turns":5},{"damage":5,"enemies":"Shelled Parasite and Fungi","floor":31,"turns":3},{"damage":29,"enemies":"Automaton","floor":33,"turns":12},{"damage":0,"enemies":"3 Shapes","floor":35,"turns":1},{"damage":27,"enemies":"Mind Bloom Boss Battle","floor":37,"turns":8},{"damage":8,"enemies":"Orb Walker","floor":38,"turns":4},{"damage":47,"enemies":"2 Orb Walkers","floor":39,"turns":3}],"seed_played":"8295434156466923490","potions_obtained":[{"floor":1.0,"key":"SmokeBomb"},{"floor":8.0,"key":"EssenceOfSteel"},{"floor":14.0,"key":"SkillPotion"},{"floor":16.0,"key":"SneckoOil"},{"floor":30,"key":"EntropicBrew"},{"floor":33,"key":"SteroidPotion"},{"floor":37,"key":"Dexterity Potion"}],"is_trial":false,"path_per_floor":["M","$","?","T","M","R","E","M","T","M","R","?","M","M","R","B",null,"M","M","M","$","?","R","E","R","T","E","?","R","M","M","R","B",null,"M","$","?","M","?"],"character_chosen":"IRONCLAD","items_purchased":["Dramatic Entrance","Apotheosis","Turnip","Dark Embrace","Intimidate"],"campfire_rested":2,"item_purchase_floors":[2,21,21,36,36],"current_hp_per_floor":[64,64,61,61,62,62,8,14,21,25,48,48,52,56,79,12,79,74,79,79,79,55,55,55,55,55,54,54,54,52,55,55,50,55,55,55,38,39,0,0],"gold":88,"neow_bonus":"TWO_FIFTY_GOLD","is_daily":false,"chose_seed":false,"campfire_upgraded":5,"win_rate":0.0,"timestamp":1609546006,"path_taken":["M","$","?","?","M","R","E","M","T","M","R","?","M","M","R","BOSS","M","M","M","$","?","R","E","R","T","E","?","R","M","?","R","BOSS","M","$","?","M","?"],"items_purchased_type":["Card","Card","Relic","Card","Card"],"build_version":"2020-12-22","purchased_purges":2,"victory":false,"max_hp_per_floor":[72,72,72,72,72,72,72,72,79,79,79,79,79,79,79,79,79,79,79,79,79,55,55,55,55,55,55,55,55,55,55,55,55,55,55,55,55,55,55,55],"relic_stats":{"Centennial Puzzle":[27],"Regal Pillow":0,"counters":[12,52],"Self Forming Clay":[54],"Bronze Scales":[117],"Snecko Eye":[95,117,92,109],"Turnip":[6],"Kunai":[21],"War Paint":[],"obtain_stats":[{"Regal Pillow":27,"Calipers":37,"Self Forming Clay":24,"War Paint":0,"Empty Cage":34,"Burning Blood":0,"Centennial Puzzle":0,"Anchor":0,"Strawberry":0,"Bronze Scales":26,"Snecko Eye":17,"Turnip":21,"Kunai":0},{"Regal Pillow":5,"Calipers":10,"Self Forming Clay":4,"War Paint":0,"Empty Cage":8,"Burning Blood":0,"Centennial Puzzle":0,"Anchor":0,"Strawberry":0,"Bronze Scales":4,"Snecko Eye":0,"Turnip":3,"Kunai":0},{"Regal Pillow":16,"Calipers":45,"Self Forming Clay":12,"War Paint":0,"Empty Cage":36,"Burning Blood":0,"Centennial Puzzle":0,"Anchor":0,"Strawberry":0,"Bronze Scales":12,"Snecko Eye":0,"Turnip":10,"Kunai":0}],"Burning Blood":46},"card_choices":[{"not_picked":["Thunderclap","Iron Wave"],"picked":"Flame Barrier","floor":1.0},{"not_picked":["Bloodletting","Shockwave"],"picked":"Warcry","floor":5.0},{"not_picked":["Cleave","Body Slam"],"picked":"Shrug It Off","floor":7.0},{"not_picked":["Searing Blow","Sword Boomerang"],"picked":"Second Wind","floor":8.0},{"not_picked":["Rupture","True Grit"],"picked":"Anger","floor":10.0},{"not_picked":["Clash","Rampage"],"picked":"Cleave","floor":13.0},{"not_picked":["Shrug It Off","True Grit","Berserk"],"picked":"SKIP","floor":14.0},{"not_picked":["Corruption","Limit Break"],"picked":"Immolate","floor":16.0},{"not_picked":["Evolve","Hemokinesis"],"picked":"Burning Pact","floor":18},{"not_picked":["Disarm","Perfected Strike","Evolve+1"],"picked":"SKIP","floor":19},{"not_picked":["Iron Wave","Burning Pact+1"],"picked":"Headbutt+1","floor":20},{"not_picked":["Shockwave","Power Through"],"picked":"Body Slam","floor":24},{"not_picked":["Pommel Strike","Fire Breathing"],"picked":"Clothesline","floor":27},{"not_picked":["Wild Strike","Pummel"],"picked":"Metallicize+1","floor":30},{"not_picked":["Evolve","Thunderclap","Cleave"],"picked":"SKIP","floor":31},{"not_picked":["Offering","Corruption"],"picked":"Juggernaut","floor":33},{"not_picked":["Anger+1","Sword Boomerang+1"],"picked":"Thunderclap+1","floor":35},{"not_picked":["Shrug It Off+1","Body Slam","Dropkick"],"picked":"SKIP","floor":38}],"player_experience":59560,"relics_obtained":[{"floor":4.0,"key":"Kunai"},{"floor":7.0,"key":"War Paint"},{"floor":9.0,"key":"Strawberry"},{"floor":24,"key":"Self Forming Clay"},{"floor":26,"key":"Bronze Scales"},{"floor":27,"key":"Regal Pillow"},{"floor":37,"key":"Calipers"}],"event_choices":[{"damage_healed":0.0,"max_hp_gain":0.0,"max_hp_loss":0.0,"gold_gain":0.0,"event_name":"Scrap Ooze","player_choice":"Success","floor":3.0,"gold_loss":0.0,"damage_taken":3.0,"relics_obtained":["Centennial Puzzle"]},{"damage_healed":0.0,"max_hp_gain":0.0,"max_hp_loss":0.0,"gold_gain":0.0,"event_name":"Big Fish","player_choice":"Box","floor":12.0,"gold_loss":0.0,"damage_taken":0.0,"relics_obtained":["Anchor"],"cards_obtained":["Regret"]},{"damage_healed":0,"gold_gain":0,"player_choice":"Became a vampire","damage_taken":0,"max_hp_gain":0,"max_hp_loss":24,"event_name":"Vampires","floor":22,"gold_loss":0,"cards_obtained":["Bite","Bite","Bite","Bite","Bite"]},{"damage_healed":0,"gold_gain":0,"player_choice":"Copied","damage_taken":0,"max_hp_gain":0,"max_hp_loss":0,"event_name":"Duplicator","floor":28,"gold_loss":0,"cards_obtained":["Dramatic Entrance"]},{"damage_healed":0,"gold_gain":0,"player_choice":"Fight","damage_taken":0,"max_hp_gain":0,"max_hp_loss":0,"event_name":"MindBloom","floor":37,"gold_loss":0},{"damage_healed":0,"gold_gain":0,"player_choice":"Fight","damage_taken":0,"max_hp_gain":0,"max_hp_loss":0,"event_name":"Mysterious Sphere","floor":39,"gold_loss":0}],"is_beta":false,"boss_relics":[{"not_picked":["Coffee Dripper","Astrolabe"],"picked":"Snecko Eye"},{"not_picked":["SlaversCollar","Tiny House"],"picked":"Empty Cage"}],"items_purged_floors":[2,36],"is_endless":false,"potions_floor_spawned":[1,8,14,16,20,30,31,33,37],"killed_by":"2 Orb Walkers","ascension_level":0}}