{"host":"qbjg3mu4phs7gjh5","time":1609565790,"event":{"mods":["BaseMod","Googly Eyes","Hermit","Hubris","Minty Spire (QoL Compilation)","Replay The Spire","StSLib","The Bug Knight","The Cursed","The Disciple","The Jungle","The Necromancer","The Servant 0.9.4","The Vixen","slay the spire mod where everything is the same but ironclad has a cowboy hat"],"gold_per_floor":[118,118,118,131,131,131,157,157,157,171,187,187,221,235,235,339,339,355,355,427,446,457,484,501,501,527,547,566,566,595,606,606,710,710,720,269,269,324,324,324,342,377,431,458,458,469,503,513,513,513],"floor_reached":51,"playtime":4112,"items_purged":["hubris:Envy"],"score":862,"play_id":"75f99c5b-a1f9-4fda-b3f8-247b97af3644","local_time":"20210102003630","is_ascension_mode":false,"campfire_choices":[{"data":"hermit:FlashPowder","floor":6.0,"key":"SMITH"},{"data":"hermit:Showdown","floor":8.0,"key":"SMITH"},{"data":"hermit:FromBeyond","floor":15.0,"key":"SMITH"},{"data":"hermit:HeroicBravado","floor":25.0,"key":"SMITH"},{"floor":32.0,"key":"DIG"},{"data":"hermit:FromBeyond","floor":40.0,"key":"SMITH"},{"data":"hermit:Quickdraw","floor":45.0,"key":"SMITH"},{"data":"hermit:LuckOfTheDraw","floor":49.0,"key":"SMITH"}],"circlet_count":0,"master_deck":["hermit:Strike_Hermit","hermit:Strike_Hermit+1","hermit:Strike_Hermit","hermit:Defend_Hermit","hermit:Defend_Hermit+1","hermit:Defend_Hermit","hermit:Snapshot","hermit:Covet","hermit:Ricochet","hermit:FlashPowder+1","hermit:Showdown+1","hermit:HighCaliber","hermit:Quickdraw+1","hermit:FromBeyond+1","hermit:CalledShot","hermit:HeroicBravado+1","hermit:Deadeye","hermit:BodyArmor","hermit:Ricochet+1","hermit:BlackWind+1","hermit:Gestalt","hermit:EyeOfTheStorm","hermit:Magnum+1","hermit:Headshot+1","hermit:NoHoldsBarred+1","hermit:FromBeyond+1","hermit:Enervate+1","hermit:Roughhouse+1","hermit:LuckOfTheDraw+1","Panache","hermit:Glare","hermit:Dive+1","hermit:GoldenBullet+1"],"relics":["SlaversCollar","Mercury Hourglass","TungstenRod","StoneCalendar","hubris:Towel","Pet Ghost","Sozu","ReplayTheSpireMod:Ring of Sloth","Ring of Hypnosis","Molten Egg 2","ReplayTheSpireMod:Ninjato","ReplayTheSpireMod:TigerMarble","hubris:BottledRain","Simple Rune","hubris:HollowSoul","Onion Ring","hubris:FunFungus","StrikeDummy","Replay:Baseball","Bag of Marbles","Boot"],"acts_visited":["Exordium","Exordium","TheBeyond"],"potions_floor_usage":[],"damage_taken":[{"damage":2.0,"enemies":"2 Louse","floor":1.0,"turns":2.0},{"damage":1.0,"enemies":"Jaw Worm","floor":4.0,"turns":2.0},{"damage":0.0,"enemies":"HollowMod:MossKnight","floor":7.0,"turns":3.0},{"damage":0.0,"enemies":"Small Slimes","floor":10.0,"turns":2.0},{"damage":0.0,"enemies":"Looter","floor":11.0,"turns":1.0},{"damage":0.0,"enemies":"3 Sentries","floor":13.0,"turns":3.0},{"damage":2.0,"enemies":"Exordium Wildlife","floor":14.0,"turns":2.0},{"damage":7.0,"enemies":"The Guardian","floor":16.0,"turns":6.0},{"damage":2.0,"enemies":"theJungle:MUSHROOMGANG","floor":18.0,"turns":4.0},{"damage":9.0,"enemies":"theJungle:GiantWrat","floor":21.0,"turns":5.0},{"damage":11.0,"enemies":"theJungle:JungleHuntersEncounter","floor":22.0,"turns":4.0},{"damage":14.0,"enemies":"theJungle:2_Phrogs","floor":23.0,"turns":6.0},{"damage":14.0,"enemies":"theJungle:Lyon","floor":24.0,"turns":5.0},{"damage":6.0,"enemies":"theJungle:2_Snecko_Cultists","floor":27.0,"turns":3.0},{"damage":0.0,"enemies":"Snake Plant","floor":28.0,"turns":1.0},{"damage":0.0,"enemies":"theJungle:Cassacara","floor":30.0,"turns":3.0},{"damage":0.0,"enemies":"theJungle:Lyon","floor":31.0,"turns":3.0},{"damage":12.0,"enemies":"theJungle:FunGuy","floor":33.0,"turns":7.0},{"damage":8.0,"enemies":"Orb Walker","floor":35.0,"turns":4.0},{"damage":17.0,"enemies":"2 Orb Walkers","floor":38.0,"turns":3.0},{"damage":0.0,"enemies":"3 Shapes","floor":41.0,"turns":3.0},{"damage":13.0,"enemies":"Reptomancer","floor":42.0,"turns":4.0},{"damage":0.0,"enemies":"R_Hoarder","floor":44.0,"turns":5.0},{"damage":0.0,"enemies":"Transient","floor":46.0,"turns":5.0},{"damage":0.0,"enemies":"Nemesis","floor":47.0,"turns":1.0},{"damage":0.0,"enemies":"4 Shapes","floor":48.0,"turns":7.0},{"damage":11,"enemies":"hubris:GrandSnecko","floor":50,"turns":7}],"seed_played":"-8651040573599774340","potions_obtained":[{"floor":1.0,"key":"DuplicationPotion"},{"floor":7.0,"key":"ColorlessPotion"},{"floor":11.0,"key":"Explosive Potion"},{"floor":13.0,"key":"SmokeBomb"},{"floor":16.0,"key":"Fire Potion"}],"is_trial":false,"path_per_floor":["M","?","?","M","?","R","E","R","T","M","M","?","E","M","R","B",null,"M","?","T","M","M","E","M","R","T","M","M","?","E","M","R","B",null,"M","$","?","?","?","R","M","E","T","E","R","M","E","M","R","B",null],"character_chosen":"HERMIT","items_purchased":["hermit:Roughhouse+1","Onion Ring"],"campfire_rested":0,"item_purchase_floors":[36,36],"current_hp_per_floor":[73,66,41,40,40,40,40,40,40,40,40,40,40,38,38,31,75,73,73,73,64,53,39,25,25,25,19,19,19,19,19,19,7,75,67,67,67,50,50,50,55,42,42,47,47,47,47,61,61,52],"gold":513,"neow_bonus":"BOSS_RELIC","is_daily":false,"chose_seed":false,"campfire_upgraded":7,"win_rate":0.0,"timestamp":1609565790,"path_taken":["M","?","?","M","?","R","E","R","T","M","M","?","E","M","R","BOSS","M","?","?","M","M","E","?","R","T","M","M","?","E","M","R","BOSS","M","$","?","?","?","R","M","E","T","E","R","?","E","M","R","BOSS"],"items_purchased_type":["Card","Relic"],"build_version":"2020-12-22","purchased_purges":1,"victory":true,"max_hp_per_floor":[75,75,75,75,75,75,75,75,75,75,75,75,75,75,75,75,75,75,75,75,75,75,75,75,75,75,75,75,75,75,75,75,75,75,75,75,71,71,71,71,71,71,71,71,71,71,71,71,71,71],"card_choices":[{"not_picked":["hermit:Malice","hermit:HoleUp"],"picked":"hermit:Ricochet","floor":1.0},{"not_picked":["hermit:Glare","hermit:Midnight"],"picked":"hermit:FlashPowder","floor":4.0},{"not_picked":["hermit:Quickdraw","hermit:LowProfile"],"picked":"hermit:Showdown","floor":7.0},{"not_picked":["hermit:Misfire","hermit:DeadMansHand"],"picked":"hermit:HighCaliber","floor":10.0},{"not_picked":["hermit:Enervate","hermit:BodyArmor"],"picked":"hermit:Quickdraw","floor":11.0},{"not_picked":["hermit:FullyLoaded","hermit:SprayPray"],"picked":"hermit:FromBeyond","floor":13.0},{"not_picked":["hermit:Feint","hermit:TrackingShot"],"picked":"hermit:CalledShot","floor":14.0},{"not_picked":["hermit:Reprieve","hermit:HighNoon"],"picked":"hermit:HeroicBravado","floor":16.0},{"not_picked":["hermit:ShadowCloak+1","hermit:Snipe"],"picked":"hermit:Deadeye","floor":18.0},{"not_picked":["hermit:Cheat","hermit:Manifest"],"picked":"hermit:BodyArmor","floor":21.0},{"not_picked":["hermit:Snipe+1","hermit:Coalescence"],"picked":"hermit:Ricochet+1","floor":22.0},{"not_picked":["hermit:HighCaliber+1","hermit:PistolWhip+1"],"picked":"hermit:BlackWind+1","floor":23.0},{"not_picked":["hermit:ItchyTrigger+1","hermit:Feint+1"],"picked":"hermit:Gestalt","floor":24.0},{"not_picked":["hermit:Maintenance+1","hermit:Feint+1"],"picked":"hermit:EyeOfTheStorm","floor":27.0},{"not_picked":["hermit:Snipe","hermit:Dive"],"picked":"hermit:Magnum+1","floor":28.0},{"not_picked":["hermit:Vantage","hermit:TrackingShot+1"],"picked":"hermit:Headshot+1","floor":30.0},{"not_picked":["hermit:TakeAim","hermit:Dive"],"picked":"hermit:NoHoldsBarred+1","floor":31.0},{"not_picked":["hermit:Roughhouse+1","hermit:Dissolve"],"picked":"hermit:FromBeyond","floor":33.0},{"not_picked":["hermit:Vantage+1","hermit:TakeAim"],"picked":"hermit:Enervate+1","floor":35.0},{"not_picked":["hermit:Ricochet+1","hermit:TrackingShot+1"],"picked":"hermit:LuckOfTheDraw","floor":38.0},{"not_picked":["Crow Ritual","ReplayTheSpireMod:Brewmster"],"picked":"Panache","floor":39.0},{"not_picked":["hermit:LoneWolf+1","hermit:SprayPray+1","hermit:LowProfile+1"],"picked":"SKIP","floor":41.0},{"not_picked":["hermit:Shortfuse+1","hermit:Spite+1"],"picked":"hermit:Glare","floor":42.0},{"not_picked":["hermit:ItchyTrigger+1","hermit:Manifest"],"picked":"hermit:Dive+1","floor":44.0},{"not_picked":["hermit:GhostlyPresence+1","hermit:Quickdraw+1"],"picked":"hermit:GoldenBullet+1","floor":46.0},{"not_picked":["hermit:Desperado+1","hermit:LowProfile","hermit:Roulette+1"],"picked":"SKIP","floor":47.0},{"not_picked":["hermit:CursedWeapon+1","hermit:HighCaliber+1","hermit:HoleUp"],"picked":"SKIP","floor":48.0}],"player_experience":767879,"relics_obtained":[{"floor":7.0,"key":"TungstenRod"},{"floor":9.0,"key":"StoneCalendar"},{"floor":13.0,"key":"Pet Ghost"},{"floor":19.0,"key":"ReplayTheSpireMod:Ring of Sloth"},{"floor":19.0,"key":"Ring of Hypnosis"},{"floor":20.0,"key":"Molten Egg 2"},{"floor":23.0,"key":"ReplayTheSpireMod:Ninjato"},{"floor":26.0,"key":"ReplayTheSpireMod:TigerMarble"},{"floor":30.0,"key":"hubris:BottledRain"},{"floor":32.0,"key":"Simple Rune"},{"floor":38.0,"key":"hubris:FunFungus"},{"floor":42.0,"key":"StrikeDummy"},{"floor":43.0,"key":"Replay:Baseball"},{"floor":44.0,"key":"Bag of Marbles"},{"floor":47.0,"key":"Boot"}],"event_choices":[{"cards_removed":["hermit:Strike_Hermit"],"damage_healed":0.0,"max_hp_gain":0.0,"max_hp_loss":0.0,"gold_gain":0.0,"event_name":"Golden Wing","player_choice":"Card Removal","floor":2.0,"gold_loss":0.0,"damage_taken":7.0},{"damage_healed":0.0,"max_hp_gain":0.0,"max_hp_loss":0.0,"gold_gain":0.0,"event_name":"Scrap Ooze","player_choice":"Success","floor":3.0,"gold_loss":0.0,"damage_taken":25.0,"relics_obtained":["Mercury Hourglass"]},{"damage_healed":0.0,"max_hp_gain":0.0,"max_hp_loss":4.0,"gold_gain":0.0,"event_name":"Winding Halls","player_choice":"Max HP","floor":37.0,"gold_loss":0.0,"damage_taken":0.0},{"damage_healed":0.0,"max_hp_gain":0.0,"max_hp_loss":0.0,"gold_gain":0.0,"event_name":"Mysterious Sphere","player_choice":"Fight","floor":38.0,"gold_loss":0.0,"damage_taken":0.0},{"damage_healed":0.0,"max_hp_gain":0.0,"max_hp_loss":0.0,"gold_gain":0.0,"event_name":"SensoryStone","player_choice":"Memory 1","floor":39.0,"gold_loss":0.0,"damage_taken":0.0}],"is_beta":false,"boss_relics":[{"not_picked":["hubris:CrackedHourglass","Painkiller Herb"],"picked":"Sozu"},{"not_picked":["Velvet Choker","Busted Crown"],"picked":"hubris:HollowSoul"}],"items_purged_floors":[36],"is_endless":false,"potions_floor_spawned":[1,7,11,13,16,22,24,30,31,33,35,41,46,48],"ascension_level":0}}