{"host":"w9yruvs4bqht6bhw","time":1609617627,"event":{"mods":["BaseMod","Colored Powertips","Minty Spire (QoL Compilation)"],"gold_per_floor":[116,132,202,202,40,71,85,115,115,127,137,137,137],"floor_reached":12,"playtime":404,"items_purged":["Bash"],"score":122,"play_id":"e788e7ee-f85a-42c9-90fe-a918084fe249","local_time":"20210102150027","is_ascension_mode":true,"campfire_choices":[],"circlet_count":0,"master_deck":["Strike_R","Strike_R","Strike_R","Strike_R","Strike_R","Defend_R","Defend_R","Defend_R","Defend_R","Wild Strike+1","Havoc","Uppercut","Spot Weakness","Twin Strike","Dual Wield","Perfected Strike","Wild Strike","Rage"],"relics":["Burning Blood","Bird Faced Urn","Gremlin Horn","Paper Frog"],"acts_visited":["Exordium"],"potions_floor_usage":[6,6,8,12],"damage_taken":[{"damage":10,"enemies":"2 Louse","floor":1,"turns":4},{"damage":2,"enemies":"Small Slimes","floor":2,"turns":4},{"damage":30,"enemies":"Lagavulin","floor":6,"turns":5},{"damage":2,"enemies":"Jaw Worm","floor":7,"turns":3},{"damage":30,"enemies":"3 Sentries","floor":8,"turns":6},{"damage":0,"enemies":"3 Louse","floor":10,"turns":2},{"damage":6,"enemies":"Looter","floor":11,"turns":2},{"damage":37,"enemies":"Gremlin Nob","floor":12,"turns":3}],"seed_played":"5371941391958304857","potions_obtained":[{"floor":2,"key":"ColorlessPotion"},{"floor":6,"key":"Fire Potion"},{"floor":10,"key":"Fire Potion"},{"floor":11,"key":"Dexterity Potion"}],"is_trial":false,"path_per_floor":["M","M","?","?","$","E","M","E","T","M","M","E"],"character_chosen":"IRONCLAD","items_purchased":["Spot Weakness","Swift Potion"],"campfire_rested":0,"item_purchase_floors":[5,5],"current_hp_per_floor":[68,72,72,72,72,48,52,28,28,34,34,0,0],"gold":137,"neow_bonus":"THREE_CARDS","is_daily":false,"chose_seed":false,"campfire_upgraded":0,"win_rate":0.0,"timestamp":1609617627,"path_taken":["M","M","?","?","?","E","M","E","T","M","M","E"],"items_purchased_type":["Card","Potion"],"build_version":"2020-12-22","purchased_purges":1,"victory":false,"max_hp_per_floor":[80,80,80,80,80,80,80,80,80,80,80,80,80],"card_choices":[{"not_picked":["Combust","Twin Strike"],"picked":"Wild Strike","floor":0},{"not_picked":["Heavy Blade","Bloodletting"],"picked":"Havoc","floor":1},{"not_picked":["Intimidate","Warcry"],"picked":"Uppercut","floor":2},{"not_picked":["Body Slam","Shockwave"],"picked":"Twin Strike","floor":6},{"not_picked":["Second Wind","Havoc"],"picked":"Dual Wield","floor":7},{"not_picked":["Sword Boomerang","Offering"],"picked":"Perfected Strike","floor":8},{"not_picked":["Ghostly Armor","Shrug It Off"],"picked":"Wild Strike","floor":10},{"not_picked":["Iron Wave","Entrench"],"picked":"Rage","floor":11}],"player_experience":263854,"relics_obtained":[{"floor":6,"key":"Bird Faced Urn"},{"floor":8,"key":"Gremlin Horn"},{"floor":9,"key":"Paper Frog"}],"event_choices":[{"damage_healed":0,"gold_gain":70,"player_choice":"Gained Gold","damage_taken":0,"max_hp_gain":0,"max_hp_loss":0,"event_name":"Golden Wing","floor":3,"gold_loss":0},{"damage_healed":0,"gold_gain":0,"player_choice":"Grow","damage_taken":0,"max_hp_gain":0,"max_hp_loss":0,"event_name":"Living Wall","floor":4,"gold_loss":0,"cards_upgraded":["Wild Strike"]}],"is_beta":false,"boss_relics":[],"items_purged_floors":[5],"is_endless":false,"potions_floor_spawned":[2,6,10,11],"killed_by":"Gremlin Nob","ascension_level":7}}