{"host":"aibqmozag2xz7y1n","time":1609623377,"event":{"mods":["AchievementEnabler","BaseMod","Colored Map","Marisa????????","Minty Spire (QoL Compilation)","StSLib","The Servant 0.9.4"],"gold_per_floor":[109,61,61,61,236,236,247,247,247,259,259,259,259,277,277,277,277],"floor_reached":16,"playtime":510,"items_purged":[],"score":88,"play_id":"0cb718b2-9707-4fa9-955f-4e7679f97162","local_time":"20210102223617","is_ascension_mode":false,"campfire_choices":[{"data":"Halt","floor":6,"key":"SMITH"},{"floor":8,"key":"REST"},{"data":"Eruption","floor":12,"key":"SMITH"},{"data":"Worship","floor":15,"key":"SMITH"}],"circlet_count":0,"master_deck":["Strike_P+1","Strike_P","Strike_P","Strike_P","Defend_P","Defend_P","Defend_P","Defend_P","Eruption+1","Vigilance","Sanctity","Halt+1","Doubt","TalkToTheHand+1","InnerPeace","Worship+1"],"relics":["PureWater","Blood Vial","Juzu Bracelet"],"acts_visited":["Exordium"],"potions_floor_usage":[16],"damage_taken":[{"damage":5,"enemies":"2 Louse","floor":1,"turns":2},{"damage":21,"enemies":"Jaw Worm","floor":7,"turns":5},{"damage":0,"enemies":"Small Slimes","floor":10,"turns":4},{"damage":0,"enemies":"Exordium Wildlife","floor":14,"turns":4},{"damage":72,"enemies":"The Guardian","floor":16,"turns":10}],"seed_played":"3897163938395736987","potions_obtained":[{"floor":10,"key":"SpeedPotion"}],"is_trial":false,"path_per_floor":["M","$","?","?","?","R","M","R","T","M","?","R","?","M","R","B"],"character_chosen":"WATCHER","items_purchased":["Halt"],"campfire_rested":1,"item_purchase_floors":[2],"current_hp_per_floor":[74,74,56,56,56,56,37,60,60,62,67,67,50,52,52,0,0],"gold":277,"neow_bonus":"TEN_PERCENT_HP_BONUS","is_daily":false,"chose_seed":false,"campfire_upgraded":3,"win_rate":0.0,"timestamp":1609623377,"path_taken":["M","$","?","?","?","R","M","R","T","M","?","R","?","M","R","BOSS"],"items_purchased_type":["Card"],"build_version":"2020-12-22","purchased_purges":0,"victory":false,"max_hp_per_floor":[79,79,79,79,79,79,79,79,79,79,84,84,84,84,84,84,84],"card_choices":[{"not_picked":["BowlingBash","WaveOfTheHand"],"picked":"Sanctity","floor":1},{"not_picked":["Wallop","JustLucky"],"picked":"TalkToTheHand","floor":7},{"not_picked":["PathToVictory","WaveOfTheHand"],"picked":"InnerPeace","floor":10},{"not_picked":["WreathOfFlame","DevaForm"],"picked":"Worship","floor":14}],"player_experience":201891,"relics_obtained":[{"floor":9,"key":"Juzu Bracelet"}],"event_choices":[{"damage_healed":0,"gold_gain":0,"player_choice":"Success","damage_taken":18,"relics_obtained":["Blood Vial"],"max_hp_gain":0,"max_hp_loss":0,"event_name":"Scrap Ooze","floor":3,"gold_loss":0},{"damage_healed":0,"gold_gain":0,"player_choice":"Ignored","damage_taken":0,"max_hp_gain":0,"max_hp_loss":0,"event_name":"Golden Idol","floor":4,"gold_loss":0},{"damage_healed":0,"gold_gain":175,"player_choice":"AGREE","damage_taken":0,"max_hp_gain":0,"max_hp_loss":0,"event_name":"Liars Game","floor":5,"gold_loss":0,"cards_obtained":["Doubt"]},{"damage_healed":0,"gold_gain":0,"player_choice":"Donut","damage_taken":0,"max_hp_gain":5,"max_hp_loss":0,"event_name":"Big Fish","floor":11,"gold_loss":0},{"damage_healed":0,"gold_gain":0,"player_choice":"Entered Light","damage_taken":17,"max_hp_gain":0,"max_hp_loss":0,"event_name":"Shining Light","floor":13,"gold_loss":0,"cards_upgraded":["TalkToTheHand","Strike_P"]}],"is_beta":false,"boss_relics":[],"items_purged_floors":[],"is_endless":false,"potions_floor_spawned":[10],"killed_by":"The Guardian","ascension_level":0}}