{"host":"2n2g1vowfllvjtvi","time":1609593972,"event":{"mods":["AchievementEnabler","BaseMod","Custom Start","GifTheSpireLib","Keyboard Shortcuts","Minty Spire (QoL Compilation)","Quick Restart","Rare Cards Sparkle","StSLib","SuperFastMode"],"gold_per_floor":[114,114,264,264,150,150,179,179,179,206,106,117,0,27,27,100,100,111,111,36,53,53],"floor_reached":21,"playtime":332,"items_purged":["Strike_R","Strike_R"],"score":425,"play_id":"e61b7867-37ab-4e04-bc04-614f7f8e7f4c","local_time":"20210102222612","is_ascension_mode":true,"campfire_choices":[{"data":"Inflame","floor":6.0,"key":"SMITH"},{"data":"Carnage","floor":8.0,"key":"SMITH"},{"data":"Blood for Blood","floor":15.0,"key":"SMITH"}],"circlet_count":0,"master_deck":["AscendersBane","Strike_R","Strike_R","Defend_R","Defend_R+1","Defend_R","Defend_R","Bash","Dark Embrace+1","Inflame+1","Carnage+1","Blood for Blood","Hemokinesis","Evolve","Blood for Blood+1","Fire Breathing","Rupture","Uppercut"],"relics":["Burning Blood","NeowsBlessing","Bag of Preparation","Eternal Feather","StrikeDummy","Cursed Key"],"acts_visited":["Exordium","TheCity"],"potions_floor_usage":[],"damage_taken":[{"damage":0.0,"enemies":"Jaw Worm","floor":1.0,"turns":1.0},{"damage":0.0,"enemies":"Gremlin Nob","floor":7.0,"turns":1.0},{"damage":0.0,"enemies":"3 Sentries","floor":10.0,"turns":2.0},{"damage":6.0,"enemies":"Small Slimes","floor":12.0,"turns":2.0},{"damage":29.0,"enemies":"Lagavulin","floor":14.0,"turns":6.0},{"damage":36.0,"enemies":"Hexaghost","floor":16.0,"turns":7.0},{"damage":32.0,"enemies":"2 Thieves","floor":18.0,"turns":4.0},{"damage":7,"enemies":"Chosen","floor":21,"turns":5}],"seed_played":"8336574555936635015","potions_obtained":[{"floor":7.0,"key":"PowerPotion"},{"floor":16.0,"key":"Swift Potion"}],"is_trial":false,"path_per_floor":["M","?","?","?","$","R","E","R","T","E","$","M","$","E","R","B",null,"M","?","?","M"],"character_chosen":"IRONCLAD","items_purchased":["Inflame","Evolve","Blood for Blood"],"campfire_rested":0,"item_purchase_floors":[5,13,13],"current_hp_per_floor":[74,51,51,51,51,51,57,57,57,63,63,63,63,40,49,19,61,35,35,35,34,34],"gold":53,"neow_bonus":"THREE_ENEMY_KILL","is_daily":false,"chose_seed":false,"campfire_upgraded":3,"win_rate":0.0,"timestamp":1609593972,"path_taken":["M","?","?","?","$","R","E","R","T","E","$","M","$","E","R","BOSS","M","?","?","M"],"items_purchased_type":["Card","Card","Card"],"build_version":"2020-12-22","purchased_purges":2,"victory":false,"max_hp_per_floor":[75,75,75,75,75,75,75,75,75,75,75,75,75,75,75,75,75,75,75,75,75,75],"card_choices":[{"not_picked":["Warcry","Cleave"],"picked":"Dark Embrace","floor":1.0},{"not_picked":["Metallicize","Spot Weakness"],"picked":"Carnage","floor":7.0},{"not_picked":["Clash","Power Through"],"picked":"Blood for Blood","floor":10.0},{"not_picked":["Warcry","Cleave"],"picked":"Hemokinesis","floor":12.0},{"not_picked":["Pommel Strike","Cleave"],"picked":"Fire Breathing","floor":14.0},{"not_picked":["Power Through","Rampage"],"picked":"Rupture","floor":18.0},{"not_picked":["Headbutt","Intimidate"],"picked":"Uppercut","floor":21}],"player_experience":414373,"relics_obtained":[{"floor":7.0,"key":"Bag of Preparation"},{"floor":10.0,"key":"Eternal Feather"},{"floor":14.0,"key":"StrikeDummy"}],"event_choices":[{"damage_healed":0.0,"max_hp_gain":0.0,"max_hp_loss":0.0,"gold_gain":0.0,"event_name":"Shining Light","player_choice":"Entered Light","floor":2.0,"gold_loss":0.0,"damage_taken":23.0,"cards_upgraded":["Defend_R","Dark Embrace"]},{"damage_healed":0.0,"max_hp_gain":0.0,"max_hp_loss":0.0,"gold_gain":150.0,"event_name":"Liars Game","player_choice":"AGREE","floor":3.0,"gold_loss":0.0,"damage_taken":0.0,"cards_obtained":["Doubt"]},{"cards_removed":["Doubt"],"damage_healed":0.0,"max_hp_gain":0.0,"max_hp_loss":0.0,"gold_gain":0.0,"event_name":"Living Wall","player_choice":"Forget","floor":4.0,"gold_loss":0.0,"damage_taken":0.0},{"damage_healed":0.0,"max_hp_gain":0.0,"max_hp_loss":0.0,"gold_gain":0.0,"event_name":"Ghosts","player_choice":"Ignored","floor":19.0,"gold_loss":0.0,"damage_taken":0.0},{"cards_removed":["Strike_R"],"damage_healed":0.0,"max_hp_gain":0.0,"max_hp_loss":0.0,"gold_gain":0.0,"event_name":"Beggar","player_choice":"Gave Gold","floor":20.0,"gold_loss":75.0,"damage_taken":0.0}],"is_beta":false,"boss_relics":[{"not_picked":["Runic Dome","SlaversCollar"],"picked":"Cursed Key"}],"items_purged_floors":[5,11],"is_endless":false,"potions_floor_spawned":[7,16],"killed_by":"Chosen","ascension_level":15}}