{"host":"atc9njsbcy6dgluf","time":1609615705,"event":{"mods":["BaseMod","Better Match","Better Note","Better Third Choice","Infinite Spire","Minty Spire (QoL Compilation)","StSLib"],"gold_per_floor":[116,116,41,41,41,76,76,99,124,158,173,211,211,231,231,324,324,344,261,121,121,144,160,160,160,160,160,160,198,213,249,249,339,339,364,364,380,393,408,408,408],"floor_reached":40,"playtime":2941,"items_purged":["Strike_G"],"score":891,"play_id":"196864cb-4858-481d-9bc2-4d97f624f276","local_time":"20210102202825","is_ascension_mode":true,"campfire_choices":[{"data":"Crippling Poison","floor":7.0,"key":"SMITH"},{"data":"Storm of Steel","floor":13.0,"key":"SMITH"},{"floor":15.0,"key":"RECALL"},{"floor":25,"key":"REST"},{"data":"Noxious Fumes","floor":28,"key":"SMITH"},{"data":"Envenom","floor":32,"key":"SMITH"}],"circlet_count":0,"master_deck":["AscendersBane","Strike_G","Strike_G","Strike_G","Strike_G","Defend_G","Defend_G","Defend_G","Defend_G","Defend_G","Survivor","Neutralize","Footwork","Crippling Poison+1","Storm of Steel+1","Backstab","Envenom+1","Footwork","Infinite Blades","Deadly Poison","Noxious Fumes+1","infinitespire:TheBestDefense","infinitespire:Punishment","Die Die Die","Deadly Poison+1"],"relics":["Ring of the Snake","NeowsBlessing","Meat on the Bone","Golden Idol","Tingsha","Orichalcum","Anchor","Lantern","Sozu","WristBlade","White Beast Statue","Torii","Toy Ornithopter","infinitespire:ShieldingShard","infinitespire:Cupcake"],"acts_visited":["Exordium","TheCity","TheBeyond"],"potions_floor_usage":[22],"damage_taken":[{"damage":0.0,"enemies":"Small Slimes","floor":1.0,"turns":1.0},{"damage":0.0,"enemies":"Gremlin Nob","floor":6.0,"turns":1.0},{"damage":0.0,"enemies":"2 Louse","floor":8.0,"turns":1.0},{"damage":21.0,"enemies":"Lagavulin","floor":10.0,"turns":8.0},{"damage":0.0,"enemies":"Cultist","floor":11.0,"turns":3.0},{"damage":21.0,"enemies":"3 Sentries","floor":12.0,"turns":10.0},{"damage":4.0,"enemies":"Blue Slaver","floor":14.0,"turns":4.0},{"damage":25.0,"enemies":"Hexaghost","floor":16.0,"turns":13.0},{"damage":3.0,"enemies":"2 Thieves","floor":18.0,"turns":3.0},{"damage":12,"enemies":"Chosen","floor":22,"turns":4},{"damage":21,"enemies":"Shelled Parasite and Fungi","floor":23,"turns":6},{"damage":2,"enemies":"Nightmare","floor":29,"turns":6},{"damage":12,"enemies":"Cultist and Chosen","floor":30,"turns":6},{"damage":14,"enemies":"Slavers","floor":31,"turns":5},{"damage":41,"enemies":"Automaton","floor":33,"turns":9},{"damage":0,"enemies":"3 Shapes","floor":35,"turns":2},{"damage":0,"enemies":"Orb Walker","floor":37,"turns":5},{"damage":3,"enemies":"Sphere and 2 Shapes","floor":38,"turns":5},{"damage":33,"enemies":"Writhing Mass","floor":39,"turns":7},{"damage":42,"enemies":"Reptomancer","floor":40,"turns":3}],"seed_played":"3323818727845799291","potions_obtained":[{"floor":6.0,"key":"Poison Potion"},{"floor":8.0,"key":"LiquidBronze"},{"floor":14.0,"key":"GamblersBrew"},{"floor":16.0,"key":"FearPotion"}],"is_trial":false,"path_per_floor":["M","?","?","?","$","E","R","M","T","E","M","E","R","M","R","B",null,"M","$","$","?","M","M","AVR","R","T","?","R","NM","M","E","R","B",null,"M","?","M","M","M","E"],"character_chosen":"THE_SILENT","items_purchased":["Footwork","Infinite Blades","Deadly Poison"],"campfire_rested":1,"item_purchase_floors":[19,20,20],"current_hp_per_floor":[59,59,59,36,36,36,36,36,36,27,39,30,30,38,38,25,56,53,53,53,35,35,26,26,47,47,47,47,45,45,43,43,14,57,57,57,57,54,33,0,0],"gold":408,"neow_bonus":"THREE_ENEMY_KILL","is_daily":false,"chose_seed":false,"campfire_upgraded":4,"win_rate":0.0,"timestamp":1609615705,"path_taken":["M","?","?","?","?","E","R","M","T","E","M","E","R","M","R","BOSS","M","?","$","?","M","M","AVR","R","T","?","R","NM","M","E","R","BOSS","M","?","M","?","M","E"],"items_purchased_type":["Card","Card","Card"],"build_version":"2020-12-22","purchased_purges":1,"victory":false,"max_hp_per_floor":[66,66,66,66,66,66,66,66,66,66,66,66,66,66,66,66,66,66,66,66,71,71,71,71,71,71,71,71,71,71,71,71,71,71,71,71,71,71,71,71,71],"card_choices":[{"not_picked":["Distraction","Riddle With Holes"],"picked":"Footwork","floor":1.0},{"not_picked":["Choke","Caltrops"],"picked":"Crippling Poison","floor":6.0},{"not_picked":["Dagger Throw","Tactician","Distraction"],"picked":"SKIP","floor":8.0},{"not_picked":["Eviscerate","Sucker Punch"],"picked":"Storm of Steel","floor":10.0},{"not_picked":["Flying Knee","Riddle With Holes","Blade Dance"],"picked":"SKIP","floor":11.0},{"not_picked":["Outmaneuver","Die Die Die"],"picked":"Backstab","floor":12.0},{"not_picked":["Expertise","Acrobatics","Deflect"],"picked":"SKIP","floor":14.0},{"not_picked":["A Thousand Cuts","Tools of the Trade"],"picked":"Envenom","floor":16.0},{"not_picked":["Dagger Throw","Flying Knee+1","Leg Sweep"],"picked":"SKIP","floor":18.0},{"not_picked":["Choke","Cloak And Dagger","Setup"],"picked":"SKIP","floor":22},{"not_picked":["Crippling Poison","Acrobatics+1"],"picked":"Noxious Fumes","floor":23},{"not_picked":["Prepared","Outmaneuver","Dagger Spray"],"picked":"SKIP","floor":29},{"not_picked":["Blade Dance","Setup","Dodge and Roll"],"picked":"SKIP","floor":30},{"not_picked":["Slice","Doppelganger","Acrobatics"],"picked":"SKIP","floor":31},{"not_picked":["Bullet Time","Storm of Steel"],"picked":"Die Die Die","floor":33},{"not_picked":["Setup+1","Sucker Punch","Outmaneuver"],"picked":"SKIP","floor":35},{"not_picked":["Dagger Spray","Backstab","Underhanded Strike"],"picked":"SKIP","floor":37},{"not_picked":["Flying Knee+1","Endless Agony","Underhanded Strike"],"picked":"SKIP","floor":38},{"not_picked":["Quick Slash","Choke"],"picked":"Deadly Poison+1","floor":39}],"player_experience":566155,"relics_obtained":[{"floor":6.0,"key":"Tingsha"},{"floor":9.0,"key":"Orichalcum"},{"floor":10.0,"key":"Anchor"},{"floor":12.0,"key":"Lantern"},{"floor":26,"key":"Torii"},{"floor":29,"key":"Toy Ornithopter"},{"floor":31,"key":"infinitespire:ShieldingShard"}],"event_choices":[{"damage_healed":0.0,"max_hp_gain":0.0,"max_hp_loss":0.0,"gold_gain":0.0,"event_name":"Big Fish","player_choice":"Box","floor":2.0,"gold_loss":0.0,"damage_taken":0.0,"relics_obtained":["Meat on the Bone"],"cards_obtained":["Regret"]},{"cards_removed":["Regret"],"damage_healed":0.0,"max_hp_gain":0.0,"max_hp_loss":0.0,"gold_gain":0.0,"event_name":"The Cleric","player_choice":"Card Removal","floor":3.0,"gold_loss":75.0,"damage_taken":0.0},{"damage_healed":0.0,"max_hp_gain":0.0,"max_hp_loss":0.0,"gold_gain":0.0,"event_name":"Golden Idol","player_choice":"Take Damage","floor":4.0,"gold_loss":0.0,"damage_taken":23.0,"relics_obtained":["Golden Idol"]},{"damage_healed":0.0,"max_hp_gain":5.0,"max_hp_loss":0.0,"gold_gain":0.0,"event_name":"Forgotten Altar","player_choice":"Shed Blood","floor":21.0,"gold_loss":0.0,"damage_taken":23.0},{"damage_healed":0,"gold_gain":0,"player_choice":"Ignored","damage_taken":0,"max_hp_gain":0,"max_hp_loss":0,"event_name":"Ghosts","floor":27,"gold_loss":0},{"damage_healed":0,"gold_gain":0,"player_choice":"Got Potions","damage_taken":0,"max_hp_gain":0,"max_hp_loss":0,"event_name":"Lab","floor":36,"gold_loss":0}],"is_beta":false,"boss_relics":[{"not_picked":["Tiny House","Velvet Choker"],"picked":"Sozu"},{"not_picked":["Pandora\u0027s Box","Busted Crown"],"picked":"infinitespire:Cupcake"}],"items_purged_floors":[24],"is_endless":false,"potions_floor_spawned":[6,8,14,16,23,29,30,31,33,35,37,38,39],"killed_by":"Reptomancer","ascension_level":18}}