{"host":"fjaupvxe7fzqrf4j","time":1609573579,"event":{"mods":["ATMod(°¢èªMod)","BaseMod","Minty Spire (QoL Compilation)","StSLib"],"gold_per_floor":[112,75,21,37,52,80,112,147,147,181,181,210,243,271,271,343,343,363,363,363,375,35,61,89,114,114,143,174,174,201,231,231,305,305,316,316,316,29,29,64,94,94,121,154,208,239,271,299,299,299,299,299,299,23,56,56],"floor_reached":57,"playtime":1727,"items_purged":["AT_OneInchPunch+1"],"score":4474,"play_id":"9e18e55b-955d-498a-845d-d09de1758a4b","local_time":"20210102154619","daily_mods":["SealedDeck","Heirloom","Time Dilation","Flight","Elite Swarm"],"is_ascension_mode":true,"campfire_choices":[{"data":"Ragnarok","floor":11.0,"key":"SMITH"},{"data":"AT_OneInchPunch","floor":15.0,"key":"SMITH"},{"data":"Scrawl","floor":29.0,"key":"SMITH"},{"data":"Adaptation","floor":32.0,"key":"SMITH"},{"data":"1","floor":42.0,"key":"LIFT"},{"floor":49,"key":"RECALL"},{"data":"2","floor":53,"key":"LIFT"}],"circlet_count":0,"master_deck":["AscendersBane","InnerPeace","ClearTheMind+1","Adaptation+1","Wallop","Crescendo+1","TalkToTheHand+1","Tantrum+1","Pray+1","MasterReality+1","Ragnarok+1","Scrawl+1","DeusExMachina+1","DeceiveReality+1","Crescendo+1","Prostrate","Brilliance","Vault+1","Brilliance+1","LessonLearned+1","Scrawl+1","MentalFortress+1","Omniscience"],"relics":["PureWater","AT_ATBox","Girya","Darkstone Periapt","AT_BellowingDragoncrestRing","Peace Pipe","StrikeDummy","Ice Cream","White Beast Statue","Omamori","Lizard Tail","Potion Belt","Astrolabe","MutagenicStrength","Membership Card","War Paint","Oddly Smooth Stone","Orichalcum","Ancient Tea Set","Strawberry","AT_RedTearstoneRing","AT_DeathDance","Bag of Preparation","Runic Dome","Medical Kit","Anchor","AT_BladeRuinedKing","AT_EbonyIvory","Bronze Scales","Damaru","Prayer Wheel","AT_RabadonDeathcap","AT_ChloranthyRing","The Courier","PreservedInsect","OrangePellets","HornCleat","Bag of Marbles","AT_SunfireAegis"],"acts_visited":["Exordium","TheCity","TheBeyond","TheEnding"],"potions_floor_usage":[56,56,56],"damage_taken":[{"damage":0.0,"enemies":"2 Louse","floor":1.0,"turns":1.0},{"damage":0.0,"enemies":"Cultist","floor":4.0,"turns":1.0},{"damage":0.0,"enemies":"Jaw Worm","floor":5.0,"turns":1.0},{"damage":7.0,"enemies":"3 Sentries","floor":6.0,"turns":3.0},{"damage":0.0,"enemies":"Gremlin Nob","floor":7.0,"turns":2.0},{"damage":0.0,"enemies":"Lagavulin","floor":8.0,"turns":4.0},{"damage":0.0,"enemies":"Gremlin Nob","floor":10.0,"turns":2.0},{"damage":0.0,"enemies":"3 Sentries","floor":12.0,"turns":2.0},{"damage":16.0,"enemies":"Gremlin Nob","floor":13.0,"turns":3.0},{"damage":2.0,"enemies":"Lagavulin","floor":14.0,"turns":3.0},{"damage":0.0,"enemies":"Slime Boss","floor":16.0,"turns":3.0},{"damage":0.0,"enemies":"Shell Parasite","floor":18.0,"turns":2.0},{"damage":0.0,"enemies":"Chosen","floor":21.0,"turns":1.0},{"damage":0.0,"enemies":"Slavers","floor":23.0,"turns":2.0},{"damage":1.0,"enemies":"Gremlin Leader","floor":24.0,"turns":3.0},{"damage":10.0,"enemies":"Slavers","floor":25.0,"turns":4.0},{"damage":0.0,"enemies":"Book of Stabbing","floor":27.0,"turns":3.0},{"damage":0.0,"enemies":"Gremlin Leader","floor":28.0,"turns":3.0},{"damage":0.0,"enemies":"Book of Stabbing","floor":30.0,"turns":4.0},{"damage":0.0,"enemies":"Slavers","floor":31.0,"turns":1.0},{"damage":0.0,"enemies":"Champ","floor":33.0,"turns":5.0},{"damage":0.0,"enemies":"Orb Walker","floor":35.0,"turns":2.0},{"damage":11.0,"enemies":"Giant Head","floor":40.0,"turns":6.0},{"damage":0.0,"enemies":"Nemesis","floor":41.0,"turns":1.0},{"damage":0.0,"enemies":"Giant Head","floor":44.0,"turns":4.0},{"damage":0,"enemies":"2 Orb Walkers","floor":45,"turns":2},{"damage":0,"enemies":"Reptomancer","floor":46,"turns":1},{"damage":0,"enemies":"Nemesis","floor":47,"turns":1},{"damage":0,"enemies":"Reptomancer","floor":48,"turns":2},{"damage":0,"enemies":"Awakened One","floor":50,"turns":3},{"damage":0,"enemies":"Time Eater","floor":51,"turns":3},{"damage":0,"enemies":"Shield and Spear","floor":55,"turns":1},{"damage":0,"enemies":"The Heart","floor":56,"turns":5}],"seed_played":"9047881808030084074","potions_obtained":[{"floor":5.0,"key":"Explosive Potion"},{"floor":6.0,"key":"StancePotion"},{"floor":8.0,"key":"PowerPotion"},{"floor":12.0,"key":"Strength Potion"},{"floor":14.0,"key":"Swift Potion"},{"floor":16.0,"key":"Block Potion"},{"floor":18.0,"key":"FearPotion"},{"floor":21.0,"key":"LiquidMemories"},{"floor":25.0,"key":"SteroidPotion"},{"floor":28.0,"key":"StancePotion"},{"floor":41.0,"key":"DuplicationPotion"},{"floor":47,"key":"LiquidMemories"}],"is_trial":true,"path_per_floor":["M","$","?","M","M","E","E","E","T","E","R","E","E","E","R","B",null,"M","?","?","M","$","E","E","E","T","E","E","R","E","E","R","B",null,"M","?","?","$","$","E","E","R","T","E","?","E","E","E","R","B","B",null,"R","$","E","B",null],"character_chosen":"WATCHER","items_purchased":["TalkToTheHand","Membership Card","War Paint","Brilliance","Medical Kit","Anchor","AT_BladeRuinedKing","MentalFortress","OrangePellets","HornCleat","Bag of Marbles"],"campfire_rested":0,"item_purchase_floors":[2,22,22,22,38,38,38,38,54,54,54],"current_hp_per_floor":[61,61,61,61,61,54,54,54,54,54,54,54,38,36,36,36,60,60,60,65,65,65,65,64,54,54,61,61,61,61,61,61,61,72,72,72,71,71,71,60,60,60,60,60,60,60,60,60,60,60,60,68,68,68,68,68],"gold":56,"neow_bonus":"","is_daily":false,"chose_seed":false,"campfire_upgraded":4,"win_rate":0.0,"timestamp":1609573579,"path_taken":["M","$","?","M","?","E","E","E","T","E","R","E","E","E","R","BOSS","M","?","?","?","$","E","E","E","T","E","E","R","E","E","R","BOSS","M","?","?","$","$","E","E","R","T","E","?","E","E","E","R","BOSS","BOSS","R","$","E","BOSS"],"items_purchased_type":["Card","Relic","Relic","Card","Relic","Relic","Relic","Card","Relic","Relic","Relic"],"build_version":"2020-12-22","purchased_purges":1,"victory":true,"max_hp_per_floor":[68,68,68,68,68,68,68,68,68,68,68,68,68,68,68,68,68,68,68,68,68,68,68,68,68,68,75,75,75,75,75,75,75,75,75,75,71,71,71,71,71,71,71,71,71,71,71,71,71,71,71,71,71,71,71,71],"card_choices":[{"not_picked":["Protect","Consecrate","JustLucky"],"picked":"SKIP","floor":1.0},{"not_picked":["Protect","Consecrate","JustLucky"],"picked":"SKIP","floor":1.0},{"not_picked":["JustLucky","ClearTheMind"],"picked":"Tantrum","floor":4.0},{"not_picked":["PathToVictory","Crescendo"],"picked":"Pray","floor":5.0},{"not_picked":["Blasphemy","Alpha"],"picked":"MasterReality","floor":6.0},{"not_picked":["AT_ChampionKick","Blasphemy","AT_RealColorLess"],"picked":"SKIP","floor":7.0},{"not_picked":["Establishment","Devotion"],"picked":"Ragnarok","floor":8.0},{"not_picked":["Devotion","AT_IrregularMenstruation","Ragnarok"],"picked":"SKIP","floor":10.0},{"not_picked":["DevaForm","MasterReality"],"picked":"Scrawl","floor":12.0},{"not_picked":["AT_RealColorLess","AT_IrregularMenstruation","Blasphemy"],"picked":"SKIP","floor":13.0},{"not_picked":["Devotion","SpiritShield"],"picked":"DeusExMachina","floor":14.0},{"not_picked":["ThirdEye","Consecrate"],"picked":"Prostrate","floor":18.0},{"not_picked":["Evaluate","ForeignInfluence","FlyingSleeves"],"picked":"SKIP","floor":21.0},{"not_picked":["Establishment","Wish"],"picked":"Vault","floor":23.0},{"not_picked":["SpiritShield","MasterReality","AT_ChampionKick"],"picked":"SKIP","floor":24.0},{"not_picked":["SpiritShield","AT_ChampionKick","ConjureBlade"],"picked":"SKIP","floor":25.0},{"not_picked":["Ragnarok","DeusExMachina"],"picked":"Brilliance","floor":27.0},{"not_picked":["ConjureBlade","SpiritShield"],"picked":"LessonLearned","floor":28.0},{"not_picked":["DeusExMachina","SpiritShield","Brilliance"],"picked":"SKIP","floor":30.0},{"not_picked":["Vault","AT_ChampionKick"],"picked":"Scrawl","floor":31.0},{"not_picked":["Halt","Protect","ThirdEye+1"],"picked":"SKIP","floor":35.0},{"not_picked":["Judgement","SpiritShield"],"picked":"Omniscience","floor":40.0},{"not_picked":["Alpha","Devotion","DeusExMachina"],"picked":"SKIP","floor":41.0},{"not_picked":["Blasphemy","AT_ChampionKick","Judgement"],"picked":"SKIP","floor":44.0},{"not_picked":["LessonLearned","Brilliance","Establishment"],"picked":"SKIP","floor":46},{"not_picked":["Brilliance","DevaForm","Wish"],"picked":"SKIP","floor":47},{"not_picked":["Ragnarok","Devotion","Vault"],"picked":"SKIP","floor":48},{"not_picked":["Judgement","AT_RealColorLess","Wish"],"picked":"SKIP","floor":55}],"player_experience":326015,"relics_obtained":[{"floor":6.0,"key":"AT_BellowingDragoncrestRing"},{"floor":7.0,"key":"Peace Pipe"},{"floor":8.0,"key":"StrikeDummy"},{"floor":9.0,"key":"Ice Cream"},{"floor":10.0,"key":"White Beast Statue"},{"floor":12.0,"key":"Omamori"},{"floor":13.0,"key":"Lizard Tail"},{"floor":14.0,"key":"Potion Belt"},{"floor":23.0,"key":"Oddly Smooth Stone"},{"floor":24.0,"key":"Orichalcum"},{"floor":25.0,"key":"Ancient Tea Set"},{"floor":27.0,"key":"Strawberry"},{"floor":28.0,"key":"AT_RedTearstoneRing"},{"floor":30.0,"key":"AT_DeathDance"},{"floor":31.0,"key":"Bag of Preparation"},{"floor":40.0,"key":"AT_EbonyIvory"},{"floor":41.0,"key":"Bronze Scales"},{"floor":43.0,"key":"Damaru"},{"floor":44.0,"key":"Prayer Wheel"},{"floor":45,"key":"AT_RabadonDeathcap"},{"floor":46,"key":"AT_ChloranthyRing"},{"floor":47,"key":"The Courier"},{"floor":48,"key":"PreservedInsect"},{"floor":55,"key":"AT_SunfireAegis"}],"event_choices":[{"damage_healed":0.0,"max_hp_gain":0.0,"max_hp_loss":0.0,"gold_gain":0.0,"event_name":"WeMeetAgain","player_choice":"Paid Gold","floor":3.0,"gold_loss":54.0,"damage_taken":0.0,"relics_obtained":["Darkstone Periapt"]},{"damage_healed":0.0,"max_hp_gain":0.0,"max_hp_loss":0.0,"gold_gain":0.0,"event_name":"Drug Dealer","player_choice":"Inject Mutagens","floor":19.0,"gold_loss":0.0,"damage_taken":0.0,"relics_obtained":["MutagenicStrength"]},{"cards_removed":["Crescendo"],"damage_healed":5.0,"max_hp_gain":0.0,"max_hp_loss":0.0,"gold_gain":0.0,"event_name":"Bonfire Elementals","player_choice":"Offered Common","floor":20.0,"gold_loss":0.0,"damage_taken":0.0},{"cards_removed":["Crescendo"],"damage_healed":5.0,"max_hp_gain":0.0,"max_hp_loss":0.0,"gold_gain":0.0,"event_name":"Bonfire Elementals","player_choice":"Offered Special","floor":20.0,"gold_loss":0.0,"damage_taken":0.0},{"cards_removed":["Tantrum"],"damage_healed":0.0,"max_hp_gain":0.0,"max_hp_loss":0.0,"gold_gain":0.0,"event_name":"Falling","player_choice":"Removed Attack","floor":36.0,"gold_loss":0.0,"damage_taken":0.0},{"damage_healed":0.0,"max_hp_gain":0.0,"max_hp_loss":4.0,"gold_gain":0.0,"event_name":"Winding Halls","player_choice":"Max HP","floor":37.0,"gold_loss":0.0,"damage_taken":0.0},{"damage_healed":0,"gold_gain":0,"player_choice":"Fight","damage_taken":0,"max_hp_gain":0,"max_hp_loss":0,"event_name":"Mysterious Sphere","floor":45,"gold_loss":0}],"is_beta":false,"boss_relics":[{"not_picked":["Black Star","Tiny House"],"picked":"Astrolabe"},{"not_picked":["Philosopher\u0027s Stone","Runic Pyramid"],"picked":"Runic Dome"}],"items_purged_floors":[54],"is_endless":false,"potions_floor_spawned":[5,6,8,10,12,13,14,16,18,21,23,24,25,27,28,30,31,33,35,40,41,44,45,46,47,48,55],"ascension_level":20}}