{"host":"6dypmz777xraikqf","time":1609607855,"event":{"mods":["AchievementEnabler","BaseMod","BetterRewards","Colored Map","Colored Powertips","Downfall","Highlight Path","Hubris","Infinite Spire","Minty Spire (QoL Compilation)","Replay The Spire","StSLib"],"gold_per_floor":[119,119,143,143,168,207,207,248,272,222,243,276,294,294,294,417,417,436,461,474,88,88,131,155,189,489,510,525,525,525,525,435,558,658,682,682,405,428,674,695,729,729,753,402,402,420,420,0,0,0],"floor_reached":51,"playtime":3898,"items_purged":["Strike_G","Strike_G","Strike_G","Neutralize"],"score":1026,"play_id":"a21e200d-36f4-4e6f-a753-38ace56f8287","local_time":"20210102171735","is_ascension_mode":true,"campfire_choices":[{"floor":7,"key":"REST"},{"data":"Replay:Dark Deal","floor":15,"key":"SMITH"},{"data":"Venomology","floor":30,"key":"SMITH"},{"data":"Replay:Fractal Strike","floor":42,"key":"SMITH"},{"data":"ReplayTheSpireMod:Haul","floor":47,"key":"SMITH"},{"data":"Storm of Steel","floor":49,"key":"SMITH"}],"circlet_count":0,"master_deck":["Defend_G+1","Defend_G+1","Defend_G+1","Defend_G+1","Infinite Blades+1","Replay:Dark Deal+1","Finisher","Deflect","ReplayTheSpireMod:Shiv Toss","Cloak And Dagger","Hidden Blade","Dash","m_Survivalism","Replay:Bag of Tricks","Blade Dance+1","Footwork+1","Venomology+1","Neutralize","ReplayTheSpireMod:Haul+1","Backflip+1","Blade Dance","Acrobatics+1","Backflip","Slice+1","Replay:Fractal Strike+1","Storm of Steel+1","hubris:TrickCloak+1","Slice+1","Deflect","Terror+1","Well Laid Plans+1","Hidden Blade","Backflip"],"relics":["Ring of the Snake","infinitespire:Lychee Nut","Golden Idol","Vajra","hubris:CrystalStatue","Omamori","infinitespire:BottledMercury","Coffee Dripper","infinitespire:Lucky Rock","hubris:BottledRain","Regal Pillow","Old Coin","Du-Vu Doll","Replay:Bottled Eggs","Replay:Wanted Poster","hubris:EmptyBottle","Juzu Bracelet","Snake Skull","Red Mask"],"acts_visited":["Exordium","TheCity","TheBeyond"],"potions_floor_usage":[8,12,16,23,23,23,23,25,27,33,33,33,33,40,40,40,40,46,46,50,50,50,50,50,50,50,50],"damage_taken":[{"damage":0,"enemies":"Cultist","floor":1,"turns":4},{"damage":0,"enemies":"2 Louse","floor":3,"turns":3},{"damage":0,"enemies":"Jaw Worm","floor":5,"turns":3},{"damage":27,"enemies":"Gremlin Nob","floor":6,"turns":4},{"damage":15,"enemies":"3 Sentries","floor":8,"turns":7},{"damage":0,"enemies":"Large Slime","floor":11,"turns":4},{"damage":5,"enemies":"Gremlin Nob","floor":12,"turns":3},{"damage":0,"enemies":"2 Fungi Beasts","floor":13,"turns":3},{"damage":3,"enemies":"Hexaghost","floor":16,"turns":7},{"damage":5,"enemies":"Shell Parasite","floor":18,"turns":4},{"damage":0,"enemies":"3 Byrds","floor":19,"turns":4},{"damage":0,"enemies":"3 Cultists","floor":20,"turns":4},{"damage":46,"enemies":"Nightmare","floor":23,"turns":10},{"damage":1,"enemies":"Cultist and Chosen","floor":24,"turns":6},{"damage":15,"enemies":"Gremlin Leader","floor":25,"turns":6},{"damage":12,"enemies":"Snecko","floor":27,"turns":4},{"damage":0,"enemies":"Shelled Parasite and Fungi","floor":28,"turns":7},{"damage":1,"enemies":"Pondfish","floor":33,"turns":7},{"damage":0,"enemies":"3 Shapes","floor":35,"turns":5},{"damage":0,"enemies":"Orb Walker","floor":38,"turns":2},{"damage":0,"enemies":"Writhing Mass","floor":40,"turns":2},{"damage":3,"enemies":"Nemesis","floor":41,"turns":3},{"damage":0,"enemies":"Transient","floor":46,"turns":5},{"damage":28,"enemies":"Replay:Hell Engine","floor":50,"turns":5}],"seed_played":"6941997044924723875","potions_obtained":[{"floor":6,"key":"BlessingOfTheForge"},{"floor":8,"key":"DistilledChaos"},{"floor":11,"key":"BlessingOfTheForge"},{"floor":12,"key":"ColorlessPotion"},{"floor":13,"key":"Weak Potion"},{"floor":20,"key":"Regen Potion"},{"floor":24,"key":"SpeedPotion"},{"floor":28,"key":"Flashbang"},{"floor":33,"key":"Venom Potion"},{"floor":38,"key":"Fire Potion"},{"floor":41,"key":"Energy Potion"},{"floor":46,"key":"hexamod:EctoCoolerPotion"}],"is_trial":false,"path_per_floor":["M","?","M","?","M","E","R","E","T","?","M","E","M","?","R","B",null,"M","M","M","$","?","NM","M","E","T","M","M","T","R","AVR","R_BF","B",null,"M","?","$","M","?","M","E","R","T","$","$","M","R","?","R","B",null],"character_chosen":"THE_SILENT","items_purchased":["infinitespire:Lychee Nut","Infinite Blades+1","Replay:Dark Deal","infinitespire:Lucky Rock","Venomology","hubris:EmptyBottle","Hidden Blade","Snake Skull"],"campfire_rested":1,"item_purchase_floors":[0,0,0,21,21,37,44,44],"current_hp_per_floor":[52,39,44,37,42,21,36,27,27,27,33,33,38,38,38,41,52,48,52,52,52,52,17,22,13,13,7,13,13,13,13,13,18,52,52,52,52,52,52,52,51,51,51,51,51,52,52,52,52,27],"gold":0,"neow_bonus":"","is_daily":false,"chose_seed":false,"campfire_upgraded":5,"win_rate":0.0,"timestamp":1609607855,"path_taken":["M","?","M","?","M","E","R","E","T","?","M","E","M","?","R","BOSS","M","M","M","$","?","NM","M","E","T","M","?","?","R","AVR","R_BF","BOSS","M","?","$","M","?","M","E","R","T","?","$","M","R","?","R","BOSS"],"items_purchased_type":["Relic","Card","Card","Relic","Card","Relic","Card","Relic"],"build_version":"2020-12-22","purchased_purges":4,"victory":true,"max_hp_per_floor":[52,52,52,52,52,52,52,52,52,52,52,52,52,52,52,52,52,52,52,52,52,52,52,52,52,52,52,52,52,52,52,52,52,52,52,52,52,52,52,52,52,52,52,52,52,52,52,52,52,52],"card_choices":[{"not_picked":["Deadly Poison","Acrobatics"],"picked":"Finisher","floor":1},{"not_picked":["Outmaneuver","Quick Slash"],"picked":"Deflect","floor":3},{"not_picked":["Outmaneuver","Malaise"],"picked":"ReplayTheSpireMod:Shiv Toss","floor":5},{"not_picked":["Endless Agony","Flechettes","Outmaneuver"],"picked":"SKIP","floor":6},{"not_picked":["Quick Slash","Dagger Throw"],"picked":"Cloak And Dagger","floor":8},{"not_picked":["Dash","Well Laid Plans"],"picked":"Hidden Blade","floor":11},{"not_picked":["Endless Agony","Flying Knee","A Thousand Cuts"],"picked":"SKIP","floor":12},{"not_picked":["Backflip","Dagger Spray"],"picked":"Dash","floor":13},{"not_picked":["Glass Knife","ReplayTheSpireMod:Necrosis"],"picked":"Replay:Bag of Tricks","floor":16},{"not_picked":["Cloak And Dagger","ReplayTheSpireMod:The Works"],"picked":"Blade Dance+1","floor":18},{"not_picked":["Dodge and Roll+1","All Out Attack","ReplayTheSpireMod:Shiv Toss"],"picked":"SKIP","floor":19},{"not_picked":["Deadly Poison","Riddle With Holes"],"picked":"Footwork+1","floor":20},{"not_picked":["infinitespire:Execution","infinitespire:TheBestDefense"],"picked":"ReplayTheSpireMod:Haul","floor":23},{"not_picked":["Flying Knee","Dodge and Roll"],"picked":"Backflip+1","floor":23},{"not_picked":["Prepared+1","Deflect+1"],"picked":"Blade Dance","floor":24},{"not_picked":["hubris:TrickCloak+1","Venomology"],"picked":"Acrobatics+1","floor":25},{"not_picked":["Dagger Throw+1","hubris:Counter"],"picked":"Backflip","floor":27},{"not_picked":["Underhanded Strike","Cloak And Dagger"],"picked":"Slice","floor":28},{"not_picked":["ReplayTheSpireMod:Necrosis","Wraith Form v2"],"picked":"Storm of Steel","floor":33},{"not_picked":["Dodge and Roll+1","Dagger Spray"],"picked":"hubris:TrickCloak+1","floor":35},{"not_picked":["Blade Dance+1","Dodge and Roll"],"picked":"Slice+1","floor":38},{"not_picked":["Deadly Poison+1","PiercingWail+1"],"picked":"Deflect","floor":39},{"not_picked":["Dagger Spray","Eviscerate+1"],"picked":"Terror+1","floor":40},{"not_picked":["Dodge and Roll","All Out Attack"],"picked":"Well Laid Plans+1","floor":41},{"not_picked":["Dodge and Roll+1","Hidden Blade"],"picked":"Backflip","floor":46}],"player_experience":78384,"relics_obtained":[{"floor":6,"key":"Vajra"},{"floor":8,"key":"hubris:CrystalStatue"},{"floor":9,"key":"Omamori"},{"floor":12,"key":"infinitespire:BottledMercury"},{"floor":23,"key":"hubris:BottledRain"},{"floor":25,"key":"Regal Pillow"},{"floor":26,"key":"Old Coin"},{"floor":29,"key":"Du-Vu Doll"},{"floor":41,"key":"Juzu Bracelet"}],"event_choices":[{"damage_healed":0,"gold_gain":0,"player_choice":"Take Damage","damage_taken":13,"relics_obtained":["Golden Idol"],"max_hp_gain":0,"max_hp_loss":0,"event_name":"Golden Idol","floor":2,"gold_loss":0},{"cards_removed":["Strike_G"],"damage_healed":0,"gold_gain":0,"player_choice":"Card Removal","damage_taken":7,"max_hp_gain":0,"max_hp_loss":0,"event_name":"Golden Wing","floor":4,"gold_loss":0},{"cards_removed":["Defend_G"],"damage_healed":0,"gold_gain":0,"player_choice":"Card Removal","damage_taken":0,"max_hp_gain":0,"max_hp_loss":0,"event_name":"The Cleric","floor":10,"gold_loss":50},{"damage_healed":0,"gold_gain":0,"player_choice":"1 cards matched","damage_taken":0,"max_hp_gain":0,"max_hp_loss":0,"event_name":"Match and Keep!","floor":22,"gold_loss":0,"cards_obtained":["Neutralize"]},{"cards_removed":["Strike_G"],"damage_healed":0,"gold_gain":0,"player_choice":"Upgrade and Remove","damage_taken":0,"max_hp_gain":0,"max_hp_loss":0,"event_name":"Designer","floor":32,"gold_loss":90,"cards_upgraded":["Slice"]},{"damage_healed":0,"gold_gain":0,"player_choice":"Paid","damage_taken":0,"relics_obtained":["Red Mask"],"max_hp_gain":0,"max_hp_loss":0,"event_name":"Tomb of Lord Red Mask","floor":48,"gold_loss":420}],"is_beta":false,"boss_relics":[{"not_picked":["hubris:HollowSoul","Tiny House"],"picked":"Coffee Dripper"},{"not_picked":["Runic Pyramid","hubris:GrandSneckoEye"],"picked":"Replay:Wanted Poster"}],"items_purged_floors":[0,21,37,44],"is_endless":false,"potions_floor_spawned":[6,8,11,12,13,20,24,28,33,38,41,46],"ascension_level":2}}