{"host":"7ukkhvvme89nt444","time":1609628985,"event":{"mods":["BaseMod","Colored Map","Colored Powertips","Minty Spire (QoL Compilation)","Relic Stats","Slay-I","ojb\u0027s Better Paths Mod","ojb\u0027s Info Mod"],"gold_per_floor":[111,125,137,45,45,76,76,101,101,121,25,25,36,36,36,135,135,123,123,48,48,76,76,107,107,107,7,33,48,48,8,8,107,107,118,168,180,180,55,81,81,93,116,132,167,17,239,259,259,259,259,259,44,79,79,79],"floor_reached":55,"playtime":6651,"items_purged":["Strike_G","Strike_G","Strike_G","Parasite"],"score":1079,"play_id":"5e7ff149-02eb-497c-86d0-6ffa72652b62","local_time":"20210103000945","is_ascension_mode":true,"campfire_choices":[{"floor":7.0,"key":"REST"},{"data":"Footwork","floor":15.0,"key":"SMITH"},{"data":"Deadly Poison","floor":23.0,"key":"SMITH"},{"floor":25.0,"key":"REST"},{"data":"Catalyst","floor":30.0,"key":"SMITH"},{"floor":32.0,"key":"REST"},{"data":"Well Laid Plans","floor":41.0,"key":"SMITH"},{"floor":49.0,"key":"RECALL"},{"data":"Survivor","floor":52.0,"key":"SMITH"}],"circlet_count":0,"master_deck":["AscendersBane","Strike_G","Strike_G","Defend_G","Defend_G","Defend_G","Defend_G","Defend_G","Survivor+1","Neutralize+1","All Out Attack","Cloak And Dagger","Masterful Stab","Dark Shackles","Terror","Wraith Form v2+1","Backflip","Catalyst+1","Well Laid Plans+1","Deadly Poison+1","Footwork+1","Bullet Time","Die Die Die","Footwork+1","RitualDagger","Crippling Poison","A Thousand Cuts+1","Setup+1","PiercingWail+1","Leg Sweep+1","Wraith Form v2+1","Adrenaline"],"relics":["Ring of the Serpent","Happy Flower","Prayer Wheel","Bird Faced Urn","Busted Crown","Letter Opener","Red Mask","Frozen Egg 2","Question Card","Thread and Needle","The Specimen","Molten Egg 2","Lantern","Kunai","OrangePellets","Bottled Flame"],"acts_visited":["Exordium","TheCity","TheBeyond","TheEnding"],"potions_floor_usage":[55,55,55],"damage_taken":[{"damage":4.0,"enemies":"2 Louse","floor":1.0,"turns":4.0},{"damage":0.0,"enemies":"Cultist","floor":2.0,"turns":5.0},{"damage":6.0,"enemies":"Jaw Worm","floor":3.0,"turns":4.0},{"damage":14.0,"enemies":"3 Sentries","floor":6.0,"turns":7.0},{"damage":12.0,"enemies":"Lagavulin","floor":8.0,"turns":8.0},{"damage":4.0,"enemies":"Looter","floor":10.0,"turns":4.0},{"damage":0.0,"enemies":"Blue Slaver","floor":13.0,"turns":3.0},{"damage":32.0,"enemies":"The Guardian","floor":16.0,"turns":13.0},{"damage":7.0,"enemies":"2 Thieves","floor":18.0,"turns":4.0},{"damage":11.0,"enemies":"Masked Bandits","floor":22.0,"turns":4.0},{"damage":26.0,"enemies":"Slavers","floor":24.0,"turns":7.0},{"damage":14.0,"enemies":"Book of Stabbing","floor":28.0,"turns":7.0},{"damage":0.0,"enemies":"Chosen","floor":29.0,"turns":4.0},{"damage":37.0,"enemies":"Champ","floor":33.0,"turns":15.0},{"damage":6.0,"enemies":"3 Darklings","floor":35.0,"turns":4.0},{"damage":14.0,"enemies":"Mind Bloom Boss Battle","floor":36.0,"turns":8.0},{"damage":0.0,"enemies":"Orb Walker","floor":37.0,"turns":5.0},{"damage":15.0,"enemies":"Nemesis","floor":40.0,"turns":9.0},{"damage":8.0,"enemies":"Writhing Mass","floor":42.0,"turns":7.0},{"damage":0.0,"enemies":"Sphere and 2 Shapes","floor":44.0,"turns":2.0},{"damage":11.0,"enemies":"Reptomancer","floor":45.0,"turns":7.0},{"damage":4.0,"enemies":"Transient","floor":48.0,"turns":5.0},{"damage":42.0,"enemies":"Donu and Deca","floor":50.0,"turns":12.0},{"damage":15.0,"enemies":"Shield and Spear","floor":54.0,"turns":10.0},{"damage":85,"enemies":"The Heart","floor":55,"turns":12}],"seed_played":"4963702710821811751","potions_obtained":[{"floor":2.0,"key":"LiquidBronze"},{"floor":10.0,"key":"ColorlessPotion"},{"floor":18.0,"key":"Weak Potion"},{"floor":33.0,"key":"LiquidMemories"},{"floor":35.0,"key":"SpeedPotion"},{"floor":37.0,"key":"LiquidBronze"},{"floor":48.0,"key":"CunningPotion"},{"floor":54.0,"key":"Explosive Potion"}],"is_trial":false,"path_per_floor":["M","M","M","$","?","E","R","E","T","M","$","?","M","$","R","B",null,"M","?","$","?","?","R","E","R","T","$","E","M","R","$","R","B",null,"M","?","M","?","$","E","R","M","T","M","E","$","?","M","R","B",null,"R","$","E","B"],"character_chosen":"THE_SILENT","items_purchased":["Dark Shackles","Well Laid Plans","Deadly Poison","Crippling Poison","OrangePellets","Wraith Form v2+1"],"campfire_rested":3,"item_purchase_floors":[4,11,11,31,53,53],"current_hp_per_floor":[59,59,53,53,46,32,53,41,41,37,37,37,39,39,39,13,56,53,53,53,47,38,38,18,39,39,39,31,37,37,37,58,29,60,60,54,64,64,64,57,57,59,59,61,60,60,60,62,62,27,54,54,54,51,0,0],"gold":79,"neow_bonus":"UPGRADE_CARD","is_daily":false,"chose_seed":false,"campfire_upgraded":5,"win_rate":0.0,"timestamp":1609628985,"path_taken":["M","M","M","$","?","E","R","E","T","M","$","?","?","?","R","BOSS","M","?","$","?","?","R","E","R","T","?","E","M","R","?","R","BOSS","M","?","M","?","?","E","R","M","T","?","E","$","?","M","R","BOSS","R","$","E","BOSS"],"items_purchased_type":["Card","Card","Card","Card","Relic","Card"],"build_version":"2020-12-22","purchased_purges":4,"victory":false,"max_hp_per_floor":[70,70,70,70,70,70,70,70,70,70,70,70,70,70,70,70,70,70,70,70,70,70,70,70,70,70,70,70,70,70,70,70,70,70,70,70,70,66,66,66,66,66,66,66,66,63,63,63,63,63,63,63,63,63,63,63],"relic_stats":{"OrangePellets":[5],"Busted Crown":44,"Happy Flower":[52],"counters":[25,170],"Bird Faced Urn":[131],"Prayer Wheel":9,"Letter Opener":[302],"Kunai":[9],"Question Card":18,"obtain_stats":[{"Lantern":43,"Happy Flower":5,"The Specimen":36,"Thread and Needle":28,"Letter Opener":19,"Frozen Egg 2":24,"Question Card":26,"OrangePellets":53,"Bottled Flame":54,"Busted Crown":17,"Bird Faced Urn":8,"Prayer Wheel":6,"Molten Egg 2":40,"Red Mask":22,"Kunai":45,"Ring of the Serpent":34,"Ring of the Snake":0},{"Lantern":19,"Happy Flower":3,"The Specimen":16,"Thread and Needle":12,"Letter Opener":9,"Frozen Egg 2":11,"Question Card":11,"OrangePellets":23,"Bottled Flame":24,"Busted Crown":8,"Bird Faced Urn":5,"Prayer Wheel":4,"Molten Egg 2":18,"Red Mask":10,"Kunai":21,"Ring of the Serpent":14,"Ring of the Snake":0},{"Lantern":122,"Happy Flower":13,"The Specimen":101,"Thread and Needle":70,"Letter Opener":52,"Frozen Egg 2":63,"Question Card":63,"OrangePellets":148,"Bottled Flame":158,"Busted Crown":48,"Bird Faced Urn":28,"Prayer Wheel":20,"Molten Egg 2":115,"Red Mask":56,"Kunai":131,"Ring of the Serpent":89,"Ring of the Snake":0}]},"card_choices":[{"not_picked":["Blade Dance","Quick Slash"],"picked":"All Out Attack","floor":1.0},{"not_picked":["Bane","Slice"],"picked":"Cloak And Dagger","floor":2.0},{"not_picked":["Bane","Eviscerate"],"picked":"Masterful Stab","floor":3.0},{"not_picked":["Caltrops","Bane"],"picked":"Terror","floor":6.0},{"not_picked":["Dodge and Roll","Noxious Fumes"],"picked":"Wraith Form v2","floor":8.0},{"not_picked":["Sucker Punch","Cloak And Dagger"],"picked":"Backflip","floor":10.0},{"not_picked":["Poisoned Stab","Sucker Punch"],"picked":"Catalyst","floor":10.0},{"not_picked":["Cloak And Dagger","Crippling Poison"],"picked":"Footwork","floor":13.0},{"not_picked":["Noxious Fumes","Flechettes"],"picked":"Bullet Time","floor":13.0},{"not_picked":["Doppelganger","Tools of the Trade"],"picked":"Die Die Die","floor":16.0},{"not_picked":[],"picked":"Footwork+1","floor":18.0},{"not_picked":["Outmaneuver"],"picked":"SKIP","floor":18.0},{"not_picked":["All Out Attack+1"],"picked":"SKIP","floor":24.0},{"not_picked":["Endless Agony","Heel Hook+1"],"picked":"SKIP","floor":28.0},{"not_picked":["Heel Hook","Bane"],"picked":"SKIP","floor":29.0},{"not_picked":["Tactician","Reflex"],"picked":"SKIP","floor":29.0},{"not_picked":["Tools of the Trade+1"],"picked":"A Thousand Cuts+1","floor":33.0},{"not_picked":["Eviscerate"],"picked":"Setup+1","floor":35.0},{"not_picked":["Choke+1","Blade Dance+1"],"picked":"SKIP","floor":35.0},{"not_picked":["Backstab+1"],"picked":"PiercingWail+1","floor":36.0},{"not_picked":["All Out Attack+1"],"picked":"Leg Sweep+1","floor":37.0},{"not_picked":["Skewer","Dagger Throw"],"picked":"SKIP","floor":37.0},{"not_picked":["Calculated Gamble","Dagger Spray+1"],"picked":"SKIP","floor":40.0},{"not_picked":["Prepared+1","Deflect"],"picked":"SKIP","floor":42.0},{"not_picked":["Heel Hook+1","Bane+1"],"picked":"SKIP","floor":42.0},{"not_picked":["Concentrate","Blade Dance+1"],"picked":"SKIP","floor":44.0},{"not_picked":["Prepared","Expertise+1"],"picked":"SKIP","floor":44.0},{"not_picked":["Underhanded Strike+1","Slice+1"],"picked":"SKIP","floor":45.0},{"not_picked":["Calculated Gamble","Flying Knee+1"],"picked":"SKIP","floor":48.0},{"not_picked":["Heel Hook+1","Dagger Spray+1"],"picked":"SKIP","floor":48.0},{"not_picked":["Quick Slash+1"],"picked":"Adrenaline","floor":54.0}],"player_experience":435368,"relics_obtained":[{"floor":6.0,"key":"Prayer Wheel"},{"floor":8.0,"key":"Bird Faced Urn"},{"floor":22.0,"key":"Red Mask"},{"floor":24.0,"key":"Frozen Egg 2"},{"floor":26.0,"key":"Question Card"},{"floor":28.0,"key":"Thread and Needle"},{"floor":36.0,"key":"The Specimen"},{"floor":40.0,"key":"Molten Egg 2"},{"floor":43.0,"key":"Lantern"},{"floor":45.0,"key":"Kunai"},{"floor":54.0,"key":"Bottled Flame"}],"event_choices":[{"damage_healed":0.0,"max_hp_gain":0.0,"max_hp_loss":0.0,"gold_gain":0.0,"event_name":"Scrap Ooze","player_choice":"Success","floor":5.0,"gold_loss":0.0,"damage_taken":7.0,"relics_obtained":["Happy Flower"]},{"damage_healed":0.0,"max_hp_gain":0.0,"max_hp_loss":0.0,"gold_gain":0.0,"event_name":"Accursed Blacksmith","player_choice":"Forge","floor":12.0,"gold_loss":0.0,"damage_taken":0.0,"cards_upgraded":["Wraith Form v2"]},{"damage_healed":0.0,"max_hp_gain":0.0,"max_hp_loss":0.0,"gold_gain":0.0,"event_name":"The Mausoleum","player_choice":"Opened","floor":19.0,"gold_loss":0.0,"damage_taken":0.0,"relics_obtained":["Letter Opener"]},{"damage_healed":0.0,"max_hp_gain":0.0,"max_hp_loss":0.0,"gold_gain":0.0,"event_name":"Nest","player_choice":"Joined the Cult","floor":21.0,"gold_loss":0.0,"damage_taken":6.0,"cards_obtained":["RitualDagger"]},{"damage_healed":0.0,"max_hp_gain":0.0,"max_hp_loss":0.0,"gold_gain":0.0,"event_name":"Masked Bandits","player_choice":"Fought Bandits","floor":22.0,"gold_loss":0.0,"damage_taken":0.0},{"damage_healed":0.0,"max_hp_gain":0.0,"max_hp_loss":0.0,"gold_gain":0.0,"event_name":"MindBloom","player_choice":"Fight","floor":36.0,"gold_loss":0.0,"damage_taken":0.0},{"damage_healed":0.0,"max_hp_gain":0.0,"max_hp_loss":4.0,"gold_gain":0.0,"event_name":"Winding Halls","player_choice":"Max HP","floor":38.0,"gold_loss":0.0,"damage_taken":0.0},{"damage_healed":0.0,"max_hp_gain":0.0,"max_hp_loss":0.0,"gold_gain":222.0,"event_name":"Tomb of Lord Red Mask","player_choice":"Wore Mask","floor":47.0,"gold_loss":0.0,"damage_taken":0.0}],"is_beta":false,"boss_relics":[{"not_picked":["Empty Cage","SacredBark"],"picked":"Busted Crown"},{"not_picked":["Coffee Dripper","Fusion Hammer"],"picked":"Ring of the Serpent"}],"items_purged_floors":[20,27,39,46],"is_endless":false,"potions_floor_spawned":[2,10,18,33,35,37,44,45,48,54],"killed_by":"The Heart","ascension_level":10}}