{"host":"tiwza2kisyyrpq7h","time":1609590216,"event":{"mods":["BaseMod","Colored Powertips","Minty Spire (QoL Compilation)","Quick Restart","Rare Cards Sparkle","StSLib","SuperFastMode","The Servant 0.9.4","óô»ðÖ¸ÄÏ"],"gold_per_floor":[114,134,144,144,30,42,42,74,123,138,170,186,186,200,200,271,271,281,300,300,225,20,20,46,46,46,46,72,88,114,160,160,234,234,248,248,248,268,268,303,303,313,367,400,38,58,74,93,93,93,93,93,1,30,30,30],"floor_reached":55,"playtime":3330,"items_purged":["Regret"],"score":1571,"play_id":"b7ad0c1b-d3f9-48ca-a072-983f6705fa3c","local_time":"20210102202336","is_ascension_mode":true,"campfire_choices":[{"data":"Apotheosis","floor":7.0,"key":"SMITH"},{"floor":13.0,"key":"RECALL"},{"data":"Study","floor":15.0,"key":"SMITH"},{"data":"Vault","floor":23.0,"key":"SMITH"},{"data":"LikeWater","floor":25.0,"key":"SMITH"},{"floor":32.0,"key":"REST"},{"floor":41.0,"key":"REST"},{"floor":49.0,"key":"REST"},{"floor":52.0,"key":"REST"}],"circlet_count":0,"master_deck":["AscendersBane","Eruption","Vigilance","Apotheosis+1","EmptyMind","CutThroughFate","EmptyFist","Wallop","Vengeance","LikeWater","EmptyBody","Nirvana","Study+1","Vault+1","EmptyFist+1","FlyingSleeves+1","LikeWater+1","FlurryOfBlows","SignatureMove","Vengeance","FollowUp","Pray","Establishment","Meditate","Omniscience","Conclude","ConjureBlade","PathToVictory","SignatureMove","Crescendo+1","EmptyMind+1","Halt+1","LikeWater","SpiritShield","BattleHymn","PathToVictory","LikeWater","Adaptation","MentalFortress+1","Nirvana"],"relics":["PureWater","HornCleat","Potion Belt","Lantern","CloakClasp","Astrolabe","Lee\u0027s Waffle","Anchor","Bottled Lightning","Darkstone Periapt","Orichalcum","Dream Catcher","Pandora\u0027s Box","Regal Pillow","Thread and Needle","Ancient Tea Set","CaptainsWheel"],"acts_visited":["Exordium","TheCity","TheBeyond","TheEnding"],"potions_floor_usage":[55,55,55],"damage_taken":[{"damage":0.0,"enemies":"Cultist","floor":1.0,"turns":2.0},{"damage":9.0,"enemies":"Jaw Worm","floor":2.0,"turns":4.0},{"damage":0.0,"enemies":"2 Louse","floor":3.0,"turns":3.0},{"damage":0.0,"enemies":"Large Slime","floor":6.0,"turns":4.0},{"damage":0.0,"enemies":"Gremlin Nob","floor":8.0,"turns":3.0},{"damage":0.0,"enemies":"Blue Slaver","floor":10.0,"turns":2.0},{"damage":0.0,"enemies":"3 Sentries","floor":11.0,"turns":6.0},{"damage":0.0,"enemies":"Gremlin Gang","floor":12.0,"turns":3.0},{"damage":0.0,"enemies":"Looter","floor":14.0,"turns":2.0},{"damage":12.0,"enemies":"Slime Boss","floor":16.0,"turns":10.0},{"damage":10.0,"enemies":"2 Thieves","floor":18.0,"turns":5.0},{"damage":3.0,"enemies":"3 Byrds","floor":19.0,"turns":6.0},{"damage":5.0,"enemies":"Slavers","floor":24.0,"turns":4.0},{"damage":0.0,"enemies":"Book of Stabbing","floor":28.0,"turns":5.0},{"damage":1.0,"enemies":"Centurion and Healer","floor":29.0,"turns":5.0},{"damage":9.0,"enemies":"Slavers","floor":30.0,"turns":7.0},{"damage":29.0,"enemies":"Automaton","floor":33.0,"turns":9.0},{"damage":15.0,"enemies":"3 Darklings","floor":35.0,"turns":4.0},{"damage":5.0,"enemies":"Orb Walker","floor":38.0,"turns":4.0},{"damage":21.0,"enemies":"Reptomancer","floor":40.0,"turns":10.0},{"damage":3.0,"enemies":"4 Shapes","floor":42.0,"turns":7.0},{"damage":24.0,"enemies":"Giant Head","floor":44.0,"turns":8.0},{"damage":0.0,"enemies":"3 Darklings","floor":46.0,"turns":5.0},{"damage":13.0,"enemies":"Sphere and 2 Shapes","floor":47.0,"turns":9.0},{"damage":0.0,"enemies":"Jaw Worm Horde","floor":48.0,"turns":3.0},{"damage":52.0,"enemies":"Time Eater","floor":50.0,"turns":14.0},{"damage":46.0,"enemies":"Shield and Spear","floor":54.0,"turns":11.0},{"damage":43,"enemies":"The Heart","floor":55,"turns":9}],"seed_played":"-8888277117850847074","potions_obtained":[{"floor":2.0,"key":"DuplicationPotion"},{"floor":8.0,"key":"Fire Potion"},{"floor":10.0,"key":"Dexterity Potion"},{"floor":12.0,"key":"SkillPotion"},{"floor":16.0,"key":"Explosive Potion"},{"floor":18.0,"key":"SkillPotion"},{"floor":19.0,"key":"Fire Potion"},{"floor":33.0,"key":"BlessingOfTheForge"},{"floor":40.0,"key":"Dexterity Potion"},{"floor":46.0,"key":"ColorlessPotion"},{"floor":48.0,"key":"PowerPotion"}],"is_trial":false,"path_per_floor":["M","M","M","?","$","M","R","E","T","M","E","M","R","M","R","B",null,"M","M","?","?","$","R","E","R","T","R","E","M","E","T","R","B",null,"M","?","?","M","?","E","R","M","T","E","$","M","M","M","R","B",null,"R","$","E","B"],"character_chosen":"WATCHER","items_purchased":["Wallop","Lee\u0027s Waffle","SignatureMove","EntropicBrew","BattleHymn","Ancient Tea Set","Weak Potion","Nirvana"],"campfire_rested":4,"item_purchase_floors":[5,22,22,45,45,45,53,53],"current_hp_per_floor":[61,52,52,52,52,52,52,52,52,52,52,52,52,52,52,40,57,47,44,27,27,74,74,69,69,69,69,69,68,59,59,74,45,67,52,52,52,47,84,63,84,81,81,57,57,57,44,44,84,32,71,84,84,38,0,0],"gold":30,"neow_bonus":"RANDOM_COLORLESS_2","is_daily":false,"chose_seed":false,"campfire_upgraded":4,"win_rate":0.0,"timestamp":1609590216,"path_taken":["M","?","M","?","?","M","R","E","T","?","E","M","R","M","R","BOSS","M","M","?","?","$","R","E","R","T","R","E","M","E","?","R","BOSS","M","?","?","M","?","E","R","?","T","E","$","M","M","M","R","BOSS","R","$","E","BOSS"],"items_purchased_type":["Card","Relic","Card","Potion","Card","Relic","Potion","Card"],"build_version":"2020-12-22","purchased_purges":1,"victory":false,"max_hp_per_floor":[62,62,62,62,62,62,62,62,62,62,62,62,62,62,62,62,62,62,62,67,67,74,74,74,74,74,74,74,74,74,74,74,74,74,74,74,74,74,84,84,84,84,84,84,84,84,84,84,84,84,84,84,84,84,84,84],"card_choices":[{"not_picked":["Secret Weapon","Metamorphosis"],"picked":"Apotheosis","floor":0.0},{"not_picked":["BowlingBash","CutThroughFate"],"picked":"EmptyMind","floor":1.0},{"not_picked":["Weave","SashWhip"],"picked":"CutThroughFate","floor":2.0},{"not_picked":["ClearTheMind","Swivel"],"picked":"EmptyFist","floor":3.0},{"not_picked":["FearNoEvil","CutThroughFate"],"picked":"Vengeance","floor":6.0},{"not_picked":["CrushJoints","Protect"],"picked":"LikeWater","floor":8.0},{"not_picked":["PathToVictory","ClearTheMind"],"picked":"EmptyBody","floor":10.0},{"not_picked":["CutThroughFate","Crescendo"],"picked":"Nirvana","floor":11.0},{"not_picked":["Halt","Protect"],"picked":"Study","floor":12.0},{"not_picked":["Evaluate","Prostrate"],"picked":"Blasphemy","floor":14.0},{"not_picked":["DeusExMachina","Omniscience"],"picked":"Vault","floor":16.0},{"not_picked":["Crescendo","Halt"],"picked":"LikeWater","floor":18.0},{"not_picked":["BowlingBash+1","WaveOfTheHand"],"picked":"FlurryOfBlows","floor":19.0},{"not_picked":["Crescendo","JustLucky"],"picked":"Vengeance","floor":24.0},{"not_picked":["EmptyBody","BattleHymn+1"],"picked":"FollowUp","floor":28.0},{"not_picked":["ThirdEye","BowlingBash"],"picked":"Pray","floor":29.0},{"not_picked":["Evaluate","Crescendo"],"picked":"Establishment","floor":30.0},{"not_picked":["ThirdEye","EmptyBody"],"picked":"Meditate","floor":32.0},{"not_picked":["Judgement","Alpha"],"picked":"Omniscience","floor":33.0},{"not_picked":["CrushJoints+1","Consecrate+1"],"picked":"Crescendo+1","floor":35.0},{"not_picked":["SashWhip","CrushJoints"],"picked":"EmptyMind+1","floor":38.0},{"not_picked":["Vengeance","FlyingSleeves"],"picked":"Halt+1","floor":40.0},{"not_picked":["EmptyBody","ForeignInfluence"],"picked":"LikeWater","floor":42.0},{"not_picked":["EmptyMind","Halt"],"picked":"SpiritShield","floor":44.0},{"not_picked":["CarveReality","JustLucky"],"picked":"PathToVictory","floor":46.0},{"not_picked":["Crescendo","Evaluate"],"picked":"LikeWater","floor":47.0},{"not_picked":["BowlingBash+1","CrushJoints","Crescendo"],"picked":"SKIP","floor":48.0},{"not_picked":["Indignation","FlurryOfBlows"],"picked":"Adaptation","floor":49.0},{"not_picked":["JustLucky","Weave"],"picked":"MentalFortress+1","floor":52.0},{"not_picked":["CutThroughFate","Prostrate","SashWhip+1"],"picked":"SKIP","floor":54.0}],"player_experience":918123,"relics_obtained":[{"floor":8.0,"key":"Potion Belt"},{"floor":9.0,"key":"Lantern"},{"floor":11.0,"key":"CloakClasp"},{"floor":24.0,"key":"Anchor"},{"floor":26.0,"key":"Bottled Lightning"},{"floor":28.0,"key":"Darkstone Periapt"},{"floor":30.0,"key":"Orichalcum"},{"floor":31.0,"key":"Dream Catcher"},{"floor":40.0,"key":"Regal Pillow"},{"floor":44.0,"key":"Thread and Needle"},{"floor":54.0,"key":"CaptainsWheel"}],"event_choices":[{"damage_healed":0.0,"max_hp_gain":0.0,"max_hp_loss":0.0,"gold_gain":0.0,"event_name":"Big Fish","player_choice":"Box","floor":4.0,"gold_loss":0.0,"damage_taken":0.0,"relics_obtained":["HornCleat"],"cards_obtained":["Regret"]},{"damage_healed":0.0,"max_hp_gain":5.0,"max_hp_loss":0.0,"gold_gain":0.0,"event_name":"Forgotten Altar","player_choice":"Shed Blood","floor":20.0,"gold_loss":0.0,"damage_taken":22.0},{"cards_removed":["Strike_P"],"damage_healed":0.0,"max_hp_gain":0.0,"max_hp_loss":0.0,"gold_gain":0.0,"event_name":"Beggar","player_choice":"Gave Gold","floor":21.0,"gold_loss":75.0,"damage_taken":0.0},{"damage_healed":0.0,"max_hp_gain":0.0,"max_hp_loss":0.0,"gold_gain":0.0,"event_name":"Tomb of Lord Red Mask","player_choice":"Ignored","floor":36.0,"gold_loss":0.0,"damage_taken":0.0},{"cards_removed":["JustLucky"],"damage_healed":0.0,"max_hp_gain":0.0,"max_hp_loss":0.0,"gold_gain":0.0,"event_name":"Falling","player_choice":"Removed Attack","floor":37.0,"gold_loss":0.0,"damage_taken":0.0},{"cards_removed":["Blasphemy"],"damage_healed":27.0,"max_hp_gain":10.0,"max_hp_loss":0.0,"gold_gain":0.0,"event_name":"Bonfire Elementals","player_choice":"Offered Rare","floor":39.0,"gold_loss":0.0,"damage_taken":0.0}],"is_beta":false,"boss_relics":[{"not_picked":["Sozu","Runic Pyramid"],"picked":"Astrolabe"},{"not_picked":["SlaversCollar","SacredBark"],"picked":"Pandora\u0027s Box"}],"items_purged_floors":[5],"is_endless":false,"potions_floor_spawned":[2,8,10,12,16,18,19,33,40,42,46,48],"killed_by":"The Heart","ascension_level":17}}