{"host":"sc0o2qwpf9j16a4i","time":1609619921,"event":{"mods":["AchievementEnabler","BaseMod","BetterRewards","Block Reminder","Colored Map","Colored Powertips","Custom Start","Highlight Path","Minty Spire (QoL Compilation)","Relic Stats"],"gold_per_floor":[114,114,124,124,137,137,168,168,195,9,24,51,70,85,85,160,160,178,196,196,196,19,19,48,48,75,75,87,87,118,132,132,132,132],"floor_reached":33,"playtime":897,"items_purged":["Strike_B","Strike_B"],"score":840,"play_id":"0847087f-8c04-4ada-97b6-0a6456265a24","local_time":"20210102223841","is_ascension_mode":true,"campfire_choices":[{"floor":6.0,"key":"REST"},{"floor":8.0,"key":"REST"},{"floor":15.0,"key":"RECALL"},{"data":"Static Discharge","floor":23,"key":"SMITH"},{"data":"Multi-Cast","floor":25,"key":"SMITH"},{"data":"Beam Cell","floor":29,"key":"SMITH"},{"data":"Compile Driver","floor":32,"key":"SMITH"}],"circlet_count":0,"master_deck":["AscendersBane","Strike_B+1","Strike_B","Defend_B","Defend_B","Defend_B","Defend_B","Zap","Dualcast","Apotheosis+1","Leap","Cold Snap","Compile Driver+1","Hologram","Barrage","Static Discharge+1","Core Surge","Beam Cell+1","Stack","Self Repair","Compile Driver","Multi-Cast+1","Rainbow","Glacier","Compile Driver","Ghostly","Ghostly","Ghostly","Genetic Algorithm","Barrage+1","Genetic Algorithm","Undo"],"relics":["Cracked Core","White Beast Statue","Membership Card","Bottled Lightning","Incense Burner","Blood Vial","OrangePellets","Potion Belt","Coffee Dripper","Eternal Feather","Runic Capacitor","Smiling Mask","Whetstone","Mercury Hourglass"],"acts_visited":["Exordium","TheCity"],"potions_floor_usage":[24,24,33],"damage_taken":[{"damage":0.0,"enemies":"Small Slimes","floor":1.0,"turns":2.0},{"damage":0.0,"enemies":"Jaw Worm","floor":3.0,"turns":3.0},{"damage":0.0,"enemies":"2 Louse","floor":5.0,"turns":2.0},{"damage":2.0,"enemies":"Lagavulin","floor":7.0,"turns":6.0},{"damage":4.0,"enemies":"Large Slime","floor":11.0,"turns":3.0},{"damage":1.0,"enemies":"Gremlin Nob","floor":12.0,"turns":3.0},{"damage":6.0,"enemies":"3 Louse","floor":13.0,"turns":4.0},{"damage":1.0,"enemies":"Looter","floor":14.0,"turns":4.0},{"damage":6.0,"enemies":"Hexaghost","floor":16.0,"turns":8.0},{"damage":0.0,"enemies":"Chosen","floor":18.0,"turns":3.0},{"damage":0.0,"enemies":"Spheric Guardian","floor":19.0,"turns":4.0},{"damage":2,"enemies":"Book of Stabbing","floor":24,"turns":5},{"damage":17,"enemies":"Shelled Parasite and Fungi","floor":28,"turns":6},{"damage":0,"enemies":"Gremlin Leader","floor":30,"turns":6},{"damage":0,"enemies":"Centurion and Healer","floor":31,"turns":4},{"damage":36,"enemies":"Champ","floor":33,"turns":8}],"seed_played":"4623812219596083875","potions_obtained":[{"floor":1.0,"key":"Block Potion"},{"floor":3.0,"key":"Strength Potion"},{"floor":7.0,"key":"PowerPotion"},{"floor":12.0,"key":"SpeedPotion"},{"floor":13.0,"key":"Weak Potion"},{"floor":16.0,"key":"LiquidMemories"},{"floor":18.0,"key":"SkillPotion"},{"floor":24,"key":"PotionOfCapacity"},{"floor":28,"key":"SteroidPotion"}],"is_trial":false,"path_per_floor":["M","?","M","?","M","R","E","R","T","$","M","E","M","M","R","B",null,"M","M","?","T","$","R","E","R","T","?","M","R","E","M","R","B"],"character_chosen":"DEFECT","items_purchased":["Apotheosis","White Beast Statue","Membership Card","Bottled Lightning","Leap","Incense Burner","Cold Snap","OrangePellets","Core Surge","Beam Cell","Runic Capacitor","Genetic Algorithm"],"campfire_rested":2,"item_purchase_floors":[0,0,0,0,0,0,0,10,10,10,22,22],"current_hp_per_floor":[24,47,47,47,47,68,66,71,71,71,67,68,71,71,71,71,71,71,71,35,35,35,35,35,35,35,35,28,35,35,35,35,0,0],"gold":132,"neow_bonus":"","is_daily":false,"chose_seed":false,"campfire_upgraded":4,"win_rate":0.0,"timestamp":1609619921,"path_taken":["M","?","M","?","M","R","E","R","T","$","M","E","M","M","R","BOSS","M","M","?","?","$","R","E","R","T","?","M","R","E","M","R","BOSS"],"items_purchased_type":["Card","Relic","Relic","Relic","Card","Relic","Card","Relic","Card","Card","Relic","Card"],"build_version":"2020-12-22","purchased_purges":2,"victory":false,"max_hp_per_floor":[71,71,71,71,71,71,71,71,71,71,71,71,71,71,71,71,71,71,71,35,35,35,35,35,35,35,35,35,35,35,35,35,35,35],"relic_stats":{"Blood Vial":4,"OrangePellets":[8],"counters":[96,481],"Eternal Feather":7,"Whetstone":["Strike_B","Strike_B","Barrage","Strike_B"],"Smiling Mask":0,"obtain_stats":[{"Ice Cream":38,"Calipers":9,"Runic Capacitor":22,"Whetstone":0,"Bottled Tornado":24,"Old Coin":3,"Sozu":17,"Blood Vial":7,"Philosopher\u0027s Stone":34,"Fusion Hammer":17,"Toxic Egg 2":30,"Girya":9,"Happy Flower":0,"Astrolabe":17,"Blue Candle":7,"Dead Branch":42,"Oddly Smooth Stone":0,"Eternal Feather":21,"Pen Nib":0,"War Paint":0,"Question Card":25,"Akabeko":0,"Cables":0,"OrangePellets":36,"Shuriken":26,"Bronze Scales":9,"Bird Faced Urn":11,"Molten Egg 2":0,"Symbiotic Virus":9,"Regal Pillow":45,"Lantern":25,"Singing Bowl":31,"StoneCalendar":8,"Juzu Bracelet":12,"Incense Burner":0,"Smiling Mask":24,"Matryoshka":7,"WingedGreaves":8,"Red Mask":19,"Cracked Core":0,"Potion Belt":9,"Lee\u0027s Waffle":0,"Golden Idol":14,"Thread and Needle":0,"Odd Mushroom":10,"Frozen Egg 2":9,"Orichalcum":47,"White Beast Statue":10,"Mercury Hourglass":30,"Calling Bell":0,"Peace Pipe":26,"CaptainsWheel":13,"Anchor":29,"Ornamental Fan":7,"Bloody Idol":22,"Bag of Marbles":0,"Coffee Dripper":17,"Membership Card":30,"Bottled Lightning":0,"Toy Ornithopter":0},{"Ice Cream":79,"Calipers":39,"Runic Capacitor":91,"Whetstone":59,"Bottled Tornado":48,"Old Coin":36,"Sozu":20,"Blood Vial":84,"Philosopher\u0027s Stone":50,"Fusion Hammer":30,"Toxic Egg 2":73,"Girya":63,"Happy Flower":34,"Astrolabe":9,"Blue Candle":16,"Dead Branch":56,"Oddly Smooth Stone":59,"Eternal Feather":91,"Pen Nib":0,"War Paint":59,"Question Card":32,"Akabeko":59,"Cables":34,"OrangePellets":51,"Shuriken":72,"Bronze Scales":17,"Bird Faced Urn":39,"Molten Egg 2":0,"Symbiotic Virus":5,"Regal Pillow":57,"Lantern":72,"Singing Bowl":49,"StoneCalendar":39,"Juzu Bracelet":7,"Incense Burner":80,"Smiling Mask":92,"Matryoshka":4,"WingedGreaves":63,"Red Mask":11,"Cracked Core":0,"Potion Belt":5,"Lee\u0027s Waffle":12,"Golden Idol":19,"Thread and Needle":0,"Odd Mushroom":18,"Frozen Egg 2":26,"Orichalcum":58,"White Beast Statue":27,"Mercury Hourglass":94,"Calling Bell":0,"Peace Pipe":48,"CaptainsWheel":41,"Anchor":72,"Ornamental Fan":63,"Bloody Idol":31,"Bag of Marbles":34,"Coffee Dripper":89,"Membership Card":48,"Bottled Lightning":80,"Toy Ornithopter":59},{"Ice Cream":406,"Calipers":168,"Runic Capacitor":452,"Whetstone":299,"Bottled Tornado":213,"Old Coin":158,"Sozu":77,"Blood Vial":423,"Philosopher\u0027s Stone":237,"Fusion Hammer":129,"Toxic Egg 2":372,"Girya":313,"Happy Flower":151,"Astrolabe":35,"Blue Candle":60,"Dead Branch":273,"Oddly Smooth Stone":299,"Eternal Feather":452,"Pen Nib":0,"War Paint":299,"Question Card":141,"Akabeko":299,"Cables":151,"OrangePellets":242,"Shuriken":367,"Bronze Scales":65,"Bird Faced Urn":168,"Molten Egg 2":0,"Symbiotic Virus":18,"Regal Pillow":283,"Lantern":367,"Singing Bowl":220,"StoneCalendar":168,"Juzu Bracelet":23,"Incense Burner":410,"Smiling Mask":457,"Matryoshka":16,"WingedGreaves":313,"Red Mask":44,"Cracked Core":0,"Potion Belt":18,"Lee\u0027s Waffle":47,"Golden Idol":72,"Thread and Needle":0,"Odd Mushroom":69,"Frozen Egg 2":103,"Orichalcum":293,"White Beast Statue":110,"Mercury Hourglass":469,"Calling Bell":0,"Peace Pipe":213,"CaptainsWheel":176,"Anchor":367,"Ornamental Fan":313,"Bloody Idol":132,"Bag of Marbles":151,"Coffee Dripper":445,"Membership Card":213,"Bottled Lightning":410,"Toy Ornithopter":299}],"Mercury Hourglass":[491]},"card_choices":[{"not_picked":["Aggregate","Skim"],"picked":"Compile Driver","floor":1.0},{"not_picked":["Turbo","Sweeping Beam"],"picked":"Hologram","floor":3.0},{"not_picked":["Stack","Turbo"],"picked":"Barrage","floor":5.0},{"not_picked":["Steam","Heatsinks"],"picked":"Static Discharge","floor":7.0},{"not_picked":["Redo","Steam Power"],"picked":"Stack","floor":11.0},{"not_picked":["Gash","Redo"],"picked":"Self Repair","floor":12.0},{"not_picked":["Stack","Redo"],"picked":"Compile Driver","floor":13.0},{"not_picked":["Barrage","Sweeping Beam"],"picked":"Multi-Cast","floor":14.0},{"not_picked":["Thunder Strike","Machine Learning"],"picked":"Rainbow","floor":16.0},{"not_picked":["Turbo","Redo+1"],"picked":"Glacier","floor":18.0},{"not_picked":["Beam Cell","Static Discharge"],"picked":"Compile Driver","floor":19.0},{"not_picked":["Stack","Skim"],"picked":"Barrage","floor":24},{"not_picked":["Hello World","Beam Cell"],"picked":"Undo","floor":28},{"not_picked":["Melter+1","Sunder","Steam"],"picked":"SKIP","floor":30},{"not_picked":["Self Repair","Rebound","Melter"],"picked":"SKIP","floor":31}],"player_experience":523959,"relics_obtained":[{"floor":7.0,"key":"Blood Vial"},{"floor":12.0,"key":"Potion Belt"},{"floor":21.0,"key":"Eternal Feather"},{"floor":24,"key":"Smiling Mask"},{"floor":26,"key":"Whetstone"},{"floor":30,"key":"Mercury Hourglass"}],"event_choices":[{"damage_healed":23.0,"max_hp_gain":0.0,"max_hp_loss":0.0,"gold_gain":0.0,"event_name":"Big Fish","player_choice":"Banana","floor":2.0,"gold_loss":0.0,"damage_taken":0.0},{"damage_healed":0.0,"max_hp_gain":0.0,"max_hp_loss":0.0,"gold_gain":0.0,"event_name":"Living Wall","player_choice":"Grow","floor":4.0,"gold_loss":0.0,"damage_taken":0.0,"cards_upgraded":["Apotheosis"]},{"damage_healed":0.0,"max_hp_gain":0.0,"max_hp_loss":36.0,"gold_gain":0.0,"event_name":"Ghosts","player_choice":"Became a Ghost","floor":20.0,"gold_loss":0.0,"damage_taken":0.0,"cards_obtained":["Ghostly","Ghostly","Ghostly"]},{"damage_healed":0,"gold_gain":0,"player_choice":"Read","damage_taken":0,"max_hp_gain":0,"max_hp_loss":0,"event_name":"The Library","floor":27,"gold_loss":0,"cards_obtained":["Genetic Algorithm"]}],"is_beta":false,"boss_relics":[{"not_picked":["Runic Dome","Velvet Choker"],"picked":"Coffee Dripper"}],"items_purged_floors":[0,22],"is_endless":false,"potions_floor_spawned":[1,3,5,7,11,12,13,14,16,18,19,24,28,30,31],"killed_by":"Champ","ascension_level":20}}