{"host":"j356dfgkwbkgh9zu","time":1609594308,"event":{"mods":["2.2 Compatiblity","ATMod(阿瑾Mod)","Act Like it!","BaseMod","Colored Map","Colored Powertips","Hermit","Lobotomy","Luminous","Minty Spire (QoL Compilation)","Quick Restart","RumiaBox-露米娅的神秘盒子","Shop Mod","Spicy Shops","StSLib","The Marked","The Mystic","【功能Mod】混沌之环修复补丁","篝火指南"],"gold_per_floor":[141,141,141,186,219,12,93,471,471,471,170,170,36,84,25,250,250,301,301,10,10,43,43,145,142,190,190,190],"floor_reached":27,"playtime":1391,"items_purged":["Pain"],"score":718,"play_id":"e01cb962-e34e-4766-9e19-9f4372f52dab","local_time":"20210102213148","daily_mods":["Heirloom","Time Dilation","Flight","DeadlyEvents","Elite Swarm","Midas"],"is_ascension_mode":true,"campfire_choices":[{"floor":10,"key":"REST"},{"floor":12,"key":"REST"},{"floor":23,"key":"REST"}],"circlet_count":0,"master_deck":["mysticmod:Strike_Mystic","mysticmod:Strike_Mystic","mysticmod:Strike_Mystic","mysticmod:Strike_Mystic","mysticmod:Defend_Mystic","mysticmod:Defend_Mystic","mysticmod:Defend_Mystic+1","mysticmod:Defend_Mystic","mysticmod:ArcaneDodge+1","mysticmod:ShockingGrasp","AT_KingSlayer","mysticmod:SuddenClarity","mysticmod:LightningBolt","mysticmod:Flourish","mysticmod:KnowledgePool","mysticmod:MagicWeapon","mysticmod:Snowball+1","mysticmod:Spellstrike+1","AT_EmpoweredMortalDraw+1","mysticmod:Lunge","mysticmod:Spellstrike+1"],"relics":["mysticmod:SpellBook","mysticmod:CrystalBall","AT_ATBox","Calipers","WarpedTongs","Baka2","MerchantsRug","Molten Egg 2","Vajra","MealTicket","AT_MortalBlade","Question Card","Tiny Chest","GodSword6","AT_EbonyIvory","Strawberry"],"acts_visited":["Exordium","TheCity"],"potions_floor_usage":[8,8,8,8,19,19,25],"damage_taken":[{"damage":3,"enemies":"Jaw Worm","floor":1,"turns":4},{"damage":15,"enemies":"Cultist","floor":4,"turns":5},{"damage":2,"enemies":"2 Louse","floor":5,"turns":2},{"damage":33,"enemies":"Lagavulin","floor":7,"turns":5},{"damage":2,"enemies":"3 Sentries","floor":8,"turns":4},{"damage":4,"enemies":"Exordium Thugs","floor":14,"turns":4},{"damage":0,"enemies":"Slime Boss","floor":16,"turns":4},{"damage":0,"enemies":"Spheric Guardian","floor":18,"turns":1},{"damage":0,"enemies":"3 Byrds","floor":19,"turns":1},{"damage":26,"enemies":"Centurion and Healer","floor":22,"turns":4},{"damage":62,"enemies":"Book of Stabbing","floor":24,"turns":7},{"damage":33,"enemies":"Gremlin Leader","floor":25,"turns":5},{"damage":26,"enemies":"Snake Plant","floor":27,"turns":3}],"seed_played":"-7363817894682311026","potions_obtained":[{"floor":1,"key":"FearPotion"},{"floor":7,"key":"EntropicBrew"},{"floor":16,"key":"SmokeBomb"},{"floor":18,"key":"Swift Potion"},{"floor":22,"key":"CultistPotion"}],"is_trial":true,"path_per_floor":["M","?","$","M","M","R","E","E","T","R","$","R","$","M","R","B",null,"M","M","$","?","M","R","E","E","T","M"],"character_chosen":"MYSTIC_CLASS","items_purchased":["MerchantsRug","mysticmod:Flourish","OrangePellets","Vajra","MealTicket","mysticmod:Snowball+1","Question Card","Tiny Chest"],"campfire_rested":3,"item_purchase_floors":[6,6,11,11,13,15,20,20],"current_hp_per_floor":[62,62,62,47,45,45,12,10,10,31,31,52,52,62,62,62,70,70,70,72,82,56,80,52,19,26,0,0],"gold":190,"neow_bonus":"","is_daily":false,"chose_seed":false,"campfire_upgraded":0,"win_rate":0.0,"timestamp":1609594308,"path_taken":["M","?","$","M","M","R","E","?","T","R","$","R","$","M","R","BOSS","M","M","$","?","?","R","E","E","T","M"],"items_purchased_type":["Relic","Card","Relic","Relic","Relic","Card","Relic","Relic"],"build_version":"2020-12-22","purchased_purges":1,"victory":false,"max_hp_per_floor":[72,72,72,72,72,72,72,72,72,72,72,72,72,72,72,72,72,72,72,72,82,82,82,70,70,77,77,77],"card_choices":[{"not_picked":["mysticmod:PowerAttack","mysticmod:BulkUp"],"picked":"mysticmod:SuddenClarity","floor":1},{"not_picked":["mysticmod:ComponentsPouch","mysticmod:Fireball"],"picked":"mysticmod:LightningBolt","floor":4},{"not_picked":["mysticmod:PunishingArmor","mysticmod:BladeMaster","mysticmod:Riposte"],"picked":"SKIP","floor":5},{"not_picked":["mysticmod:SpellRecall","mysticmod:Doublecast"],"picked":"mysticmod:KnowledgePool","floor":7},{"not_picked":["mysticmod:Lunge","mysticmod:MysticalShield"],"picked":"mysticmod:Haste","floor":8},{"not_picked":["mysticmod:Daze","mysticmod:BladedDash+1"],"picked":"mysticmod:MagicWeapon","floor":14},{"not_picked":["mysticmod:ObscuringMist","mysticmod:Discipline"],"picked":"mysticmod:Spellstrike+1","floor":16},{"not_picked":["mysticmod:Daze","mysticmod:PowerSlash+1","mysticmod:EarthenWall"],"picked":"SKIP","floor":18},{"not_picked":["mysticmod:Sideswipe+1","mysticmod:Disengage","mysticmod:Daze","mysticmod:Riposte+1"],"picked":"SKIP","floor":22},{"not_picked":["mysticmod:GreaterInvisibility","mysticmod:Natural20","mysticmod:ObscuringMist"],"picked":"mysticmod:Lunge","floor":24},{"not_picked":["mysticmod:ObscuringMist","mysticmod:Discipline","mysticmod:Lunge"],"picked":"mysticmod:Spellstrike+1","floor":25}],"player_experience":218027,"relics_obtained":[{"floor":1,"key":"Baka"},{"floor":5,"key":"Baka2"},{"floor":7,"key":"War Paint"},{"floor":8,"key":"Old Coin"},{"floor":9,"key":"Molten Egg 2"},{"floor":24,"key":"GodSword6"},{"floor":25,"key":"AT_EbonyIvory"},{"floor":26,"key":"Strawberry"}],"event_choices":[{"damage_healed":0,"gold_gain":0,"player_choice":"Rummage","damage_taken":0,"relics_obtained":["WarpedTongs"],"max_hp_gain":0,"max_hp_loss":0,"event_name":"Accursed Blacksmith","floor":2,"gold_loss":0,"cards_obtained":["Pain"]},{"cards_removed":["mysticmod:Haste"],"damage_healed":0,"gold_gain":0,"player_choice":"Offered Rare","damage_taken":0,"max_hp_gain":10,"max_hp_loss":0,"event_name":"Bonfire Elementals","floor":21,"gold_loss":0}],"is_beta":false,"boss_relics":[{"not_picked":["Coffee Dripper","Runic Pyramid"],"picked":"AT_MortalBlade"}],"items_purged_floors":[11],"is_endless":true,"potions_floor_spawned":[1,7,16,18,22],"killed_by":"Snake Plant","ascension_level":20}}