{"host":"wk46m6kgjezp23jj","time":1609558112,"event":{"mods":["AchievementEnabler","BaseMod","Beaked The Cultist","Bestiary","Colored Map","Colored Powertips","Downfall","Hermit","Minty Spire (QoL Compilation)","Replay The Spire","StSLib","The Bladedancer","The Construct","The Cursed","The Marked","The Servant 0.9.4"],"gold_per_floor":[114,46,221,246,32,63,81,61,88,88,108,127,140,167,167,268,268,193,61,78,78,78,108,108,132,132,132,150,164,164,182,182,277,327,343,46,46,80,115,13,32,32,58,83,83,142,142,0,0,26,26],"floor_reached":50,"playtime":5138,"items_purged":["Languid"],"score":633,"play_id":"b8b3dbb7-298c-4d95-95a3-2da3f52fdf83","local_time":"20210101222832","is_ascension_mode":false,"campfire_choices":[{"data":"SilverBlades","floor":10,"key":"SMITH"},{"floor":27,"key":"REST"},{"floor":30,"key":"REST"},{"floor":32,"key":"REST"},{"data":"Specialist","floor":42,"key":"SMITH"},{"floor":45,"key":"REST"},{"floor":47,"key":"REST"},{"data":"Collapse","floor":49,"key":"SMITH"}],"circlet_count":0,"master_deck":["Strike_S","Strike_S","Defend_S","Defend_S","Defend_S","Defend_S","KidneyShot","Exchange","Barrier","SilverBlades+1","Doubt","BestPractice","Barrier","BestPractice","Defy","GearUp+1","Starlight","Deny","FlawlessForm","Slimebound:Icky","ReplayTheSpireMod:Splinters","Moonlight+1","DualDimension","Ricochet","Defy","RitualDagger","Gouge","InstantArmor+1","TheWorld+1","DualDimension","Apotheosis+1","Collapse+1","Collapse","Panache","ReplayTheSpireMod:Private Reserves","Specialist+1","Sabotage+1","Misdirection+1","BestPractice","BestPractice","TimeWarp","Parasite","Solidify","Snipe+1","Gouge"],"relics":["Uniform","NeowsBlessing","Whetstone","Membership Card","Lantern","Strawberry","Blue Doll","Replay:Ancient Bell","War Paint","Darkstone Periapt","Replay:Towering Pillar of Hats","Anchor","Simple Rune","Orichalcum","Happy Flower","Tiny House","ReplayTheSpireMod:ShopPack","Replay:Bandana","Guide Book","Potion Belt","Replay:Bottled Steam","Red Mask"],"acts_visited":["Exordium","TheCity","TheBeyond"],"potions_floor_usage":[16,23,31,33,35,39,50],"damage_taken":[{"damage":0,"enemies":"Cultist","floor":1,"turns":1},{"damage":2,"enemies":"3 Sentries","floor":6,"turns":3},{"damage":0,"enemies":"2 Louse","floor":7,"turns":1},{"damage":9,"enemies":"Jaw Worm","floor":11,"turns":6},{"damage":0,"enemies":"Blue Slaver","floor":12,"turns":6},{"damage":7,"enemies":"Lots of Slimes","floor":13,"turns":9},{"damage":19,"enemies":"The Guardian","floor":16,"turns":16},{"damage":10,"enemies":"2 Thieves","floor":18,"turns":5},{"damage":0,"enemies":"Shell Parasite","floor":20,"turns":14},{"damage":59,"enemies":"Slavers","floor":23,"turns":13},{"damage":0,"enemies":"Cultist and Chosen","floor":28,"turns":14},{"damage":3,"enemies":"Snake Plant","floor":29,"turns":8},{"damage":0,"enemies":"3 Cultists","floor":31,"turns":7},{"damage":0,"enemies":"Collector","floor":33,"turns":18},{"damage":23,"enemies":"3 Darklings","floor":35,"turns":13},{"damage":5,"enemies":"3 Shapes","floor":38,"turns":4},{"damage":0,"enemies":"Transient","floor":39,"turns":5},{"damage":0,"enemies":"Spire Growth","floor":41,"turns":8},{"damage":0,"enemies":"Writhing Mass","floor":44,"turns":6},{"damage":115,"enemies":"Donu and Deca","floor":50,"turns":10}],"seed_played":"3388220503923484620","potions_obtained":[{"floor":1,"key":"Energy Potion"},{"floor":6,"key":"SteroidPotion"},{"floor":11,"key":"champ:CounterPotion"},{"floor":23,"key":"SpeedPotion"},{"floor":28,"key":"DuplicationPotion"},{"floor":33,"key":"Energy Potion"},{"floor":34,"key":"Toxic Potion"},{"floor":35,"key":"Swift Potion"},{"floor":44,"key":"Strength Potion"}],"is_trial":false,"path_per_floor":["M","$","?","T","$","E","M","$","T","R","M","M","M","T","R_BF","B",null,"M","$","M","?","?","E","?","T","T","R","M","M","R","M","R","B",null,"M","$","?","M","M","$","M","R","T","M","R","?","R","?","R","B"],"character_chosen":"THE_SERVANT","items_purchased":["SilverBlades","Membership Card","BestPractice","Barrier","GearUp","Moonlight+1","Anchor","DualDimension","Ricochet","Apotheosis","Collapse","ReplayTheSpireMod:ShopPack","Replay:Bandana","Guide Book","BestPractice"],"campfire_rested":5,"item_purchase_floors":[2,5,5,5,8,19,19,19,19,36,36,36,36,40,40],"current_hp_per_floor":[65,65,65,65,65,63,63,63,70,70,61,61,54,54,54,35,90,80,80,80,74,74,15,15,15,15,42,42,39,66,66,90,90,95,72,72,72,67,67,67,67,67,67,73,101,76,101,101,101,0,0],"gold":26,"neow_bonus":"THREE_ENEMY_KILL","is_daily":false,"chose_seed":false,"campfire_upgraded":3,"win_rate":0.0,"timestamp":1609558112,"path_taken":["M","?","?","?","?","E","?","$","T","R","M","M","M","?","R_BF","BOSS","M","$","M","?","?","E","?","?","T","R","M","?","R","M","R","BOSS","M","$","?","M","M","$","M","R","T","M","R","?","R","?","R","BOSS"],"items_purchased_type":["Card","Relic","Card","Card","Card","Card","Relic","Card","Card","Card","Card","Relic","Relic","Relic","Card"],"build_version":"2020-12-22","purchased_purges":1,"victory":false,"max_hp_per_floor":[65,65,65,65,65,65,65,65,72,72,72,72,72,72,72,72,90,90,90,90,90,90,90,90,90,90,90,90,90,90,90,90,90,95,95,95,95,95,95,95,95,95,95,101,101,101,101,101,101,101,101],"card_choices":[{"not_picked":["SpecialFormula","Foresight"],"picked":"Barrier","floor":1},{"not_picked":["Potential","Replace"],"picked":"BestPractice","floor":6},{"not_picked":["TimeWarp","ShatteredReality"],"picked":"Defy","floor":7},{"not_picked":["Spin","Unruled"],"picked":"Starlight","floor":11},{"not_picked":["RealityMarble","ShiftingGears","BestPractice"],"picked":"SKIP","floor":12},{"not_picked":["Foresight","Unruled","Spin"],"picked":"SKIP","floor":13},{"not_picked":["FloweringNight","Deny"],"picked":"FlawlessForm","floor":16},{"not_picked":["sneckomod:Bewildered","Languid"],"picked":"Slimebound:Icky","floor":17},{"not_picked":["Looming Evil","ReplayTheSpireMod:Restless Dread"],"picked":"ReplayTheSpireMod:Splinters","floor":17},{"not_picked":["Regret","Looming Evil"],"picked":"Languid","floor":17},{"not_picked":["Potential+1","Revamp+1","Starlight"],"picked":"SKIP","floor":18},{"not_picked":["Sunlight","Potential"],"picked":"Defy","floor":20},{"not_picked":["Desolation+1","PendulumOfEternity","Ricochet"],"picked":"SKIP","floor":23},{"not_picked":["Foresight","Alleviate"],"picked":"Gouge","floor":28},{"not_picked":["ReturningBlade","Spin"],"picked":"InstantArmor","floor":29},{"not_picked":["DoubleEdge","Potential","Revamp"],"picked":"SKIP","floor":31},{"not_picked":["Solidify","FlawlessForm"],"picked":"TheWorld","floor":33},{"not_picked":["Read","Rearm+1"],"picked":"DualDimension","floor":34},{"not_picked":["Rewind","Starlight","BottledTime"],"picked":"SKIP","floor":35},{"not_picked":["Thinking Ahead","Crow Ritual"],"picked":"Panache","floor":36},{"not_picked":["HandOfGreed","Finesse"],"picked":"ReplayTheSpireMod:Private Reserves","floor":36},{"not_picked":["Sadistic Nature","expansioncontent:GoopSpray"],"picked":"Specialist","floor":36},{"not_picked":["ShatteredReality+1","FastForward+1"],"picked":"Sabotage+1","floor":38},{"not_picked":["StarChef","Revamp"],"picked":"Misdirection+1","floor":39},{"not_picked":["Rearm+1","Starlight+1"],"picked":"TimeWarp","floor":41},{"not_picked":["Replace+1","Defy"],"picked":"Solidify","floor":44},{"not_picked":["Rewind","SurpressingFire"],"picked":"Snipe+1","floor":46},{"not_picked":["Ricochet","WasteNot"],"picked":"Gouge","floor":46}],"player_experience":11512,"relics_obtained":[{"floor":4,"key":"Whetstone"},{"floor":6,"key":"Lantern"},{"floor":9,"key":"Strawberry"},{"floor":14,"key":"Blue Doll"},{"floor":23,"key":"Simple Rune"},{"floor":25,"key":"Orichalcum"},{"floor":26,"key":"Happy Flower"},{"floor":43,"key":"Potion Belt"},{"floor":46,"key":"Replay:Bottled Steam"}],"event_choices":[{"damage_healed":0,"gold_gain":175,"player_choice":"AGREE","damage_taken":0,"max_hp_gain":0,"max_hp_loss":0,"event_name":"Liars Game","floor":3,"gold_loss":0,"cards_obtained":["Doubt"]},{"damage_healed":0,"gold_gain":0,"player_choice":"Joined the Cult","damage_taken":6,"max_hp_gain":0,"max_hp_loss":0,"event_name":"Nest","floor":21,"gold_loss":0,"cards_obtained":["RitualDagger"]},{"damage_healed":0,"gold_gain":0,"player_choice":"Simplicity","damage_taken":0,"max_hp_gain":0,"max_hp_loss":0,"event_name":"Back to Basics","floor":22,"gold_loss":0,"cards_upgraded":["Strike_S","Strike_S","Defend_S","Defend_S","Defend_S"]},{"damage_healed":0,"gold_gain":0,"player_choice":"Ignored","damage_taken":0,"max_hp_gain":0,"max_hp_loss":0,"event_name":"Cursed Tome","floor":24,"gold_loss":0},{"cards_removed":["Strike_S"],"damage_healed":0,"gold_gain":0,"player_choice":"Removed Attack","damage_taken":0,"max_hp_gain":0,"max_hp_loss":0,"event_name":"Falling","floor":37,"gold_loss":0},{"damage_healed":0,"gold_gain":0,"player_choice":"Paid","damage_taken":0,"relics_obtained":["Red Mask"],"max_hp_gain":0,"max_hp_loss":0,"event_name":"Tomb of Lord Red Mask","floor":48,"gold_loss":142}],"is_beta":false,"boss_relics":[{"not_picked":["Astrolabe","construct:WeddingRing"],"picked":"Replay:Ancient Bell"},{"not_picked":["ReplayTheSpireMod:TigerMarble","Centennial Puzzle"],"picked":"War Paint"},{"not_picked":["Meat on the Bone","InkBottle"],"picked":"Darkstone Periapt"},{"not_picked":["Durian","construct:RocketBooster"],"picked":"Replay:Towering Pillar of Hats"},{"not_picked":["Kintsugi","Runic Pyramid"],"picked":"Tiny House"}],"items_purged_floors":[36],"is_endless":false,"potions_floor_spawned":[1,6,11,23,28,33,35,44],"killed_by":"Donu and Deca","ascension_level":0}}