{"host":"f5n4tidiz2n5sooh","time":1609568636,"event":{"mods":["BaseMod","Bestiary","Colored Map","Minty Spire (QoL Compilation)","Relic Stats","StSLib"],"gold_per_floor":[113,126,126,151,151,151,151,166,239,239,239,264,229,264,264,363,363,383,406,331,350,55,55,90,90,90,90,11,51,51,66,66,164,164,189,522,522,522,522,522,570,570,570,597,60,79,79,79],"floor_reached":47,"playtime":1755,"items_purged":["Strike_R","Decay"],"score":1049,"play_id":"869d0fbf-73fe-4df7-9363-b382fa609386","local_time":"20210102002356","is_ascension_mode":true,"campfire_choices":[{"data":"Bash","floor":6,"key":"SMITH"},{"data":"Pommel Strike","floor":10,"key":"SMITH"},{"data":"Flame Barrier","floor":15,"key":"SMITH"},{"data":"Rupture","floor":23,"key":"SMITH"},{"data":"Feel No Pain","floor":25,"key":"SMITH"},{"floor":27,"key":"REST"},{"floor":30,"key":"REST"},{"data":"Entrench","floor":32,"key":"SMITH"},{"data":"Defend_R","floor":40,"key":"SMITH"},{"data":"Defend_R","floor":42,"key":"SMITH"}],"circlet_count":0,"master_deck":["AscendersBane","Strike_R","Defend_R+1","Defend_R+1","Defend_R","Bash+1","Pommel Strike+1","Fire Breathing","Offering","Rupture+1","Flame Barrier+1","Offering","Entrench+1","Feel No Pain+1","Reaper","Dark Embrace","Shrug It Off+1","Reaper","Second Wind","Feel No Pain","Havoc"],"relics":["Cursed Key","Pantograph","Bag of Preparation","StrikeDummy","Runic Pyramid","Matryoshka","Bronze Scales","Empty Cage","Mummified Hand","Centennial Puzzle","Self Forming Clay"],"acts_visited":["Exordium","TheCity","TheBeyond"],"potions_floor_usage":[12,16,21,24,24,29,33,44,47,47],"damage_taken":[{"damage":10,"enemies":"Small Slimes","floor":1,"turns":3},{"damage":9,"enemies":"Jaw Worm","floor":2,"turns":4},{"damage":0,"enemies":"2 Louse","floor":4,"turns":2},{"damage":18,"enemies":"Large Slime","floor":8,"turns":4},{"damage":6,"enemies":"3 Louse","floor":12,"turns":3},{"damage":6,"enemies":"3 Sentries","floor":14,"turns":4},{"damage":26,"enemies":"The Guardian","floor":16,"turns":9},{"damage":13,"enemies":"2 Thieves","floor":18,"turns":2},{"damage":11,"enemies":"Shell Parasite","floor":19,"turns":2},{"damage":6,"enemies":"3 Cultists","floor":21,"turns":4},{"damage":24,"enemies":"Slavers","floor":24,"turns":4},{"damage":49,"enemies":"Book of Stabbing","floor":29,"turns":5},{"damage":6,"enemies":"Snake Plant","floor":31,"turns":3},{"damage":32,"enemies":"Collector","floor":33,"turns":9},{"damage":12,"enemies":"3 Shapes","floor":35,"turns":5},{"damage":34,"enemies":"Reptomancer","floor":44,"turns":7},{"damage":12,"enemies":"3 Darklings","floor":46,"turns":4},{"damage":155,"enemies":"Giant Head","floor":47,"turns":8}],"seed_played":"-5834671223255119114","potions_obtained":[{"floor":1,"key":"PowerPotion"},{"floor":2,"key":"Energy Potion"},{"floor":16,"key":"SkillPotion"},{"floor":19,"key":"Fruit Juice"},{"floor":21,"key":"Explosive Potion"},{"floor":31,"key":"Ancient Potion"},{"floor":33,"key":"Strength Potion"},{"floor":35,"key":"Dexterity Potion"}],"is_trial":false,"path_per_floor":["M","M","?","M","?","R","?","M","T","R","?","M","?","E","R","B",null,"M","M","?","M","$","R","E","R","T","R","$","E","R","M","R","B",null,"M","?","?","?","?","R","T","R","T","E","$","M","E"],"character_chosen":"IRONCLAD","items_purchased":["Feel No Pain","Reaper","Regen Potion","Feel No Pain","Self Forming Clay","Havoc","BloodPotion"],"campfire_rested":2,"item_purchase_floors":[22,22,28,45,45,45,45],"current_hp_per_floor":[58,49,49,49,42,42,42,24,24,24,19,13,30,24,24,23,57,44,33,33,32,32,32,22,22,22,43,43,17,38,32,32,25,61,67,67,67,67,67,67,67,67,67,55,55,73,0,0],"gold":79,"neow_bonus":"BOSS_RELIC","is_daily":false,"chose_seed":false,"campfire_upgraded":8,"win_rate":0.0,"timestamp":1609568636,"path_taken":["M","M","?","M","?","R","?","M","T","R","?","M","?","E","R","BOSS","M","M","?","M","$","R","E","R","T","R","$","E","R","M","R","BOSS","M","?","?","?","?","R","?","R","T","E","$","M","E"],"items_purchased_type":["Card","Card","Potion","Card","Relic","Card","Potion"],"build_version":"2020-12-22","purchased_purges":2,"victory":false,"max_hp_per_floor":[75,75,68,68,68,68,68,68,68,68,68,68,68,68,68,68,68,68,68,68,73,73,73,73,73,73,73,73,73,73,73,73,73,73,73,73,73,73,73,73,73,73,73,73,73,73,73,73],"relic_stats":{"Centennial Puzzle":[6],"counters":[18,82],"Mummified Hand":[19],"Self Forming Clay":[21],"Pantograph":50,"Bronze Scales":[96],"Bag of Preparation":[28],"Cursed Key":2,"obtain_stats":[{"Golden Idol":3,"Self Forming Clay":45,"Bag of Preparation":11,"Cursed Key":0,"Empty Cage":34,"Burning Blood":0,"Centennial Puzzle":44,"Matryoshka":24,"Mummified Hand":41,"Pantograph":9,"Bronze Scales":29,"StrikeDummy":14,"Runic Pyramid":17},{"Golden Idol":2,"Self Forming Clay":16,"Bag of Preparation":4,"Cursed Key":0,"Empty Cage":14,"Burning Blood":0,"Centennial Puzzle":16,"Matryoshka":11,"Mummified Hand":15,"Pantograph":4,"Bronze Scales":12,"StrikeDummy":6,"Runic Pyramid":7},{"Golden Idol":7,"Self Forming Clay":70,"Bag of Preparation":13,"Cursed Key":0,"Empty Cage":58,"Burning Blood":0,"Centennial Puzzle":70,"Matryoshka":41,"Mummified Hand":63,"Pantograph":13,"Bronze Scales":46,"StrikeDummy":20,"Runic Pyramid":29}]},"card_choices":[{"not_picked":["Dropkick","Warcry"],"picked":"Pommel Strike","floor":1},{"not_picked":["Whirlwind","Disarm"],"picked":"Fire Breathing","floor":2},{"not_picked":["Warcry","Havoc"],"picked":"Anger","floor":4},{"not_picked":["Hemokinesis","Headbutt","Uppercut"],"picked":"SKIP","floor":8},{"not_picked":["Headbutt","Evolve"],"picked":"Rupture","floor":12},{"not_picked":["Pummel","Clash"],"picked":"Flame Barrier","floor":14},{"not_picked":["Juggernaut","Double Tap"],"picked":"Offering","floor":16},{"not_picked":["Armaments","Wild Strike","Hemokinesis+1"],"picked":"SKIP","floor":18},{"not_picked":["Uppercut","Disarm"],"picked":"Entrench","floor":19},{"not_picked":["Clash","Armaments","Cleave"],"picked":"SKIP","floor":21},{"not_picked":["Heavy Blade","Power Through"],"picked":"Dark Embrace","floor":24},{"not_picked":["Sentinel","Twin Strike","Pommel Strike"],"picked":"SKIP","floor":29},{"not_picked":["Clothesline","Body Slam"],"picked":"Shrug It Off+1","floor":31},{"not_picked":["Exhume","Berserk"],"picked":"Reaper","floor":33},{"not_picked":["Armaments","Cleave","Headbutt"],"picked":"SKIP","floor":35},{"not_picked":["Headbutt+1","Flex"],"picked":"Second Wind","floor":44},{"not_picked":["Clash","Evolve","Uppercut"],"picked":"SKIP","floor":46}],"player_experience":1961699,"relics_obtained":[{"floor":9,"key":"Pantograph"},{"floor":14,"key":"StrikeDummy"},{"floor":24,"key":"Matryoshka"},{"floor":29,"key":"Bronze Scales"},{"floor":41,"key":"Mummified Hand"},{"floor":44,"key":"Centennial Puzzle"}],"event_choices":[{"damage_healed":0,"gold_gain":0,"player_choice":"Lose Max HP","damage_taken":0,"relics_obtained":["Golden Idol"],"max_hp_gain":0,"max_hp_loss":7,"event_name":"Golden Idol","floor":3,"gold_loss":0},{"cards_removed":["Strike_R"],"damage_healed":0,"gold_gain":0,"player_choice":"Card Removal","damage_taken":7,"max_hp_gain":0,"max_hp_loss":0,"event_name":"Golden Wing","floor":5,"gold_loss":0},{"damage_healed":0,"gold_gain":0,"cards_transformed":["Strike_R"],"player_choice":"Change","damage_taken":0,"max_hp_gain":0,"max_hp_loss":0,"event_name":"Living Wall","floor":7,"gold_loss":0,"cards_obtained":["Offering"]},{"damage_healed":0,"gold_gain":0,"player_choice":"Success","damage_taken":5,"relics_obtained":["Bag of Preparation"],"max_hp_gain":0,"max_hp_loss":0,"event_name":"Scrap Ooze","floor":11,"gold_loss":0},{"damage_healed":17,"gold_gain":0,"player_choice":"Healed","damage_taken":0,"max_hp_gain":0,"max_hp_loss":0,"event_name":"The Cleric","floor":13,"gold_loss":35},{"cards_removed":["Clumsy"],"damage_healed":0,"gold_gain":0,"player_choice":"Gave Gold","damage_taken":0,"max_hp_gain":0,"max_hp_loss":0,"event_name":"Beggar","floor":20,"gold_loss":75},{"damage_healed":0,"gold_gain":333,"player_choice":"Gave Idol","damage_taken":0,"max_hp_gain":0,"max_hp_loss":0,"event_name":"The Moai Head","floor":36,"relics_lost":["Golden Idol"],"gold_loss":0},{"damage_healed":0,"gold_gain":0,"player_choice":"Ignored","damage_taken":0,"max_hp_gain":0,"max_hp_loss":0,"event_name":"Mysterious Sphere","floor":37,"gold_loss":0},{"damage_healed":0,"gold_gain":0,"player_choice":"Memory 1","damage_taken":0,"max_hp_gain":0,"max_hp_loss":0,"event_name":"SensoryStone","floor":38,"gold_loss":0},{"cards_removed":["Defend_R"],"damage_healed":0,"gold_gain":0,"player_choice":"Removed Skill","damage_taken":0,"max_hp_gain":0,"max_hp_loss":0,"event_name":"Falling","floor":39,"gold_loss":0}],"is_beta":false,"boss_relics":[{"not_picked":["Busted Crown","Mark of Pain"],"picked":"Runic Pyramid"},{"not_picked":["Sozu","Black Star"],"picked":"Empty Cage"}],"items_purged_floors":[22,45],"is_endless":false,"potions_floor_spawned":[1,2,4,16,19,21,31,33,35,46],"killed_by":"Giant Head","ascension_level":20}}