{"host":"vfg9szunmpjwj08o","time":1609615553,"event":{"mods":["Act Like it!","BaseMod","Challenge The Spire","Colored Map","Colored Powertips","Minty Spire (QoL Compilation)","StSLib","Waifu the Spire"],"gold_per_floor":[118,268,281,281,7,32,32,32,32],"floor_reached":8,"playtime":254,"items_purged":[],"score":105,"play_id":"6f138fe7-6b63-4eb0-a50c-5888d2100a78","local_time":"20210102202553","is_ascension_mode":true,"campfire_choices":[{"data":"Apotheosis","floor":7,"key":"SMITH"}],"circlet_count":0,"master_deck":["AscendersBane","Strike_B","Strike_B","Strike_B","Defend_B","Defend_B","Defend_B","Defend_B","Zap","Dualcast","Gash","Doubt","Fusion","Apotheosis+1","Conserve Battery","Gash"],"relics":["Cracked Core","Darkstone Periapt"],"acts_visited":["Exordium"],"potions_floor_usage":[6,8],"damage_taken":[{"damage":3,"enemies":"Small Slimes","floor":1,"turns":3},{"damage":7,"enemies":"Cultist","floor":3,"turns":4},{"damage":16,"enemies":"3 Sentries","floor":6,"turns":9},{"damage":70,"enemies":"Gremlin Nob","floor":8,"turns":4}],"seed_played":"1287500704588677974","potions_obtained":[{"floor":4,"key":"FearPotion"},{"floor":4,"key":"Fire Potion"}],"is_trial":false,"path_per_floor":["M","?","M","?","$","E","R","E"],"character_chosen":"DEFECT","items_purchased":["Apotheosis","Conserve Battery"],"campfire_rested":0,"item_purchase_floors":[5,5],"current_hp_per_floor":[61,61,54,54,54,38,38,0,0],"gold":32,"neow_bonus":"TRANSFORM_CARD","is_daily":false,"chose_seed":false,"campfire_upgraded":1,"win_rate":0.0,"timestamp":1609615553,"path_taken":["M","?","M","?","$","E","R","E"],"items_purchased_type":["Card","Card"],"build_version":"2020-12-22","purchased_purges":0,"victory":false,"max_hp_per_floor":[71,71,71,71,71,71,71,71,71],"card_choices":[{"not_picked":["Beam Cell","Rebound","Barrage"],"picked":"SKIP","floor":1},{"not_picked":["Ball Lightning","Beam Cell"],"picked":"Fusion","floor":3},{"not_picked":["Undo","Tempest"],"picked":"Gash","floor":6}],"player_experience":1032418,"relics_obtained":[{"floor":6,"key":"Darkstone Periapt"}],"event_choices":[{"damage_healed":0,"gold_gain":150,"player_choice":"AGREE","damage_taken":0,"max_hp_gain":0,"max_hp_loss":0,"event_name":"Liars Game","floor":2,"gold_loss":0,"cards_obtained":["Doubt"]},{"damage_healed":0,"gold_gain":0,"player_choice":"Got Potions","damage_taken":0,"max_hp_gain":0,"max_hp_loss":0,"event_name":"Lab","floor":4,"gold_loss":0}],"is_beta":false,"boss_relics":[],"items_purged_floors":[],"is_endless":false,"potions_floor_spawned":[],"killed_by":"Gremlin Nob","ascension_level":19}}