{"host":"sum4dy402bbv9y4o","time":1609561687,"event":{"mods":["Aspiration","BaseMod","Conspire","Highlight Path","Minty Spire (QoL Compilation)","StSLib"],"gold_per_floor":[110,5,5,5,5,5,22,55,55,90,102,102,122,8,8,87,87,66,40,60,74,87,87,100,100,179,179,179],"floor_reached":27,"playtime":1201,"items_purged":["Strike_B"],"score":446,"play_id":"3f8ab2c7-1c8d-47d0-ba31-4a794d22b5e8","local_time":"20210102072807","is_ascension_mode":true,"campfire_choices":[{"data":"Defragment","floor":6,"key":"SMITH"},{"data":"Dualcast","floor":12,"key":"SMITH"},{"data":"Zap","floor":15,"key":"SMITH"},{"floor":23,"key":"REST"},{"floor":25,"key":"REST"}],"circlet_count":0,"master_deck":["AscendersBane","Strike_B","Strike_B","Strike_B","Defend_B","Defend_B","Defend_B","Defend_B","Zap+1","Dualcast+1","Conserve Battery","Defragment+1","Coolheaded","Glacier","Beam Cell","Core Surge","Ball Lightning","Rebound","Lockon","Fission+1","Study+1","Prostrate+1","ReachHeaven+1","Wallop+1","DeceiveReality+1","Ball Lightning"],"relics":["Cracked Core","aspiration:Nostalgia","Ring of the Snake","aspiration:HiddenCompartment","Toxic Egg 2","Ginger","conspire:TopHat","aspiration:WatcherSkillbook","aspiration:FrozenJewel"],"acts_visited":["Exordium","TheCity"],"potions_floor_usage":[10,18,27],"damage_taken":[{"damage":3,"enemies":"2 Louse","floor":1,"turns":2},{"damage":2,"enemies":"Small Slimes","floor":7,"turns":3},{"damage":6,"enemies":"3 Sentries","floor":8,"turns":11},{"damage":7,"enemies":"Lagavulin","floor":10,"turns":9},{"damage":0,"enemies":"Jaw Worm","floor":11,"turns":3},{"damage":0,"enemies":"Lots of Slimes","floor":13,"turns":5},{"damage":5,"enemies":"The Guardian","floor":16,"turns":10},{"damage":7,"enemies":"2 Thieves","floor":18,"turns":4},{"damage":0,"enemies":"3 Byrds","floor":20,"turns":5},{"damage":22,"enemies":"Snake Plant","floor":21,"turns":3},{"damage":13,"enemies":"Cultist and Chosen","floor":22,"turns":6},{"damage":14,"enemies":"3 Cultists","floor":24,"turns":7},{"damage":70,"enemies":"Gremlin Leader","floor":27,"turns":6}],"seed_played":"-4450938448739965367","potions_obtained":[{"floor":8,"key":"PotionOfCapacity"},{"floor":10,"key":"SneckoOil"},{"floor":11,"key":"Block Potion"},{"floor":18,"key":"Dexterity Potion"},{"floor":20,"key":"Dexterity Potion"}],"is_trial":false,"path_per_floor":["M","$","?","?","?","R","M","E","T","E","M","R","M","$","R","B",null,"M","$","M","M","M","R","M","R","T","E"],"character_chosen":"DEFECT","items_purchased":["Defragment","Coolheaded","Lockon","Prostrate+1"],"campfire_rested":2,"item_purchase_floors":[2,2,14,19],"current_hp_per_floor":[61,61,66,66,61,61,59,53,53,46,46,46,46,46,46,41,67,60,60,60,38,25,47,33,55,55,0,0],"gold":179,"neow_bonus":"NOSTALGIA","is_daily":false,"chose_seed":false,"campfire_upgraded":3,"win_rate":0.0,"timestamp":1609561687,"path_taken":["M","$","?","?","?","R","M","E","T","E","M","R","M","?","R","BOSS","M","$","M","M","M","R","?","R","T","E"],"items_purchased_type":["Card","Card","Card","Card"],"build_version":"2020-12-22","purchased_purges":1,"victory":false,"max_hp_per_floor":[71,71,76,76,76,76,76,76,76,76,76,76,76,76,76,76,76,76,76,76,76,76,76,76,76,76,76,76],"card_choices":[{"not_picked":["Beam Cell","Barrage"],"picked":"Conserve Battery","floor":1},{"not_picked":["Fusion","Rebound"],"picked":"Glacier","floor":7},{"not_picked":["Compile Driver","Sweeping Beam"],"picked":"Beam Cell","floor":8},{"not_picked":["Static Discharge","Gash"],"picked":"Core Surge","floor":10},{"not_picked":["Darkness+1","Steam+1"],"picked":"Ball Lightning","floor":11},{"not_picked":["Beam Cell","Turbo+1"],"picked":"Rebound","floor":13},{"not_picked":["Amplify+1","Hyperbeam"],"picked":"Fission+1","floor":16},{"not_picked":["CutThroughFate","Vengeance+1","Rip and Tear"],"picked":"Study+1","floor":18},{"not_picked":["FollowUp","ClearTheMind+1","Conserve Battery+1"],"picked":"ReachHeaven+1","floor":20},{"not_picked":["Barrage","Cold Snap","Go for the Eyes+1"],"picked":"Wallop+1","floor":21},{"not_picked":["Scrape","CrushJoints","Wallop"],"picked":"DeceiveReality+1","floor":22},{"not_picked":["Conserve Battery+1","Barrage","Stack+1"],"picked":"Ball Lightning","floor":24}],"player_experience":2878069,"relics_obtained":[{"floor":8,"key":"Toxic Egg 2"},{"floor":9,"key":"Ginger"},{"floor":10,"key":"conspire:TopHat"},{"floor":26,"key":"aspiration:FrozenJewel"}],"event_choices":[{"damage_healed":0,"gold_gain":0,"player_choice":"Donut","damage_taken":0,"max_hp_gain":5,"max_hp_loss":0,"event_name":"Big Fish","floor":3,"gold_loss":0},{"damage_healed":0,"gold_gain":0,"player_choice":"Success","damage_taken":5,"relics_obtained":["aspiration:HiddenCompartment"],"max_hp_gain":0,"max_hp_loss":0,"event_name":"Scrap Ooze","floor":5,"gold_loss":0}],"is_beta":false,"boss_relics":[{"not_picked":["conspire:SlowCooker","Ectoplasm"],"picked":"aspiration:WatcherSkillbook"}],"items_purged_floors":[14],"is_endless":false,"potions_floor_spawned":[8,10,11,18,20,22],"killed_by":"Gremlin Leader","ascension_level":20}}