{"host":"isy2gwbfe91wqj1j","time":1609556925,"event":{"mods":["AchievementEnabler","BaseMod","Better Altar","Better Match","Better Note","Better Sensory Stone","Better Skull","Better Third Choice","BetterRewards","Minty Spire (QoL Compilation)","StSLib"],"gold_per_floor":[112,127,146,146,165,165,176,176,226,238,338,353,371,23,23,118,118,131,131,131,131,6,6,24,36,63,63,75,75,75,89,89,188,188,203,218,238,249,262,262,262,262],"floor_reached":41,"playtime":1637,"items_purged":["Strike_R","Defend_R","Strike_R"],"score":416,"play_id":"97d99902-6709-4c3e-a7a3-8514fae31597","local_time":"20210101200845","is_ascension_mode":false,"campfire_choices":[{"data":"Whirlwind","floor":6,"key":"SMITH"},{"data":"Demon Form","floor":8,"key":"SMITH"},{"data":"Heavy Blade","floor":15,"key":"SMITH"},{"data":"Armaments","floor":23,"key":"SMITH"},{"data":"Disarm","floor":30,"key":"SMITH"},{"floor":32,"key":"REST"},{"floor":40,"key":"REST"}],"circlet_count":0,"master_deck":["Strike_R","Strike_R","Defend_R","Defend_R","Defend_R","Bash","Demon Form+1","Pommel Strike","Metallicize","Whirlwind+1","Armaments+1","Metallicize","Heavy Blade+1","Double Tap","Flex+1","Disarm+1","Demon Form"],"relics":["Burning Blood","Vajra","Lizard Tail","Paper Frog","Boot","Bottled Tornado","Velvet Choker","Blood Vial","Oddly Smooth Stone","Fusion Hammer"],"acts_visited":["Exordium","TheCity","TheBeyond"],"potions_floor_usage":[13,25,33,33,38,38,39,39],"damage_taken":[{"damage":0,"enemies":"Small Slimes","floor":1,"turns":3},{"damage":1,"enemies":"Cultist","floor":2,"turns":3},{"damage":8,"enemies":"Jaw Worm","floor":3,"turns":5},{"damage":14,"enemies":"Gremlin Gang","floor":5,"turns":2},{"damage":8,"enemies":"Large Slime","floor":7,"turns":4},{"damage":6,"enemies":"Lots of Slimes","floor":10,"turns":2},{"damage":0,"enemies":"2 Fungi Beasts","floor":12,"turns":2},{"damage":0,"enemies":"Looter","floor":13,"turns":4},{"damage":28,"enemies":"Slime Boss","floor":16,"turns":5},{"damage":7,"enemies":"Shell Parasite","floor":18,"turns":4},{"damage":4,"enemies":"Spheric Guardian","floor":24,"turns":5},{"damage":7,"enemies":"Centurion and Healer","floor":25,"turns":3},{"damage":3,"enemies":"3 Cultists","floor":28,"turns":3},{"damage":10,"enemies":"Sentry and Sphere","floor":31,"turns":3},{"damage":48,"enemies":"Collector","floor":33,"turns":7},{"damage":9,"enemies":"Orb Walker","floor":35,"turns":4},{"damage":17,"enemies":"3 Shapes","floor":36,"turns":4},{"damage":34,"enemies":"Jaw Worm Horde","floor":37,"turns":4},{"damage":31,"enemies":"Maw","floor":38,"turns":7},{"damage":32,"enemies":"Spire Growth","floor":39,"turns":3},{"damage":78,"enemies":"Nemesis","floor":41,"turns":4}],"seed_played":"1120661300138055065","potions_obtained":[{"floor":2,"key":"Energy Potion"},{"floor":12,"key":"SteroidPotion"},{"floor":16,"key":"CultistPotion"},{"floor":24,"key":"Regen Potion"},{"floor":25,"key":"PowerPotion"},{"floor":31,"key":"Strength Potion"},{"floor":33,"key":"Fire Potion"},{"floor":36,"key":"Ancient Potion"},{"floor":38,"key":"Fruit Juice"},{"floor":39,"key":"SmokeBomb"}],"is_trial":false,"path_per_floor":["M","M","M","?","M","R","M","R","T","M","?","M","M","$","R","B",null,"M","?","?","?","$","R","M","M","T","$","M","?","R","M","R","B",null,"M","M","M","M","M","R","E"],"character_chosen":"IRONCLAD","items_purchased":["Demon Form","Vajra","Paper Frog","Bottled Tornado"],"campfire_rested":2,"item_purchase_floors":[0,0,0,14],"current_hp_per_floor":[80,80,78,78,70,70,68,68,68,68,68,74,80,80,80,58,80,79,79,79,58,58,58,62,63,63,63,68,68,68,66,80,48,80,77,68,42,19,48,73,0,0],"gold":262,"neow_bonus":"","is_daily":false,"chose_seed":false,"campfire_upgraded":5,"win_rate":0.0,"timestamp":1609556925,"path_taken":["M","M","M","?","M","R","?","R","T","M","?","?","M","$","R","BOSS","M","?","?","?","$","R","M","M","T","?","M","?","R","M","R","BOSS","M","M","M","M","M","R","E"],"items_purchased_type":["Card","Relic","Relic","Relic"],"build_version":"2020-12-22","purchased_purges":3,"victory":false,"max_hp_per_floor":[80,80,80,80,80,80,80,80,80,80,80,80,80,80,80,80,80,80,80,80,80,80,80,80,80,80,80,80,80,80,80,80,80,80,80,80,80,80,85,85,85,85],"card_choices":[{"not_picked":["Clash","Flame Barrier"],"picked":"Pommel Strike","floor":1},{"not_picked":["Twin Strike","Uppercut","Body Slam"],"picked":"SKIP","floor":2},{"not_picked":["Dark Embrace","Searing Blow"],"picked":"Metallicize","floor":3},{"not_picked":["Sword Boomerang","Body Slam","Reckless Charge"],"picked":"SKIP","floor":5},{"not_picked":["Cleave","Pommel Strike","Whirlwind"],"picked":"SKIP","floor":7},{"not_picked":["Seeing Red","Anger"],"picked":"Armaments","floor":10},{"not_picked":["Combust","Seeing Red"],"picked":"Metallicize","floor":12},{"not_picked":["Dark Embrace","Ghostly Armor"],"picked":"Heavy Blade","floor":13},{"not_picked":["Feed","Corruption"],"picked":"Double Tap","floor":16},{"not_picked":["Headbutt","Heavy Blade","Bloodletting"],"picked":"SKIP","floor":18},{"not_picked":["Armaments+1","Blood for Blood"],"picked":"Flex+1","floor":24},{"not_picked":["Pommel Strike+1","Warcry"],"picked":"Disarm","floor":25},{"not_picked":["Rage+1","Dual Wield","Iron Wave"],"picked":"SKIP","floor":28},{"not_picked":["Perfected Strike","Body Slam","Uppercut"],"picked":"SKIP","floor":31},{"not_picked":["Offering","Corruption"],"picked":"Demon Form","floor":33},{"not_picked":["Pommel Strike","Clothesline+1","Headbutt"],"picked":"SKIP","floor":35},{"not_picked":["Carnage+1","Headbutt","Bloodletting"],"picked":"SKIP","floor":36},{"not_picked":["Anger","Pommel Strike+1","Havoc+1"],"picked":"SKIP","floor":37},{"not_picked":["Wild Strike","Clothesline","Heavy Blade"],"picked":"SKIP","floor":38},{"not_picked":["Sword Boomerang+1","Thunderclap+1","Iron Wave"],"picked":"SKIP","floor":39}],"player_experience":132046,"relics_obtained":[{"floor":9,"key":"Boot"},{"floor":26,"key":"Oddly Smooth Stone"}],"event_choices":[{"damage_healed":0,"gold_gain":0,"cards_transformed":["Strike_R"],"player_choice":"Transformed","damage_taken":0,"max_hp_gain":0,"max_hp_loss":0,"event_name":"Transmorgrifier","floor":4,"gold_loss":0,"cards_obtained":["Whirlwind"]},{"damage_healed":0,"gold_gain":100,"player_choice":"Pray","damage_taken":0,"max_hp_gain":0,"max_hp_loss":0,"event_name":"Golden Shrine","floor":11,"gold_loss":0},{"cards_removed":["Whirlwind"],"damage_healed":0,"gold_gain":0,"player_choice":"Give","damage_taken":0,"max_hp_gain":0,"max_hp_loss":0,"event_name":"betterNote:BetterNote","floor":19,"gold_loss":0,"cards_obtained":["Zap"]},{"damage_healed":0,"gold_gain":0,"player_choice":"Ignored","damage_taken":0,"max_hp_gain":0,"max_hp_loss":0,"event_name":"The Mausoleum","floor":20,"gold_loss":0},{"damage_healed":0,"gold_gain":0,"player_choice":" Vial ","damage_taken":21,"relics_obtained":["Blood Vial"],"max_hp_gain":79,"max_hp_loss":58,"event_name":"betterAltar:BetterAltar","floor":21,"potions_obtained":[],"relics_lost":[],"gold_loss":0},{"damage_healed":0,"gold_gain":0,"player_choice":"Ignored","damage_taken":0,"max_hp_gain":0,"max_hp_loss":0,"event_name":"Ghosts","floor":29,"gold_loss":0}],"is_beta":false,"boss_relics":[{"not_picked":["Calling Bell","Philosopher\u0027s Stone"],"picked":"Velvet Choker"},{"not_picked":["Pandora\u0027s Box","Runic Pyramid"],"picked":"Fusion Hammer"}],"items_purged_floors":[0,14,22],"is_endless":false,"potions_floor_spawned":[2,12,16,24,25,31,33,36,38,39],"killed_by":"Nemesis","ascension_level":0}}