{"host":"y76clbnovzmw9ubx","time":1609545981,"event":{"mods":["AchievementEnabler","BaseMod","Minty Spire (QoL Compilation)","Permanent Neow","Relic Stats"],"gold_per_floor":[213,2,2,26,301,301,334,334,334,348,42,67,67,80,80,173,173,197,221,244,244,257,257,257,257,257],"floor_reached":25,"playtime":1864,"items_purged":["Strike_G","Regret"],"score":427,"play_id":"80b0f713-7750-4cd1-9631-fbc72e3e2392","local_time":"20210101190621","is_ascension_mode":true,"campfire_choices":[{"data":"Poisoned Stab","floor":6,"key":"SMITH"},{"floor":8,"key":"REST"},{"data":"Noxious Fumes","floor":13,"key":"SMITH"},{"data":"Well Laid Plans","floor":15,"key":"SMITH"},{"data":"Ghostly","floor":23,"key":"SMITH"}],"circlet_count":0,"master_deck":["AscendersBane","Strike_G","Strike_G","Strike_G","Strike_G","Defend_G","Defend_G","Defend_G","Defend_G","Defend_G","Survivor","Neutralize","Poisoned Stab","Poisoned Stab+1","Well Laid Plans+1","Bouncing Flask","Bullet Time","Infinite Blades","Noxious Fumes+1","Finisher","Malaise","Endless Agony","Blur","Catalyst","Ghostly","Ghostly","Ghostly+1","PiercingWail","Ghostly+1"],"relics":["Ring of the Snake","Golden Idol","Toy Ornithopter","Turnip","Dead Branch","Anchor","Coffee Dripper"],"acts_visited":["Exordium","TheCity"],"potions_floor_usage":[7,22,25],"damage_taken":[{"damage":0,"enemies":"2 Louse","floor":1,"turns":3},{"damage":48,"enemies":"Lagavulin","floor":7,"turns":7},{"damage":2,"enemies":"Jaw Worm","floor":10,"turns":4},{"damage":0,"enemies":"Small Slimes","floor":12,"turns":2},{"damage":8,"enemies":"Exordium Thugs","floor":14,"turns":5},{"damage":12,"enemies":"Hexaghost","floor":16,"turns":7},{"damage":0,"enemies":"Chosen","floor":18,"turns":3},{"damage":5,"enemies":"2 Thieves","floor":19,"turns":4},{"damage":22,"enemies":"Snecko","floor":20,"turns":7},{"damage":18,"enemies":"Chosen and Byrds","floor":22,"turns":4},{"damage":16,"enemies":"3 Cultists","floor":25,"turns":5}],"seed_played":"3251382388664027328","potions_obtained":[{"floor":1,"key":"ColorlessPotion"},{"floor":14,"key":"SteroidPotion"},{"floor":16,"key":"DuplicationPotion"}],"is_trial":false,"path_per_floor":["M","$","?","T","?","R","E","R","T","M","$","M","R","M","R","B",null,"M","M","M","?","M","R","?","M"],"character_chosen":"THE_SILENT","items_purchased":["Poisoned Stab","Well Laid Plans","Infinite Blades","Anchor"],"campfire_rested":1,"item_purchase_floors":[2,2,11,11],"current_hp_per_floor":[59,59,59,59,59,59,12,30,30,28,28,28,28,20,20,8,47,47,42,20,20,7,7,7,0,0],"gold":257,"neow_bonus":"HUNDRED_GOLD","is_daily":false,"chose_seed":false,"campfire_upgraded":4,"win_rate":0.0,"timestamp":1609545981,"path_taken":["M","$","?","?","?","R","E","R","T","M","$","M","R","M","R","BOSS","M","M","M","?","M","R","?","?"],"items_purchased_type":["Card","Card","Card","Relic"],"build_version":"2020-12-22","purchased_purges":2,"victory":false,"max_hp_per_floor":[66,66,60,60,60,60,60,60,60,60,60,60,60,60,60,60,60,60,60,60,30,30,30,30,30,30],"relic_stats":{"counters":[11,51],"Golden Idol":55,"Dead Branch":[51],"Turnip":[0],"obtain_stats":[{"Anchor":11,"Golden Idol":3,"Dead Branch":9,"Turnip":7,"Coffee Dripper":17,"Toy Ornithopter":4,"Ring of the Snake":0},{"Anchor":3,"Golden Idol":1,"Dead Branch":2,"Turnip":2,"Coffee Dripper":6,"Toy Ornithopter":1,"Ring of the Snake":0},{"Anchor":14,"Golden Idol":3,"Dead Branch":10,"Turnip":10,"Coffee Dripper":28,"Toy Ornithopter":3,"Ring of the Snake":0}],"Toy Ornithopter":11,"Ring of the Snake":[22]},"card_choices":[{"not_picked":["Masterful Stab","Deflect"],"picked":"Poisoned Stab","floor":1},{"not_picked":["Dagger Spray","Acrobatics"],"picked":"Bouncing Flask","floor":7},{"not_picked":["Dagger Throw","Bouncing Flask"],"picked":"Bullet Time","floor":10},{"not_picked":["Dagger Throw","Quick Slash"],"picked":"Noxious Fumes","floor":12},{"not_picked":["Skewer","Dagger Spray"],"picked":"Finisher","floor":14},{"not_picked":["Bullet Time","Tools of the Trade"],"picked":"Malaise","floor":16},{"not_picked":["Accuracy","Sucker Punch"],"picked":"Endless Agony","floor":18},{"not_picked":["Underhanded Strike","Masterful Stab"],"picked":"Blur","floor":19},{"not_picked":["Deadly Poison","Footwork"],"picked":"Catalyst","floor":20},{"not_picked":["Dodge and Roll","Sucker Punch"],"picked":"PiercingWail","floor":22}],"player_experience":3029748,"relics_obtained":[{"floor":4,"key":"Toy Ornithopter"},{"floor":7,"key":"Turnip"},{"floor":9,"key":"Dead Branch"}],"event_choices":[{"damage_healed":0,"gold_gain":0,"player_choice":"Lose Max HP","damage_taken":0,"relics_obtained":["Golden Idol"],"max_hp_gain":0,"max_hp_loss":6,"event_name":"Golden Idol","floor":3,"gold_loss":0},{"damage_healed":0,"gold_gain":275,"player_choice":"Desecrate","damage_taken":0,"max_hp_gain":0,"max_hp_loss":0,"event_name":"Golden Shrine","floor":5,"gold_loss":0,"cards_obtained":["Regret"]},{"damage_healed":0,"gold_gain":0,"player_choice":"Became a Ghost","damage_taken":0,"max_hp_gain":0,"max_hp_loss":30,"event_name":"Ghosts","floor":21,"gold_loss":0,"cards_obtained":["Ghostly","Ghostly","Ghostly"]},{"damage_healed":0,"gold_gain":0,"player_choice":"Copied","damage_taken":0,"max_hp_gain":0,"max_hp_loss":0,"event_name":"Duplicator","floor":24,"gold_loss":0,"cards_obtained":["Ghostly"]}],"is_beta":false,"boss_relics":[{"not_picked":["Ectoplasm","SacredBark"],"picked":"Coffee Dripper"}],"items_purged_floors":[2,11],"is_endless":false,"potions_floor_spawned":[1,14,16,18],"killed_by":"3 Cultists","ascension_level":20}}