{"host":"n900smz9wr3yo27a","time":1609587542,"event":{"mods":["Arknights The Spire","BaseMod","CapriCore","GungeonMod","Hermit","Koishi","Lobotomy","Marisa£¨Ùöéë¡¡Øª×âÞÞ£©","Minty Spire (QoL Compilation)","Prisma Mod","Replay The Spire","StSLib","Td1madao Mod","The Animator","The Bug Knight","The Cursed","The Dragon Tamer","The Gatherer","The Hierophant","The Immortal","The Jungle","The Necromancer","The Poker Player","The Runesmith","WarShipGirlsR/??á´Ò³R mod"],"gold_per_floor":[366,376,6,18,38,63,63,88,100,129,161,184,196,229,241,362,374,410,422,456,12,17,17],"floor_reached":22,"playtime":1055,"items_purged":[],"score":275,"play_id":"491dcbec-dbdc-46b9-b89f-c3eeba43512a","local_time":"20210102203902","is_ascension_mode":false,"campfire_choices":[{"data":"hermit:Glare","floor":7,"key":"SMITH"},{"floor":15,"key":"REST"}],"circlet_count":0,"master_deck":["hermit:Strike_Hermit","hermit:Strike_Hermit+1","hermit:Strike_Hermit","hermit:Strike_Hermit","hermit:Defend_Hermit","hermit:Defend_Hermit","hermit:Defend_Hermit","hermit:Defend_Hermit","hermit:Snapshot","hermit:Covet","hermit:Glare+1","hermit:Deadeye","hermit:CursedWeapon","hermit:FlashPowder","hermit:Ricochet+1","hermit:Scavenge","hermit:Scavenge","hermit:FatalDesire"],"relics":["hermit:Momento","Ice Cream","DemoMod:Metronome","MawBank","Letter Opener","hermit:DentedPlate","Dream Catcher","Whetstone","Replay:Towering Pillar of Hats"],"acts_visited":["Exordium","TheCity"],"potions_floor_usage":[8,8,8,16],"damage_taken":[{"damage":0,"enemies":"Small Slimes","floor":1,"turns":3},{"damage":2,"enemies":"Jaw Worm","floor":2,"turns":3},{"damage":0,"enemies":"2 Louse","floor":4,"turns":2},{"damage":3,"enemies":"Looter","floor":5,"turns":2},{"damage":19,"enemies":"3 Sentries","floor":6,"turns":8},{"damage":2,"enemies":"Gremlin Nob","floor":8,"turns":1},{"damage":11,"enemies":"3 Louse","floor":10,"turns":2},{"damage":3,"enemies":"Exordium Wildlife","floor":11,"turns":3},{"damage":3,"enemies":"2 Fungi Beasts","floor":12,"turns":2},{"damage":2,"enemies":"Lots of Slimes","floor":14,"turns":3},{"damage":29,"enemies":"Fading Forest","floor":16,"turns":11},{"damage":7,"enemies":"3 Byrds","floor":18,"turns":6},{"damage":28,"enemies":"2 Thieves","floor":20,"turns":4},{"damage":10,"enemies":"Sentry and Sphere","floor":22,"turns":2}],"seed_played":"-8582143443633867337","potions_obtained":[{"floor":1,"key":"Adrenaline Potion"},{"floor":2,"key":"hermit:BlackBile"},{"floor":6,"key":"hermit:Tonic"},{"floor":10,"key":"LiquidBronze"},{"floor":12,"key":"Energy Potion"}],"is_trial":false,"path_per_floor":["M","M","$","M","M","E","R","E","T","M","M","M","$","M","R","B",null,"M","?","M","$","M"],"character_chosen":"HERMIT","items_purchased":["Ice Cream","hermit:CursedWeapon","Whetstone","Replay:Towering Pillar of Hats"],"campfire_rested":1,"item_purchase_floors":[3,3,21,21],"current_hp_per_floor":[54,52,52,52,49,30,30,28,28,17,14,11,11,9,31,12,44,37,37,9,9,0,0],"gold":17,"neow_bonus":"TWO_FIFTY_GOLD","is_daily":false,"chose_seed":false,"campfire_upgraded":1,"win_rate":0.0,"timestamp":1609587542,"path_taken":["M","M","$","M","M","E","R","E","T","M","M","M","$","M","R","BOSS","M","?","M","$","M"],"items_purchased_type":["Relic","Card","Relic","Relic"],"build_version":"2020-12-22","purchased_purges":0,"victory":false,"max_hp_per_floor":[75,75,75,75,75,75,75,75,75,75,75,75,75,75,75,75,107,107,107,107,107,107,107],"card_choices":[{"not_picked":["hermit:FlashPowder","hermit:Roulette"],"picked":"hermit:Glare","floor":1},{"not_picked":["hermit:TakeCover","hermit:GoldenBullet"],"picked":"hermit:Deadeye","floor":2},{"not_picked":["hermit:Showdown","hermit:LoneWolf","hermit:OverwhelmingPower"],"picked":"SKIP","floor":4},{"not_picked":["hermit:CursedWeapon","hermit:TrackingShot"],"picked":"hermit:FlashPowder","floor":5},{"not_picked":["hermit:Manifest","hermit:NoHoldsBarred"],"picked":"hermit:Ricochet","floor":6},{"not_picked":["hermit:NoHoldsBarred","hermit:OverwhelmingPower","hermit:Coalescence"],"picked":"SKIP","floor":8},{"not_picked":["hermit:BigShot","hermit:Glare"],"picked":"hermit:Scavenge","floor":10},{"not_picked":["hermit:Horror","hermit:Scavenge","hermit:Glare"],"picked":"SKIP","floor":11},{"not_picked":["hermit:Coalescence","hermit:Dive"],"picked":"hermit:Scavenge","floor":12},{"not_picked":["hermit:TrackingShot","hermit:Snipe","hermit:Vantage"],"picked":"SKIP","floor":14},{"not_picked":["hermit:HeroicBravado","hermit:OverwhelmingPower"],"picked":"hermit:FatalDesire","floor":16},{"not_picked":["hermit:Spite","hermit:Quickdraw","hermit:NoHoldsBarred+1"],"picked":"SKIP","floor":18},{"not_picked":["hermit:LoneWolf+1","hermit:HoleUp+1","hermit:Headshot"],"picked":"SKIP","floor":20}],"player_experience":742491,"relics_obtained":[{"floor":6,"key":"DemoMod:Metronome"},{"floor":8,"key":"MawBank"},{"floor":9,"key":"Letter Opener"}],"event_choices":[],"is_beta":false,"boss_relics":[{"not_picked":["ChewingGum","Replay:Fungal Core"],"picked":"hermit:DentedPlate"}],"items_purged_floors":[],"is_endless":false,"potions_floor_spawned":[1,2,6,10,12],"killed_by":"Sentry and Sphere","ascension_level":0}}