{"host":"9qgbal69wq5palas","time":1609553595,"event":{"mods":["2.2 Compatiblity","Abigail Mod","AchievementEnabler","Act Like it!","Aspiration","Astrologer","Bartender","BaseMod","Better Altar","Better Note","Better Skull","Better Third Choice","Colored Powertips","Hallownest","Hermit","Highlight Path","Hubris","Infinite Spire","Jorbs\u0027s Wanderer Trilogy","Koishi","Lobotomy","Minty Spire (QoL Compilation)","Potionbrewer","Quick Restart","Random Character Button","Replay The Spire","Shade Mod","Shop Mod","Spicy Shops","StSLib","The Animator","The Bug Knight","The Cursed","The Disciple","The Exalted","The Hierophant","The Necromancer","The Servant 0.9.4","Wandering Minibosses"],"gold_per_floor":[110,128,140,154,39,39,39,73,99,131,56,69,20,20,20,115,115,127,140,140,80,97,97,97],"floor_reached":23,"playtime":1253,"items_purged":["Defend_Bartender"],"score":314,"play_id":"4e814752-4ef6-4d5b-9226-47e41fef82c1","local_time":"20210102031315","is_ascension_mode":true,"campfire_choices":[{"data":"Fight_Dirty","floor":6,"key":"SMITH"},{"floor":15,"key":"REST"}],"circlet_count":0,"master_deck":["Strike_Bartender","Strike_Bartender","Strike_Bartender","Defend_Bartender","Defend_Bartender","Somersault","Bitters","Step_Of_The_Wind","Power_Up_Punch","Form_Shift","Feint","Fight_Dirty+1","Cross","Beat_Rush","Storage","With_A_Twist","Stick_and_Move","Training_Dummy"],"relics":["Sneakers","Akabeko","hubris:Towel","infinitespire:Cupcake"],"acts_visited":["Exordium","TheCity"],"potions_floor_usage":[4,8,16,19,23],"damage_taken":[{"damage":1,"enemies":"Cultist","floor":1,"turns":3},{"damage":9,"enemies":"Jaw Worm","floor":2,"turns":5},{"damage":0,"enemies":"2 Louse","floor":3,"turns":3},{"damage":2,"enemies":"Gremlin Gang","floor":4,"turns":4},{"damage":15,"enemies":"Lagavulin","floor":8,"turns":6},{"damage":11,"enemies":"3 Sentries","floor":10,"turns":8},{"damage":29,"enemies":"2 Fungi Beasts","floor":12,"turns":6},{"damage":0,"enemies":"Slime Boss","floor":16,"turns":8},{"damage":10,"enemies":"Shell Parasite","floor":18,"turns":4},{"damage":21,"enemies":"3 Byrds","floor":19,"turns":5},{"damage":12,"enemies":"Centurion and Healer","floor":22,"turns":4},{"damage":16,"enemies":"Book of Stabbing","floor":23,"turns":5}],"seed_played":"-3446217809418704473","potions_obtained":[{"floor":1,"key":"Adrenaline Potion"},{"floor":3,"key":"Fire Potion"},{"floor":16,"key":"DistilledChaos"},{"floor":22,"key":"LifebloodPotion"}],"is_trial":false,"path_per_floor":["M","M","M","M","$","R","?","E","T","E","$","M","$","?","R","B",null,"M","M","?","?","M","E"],"character_chosen":"BARTENDER","items_purchased":["Fight_Dirty","SteroidPotion"],"campfire_rested":1,"item_purchase_floors":[5,13],"current_hp_per_floor":[69,60,60,58,58,58,58,43,43,32,32,3,3,3,24,24,59,49,28,28,28,16,0,0],"gold":97,"neow_bonus":"TRANSFORM_CARD","is_daily":false,"chose_seed":false,"campfire_upgraded":1,"win_rate":0.0,"timestamp":1609553595,"path_taken":["M","M","M","M","$","R","?","E","T","E","$","M","?","?","R","BOSS","M","M","?","?","M","E"],"items_purchased_type":["Card","Potion"],"build_version":"2020-12-22","purchased_purges":1,"victory":false,"max_hp_per_floor":[70,70,70,70,70,70,70,70,70,70,70,70,70,70,70,70,70,70,70,70,70,70,70,70],"card_choices":[{"not_picked":["Elbow_Slash","Foot_Thrust"],"picked":"Step_Of_The_Wind","floor":1},{"not_picked":["On_The_House","Step_Of_The_Wind"],"picked":"Power_Up_Punch","floor":2},{"not_picked":["Stick_and_Move","With_A_Twist"],"picked":"Form_Shift","floor":3},{"not_picked":["On_The_Rocks","Phantom_Blow"],"picked":"Feint","floor":4},{"not_picked":["Phantom_Blow","Foot_Thrust"],"picked":"Cross","floor":8},{"not_picked":["Ball_Of_Ice","Alacrity","Feint"],"picked":"SKIP","floor":10},{"not_picked":["On_The_Rocks","With_A_Twist"],"picked":"Beat_Rush","floor":12},{"not_picked":["High_Tide","Cold_Blooded"],"picked":"Storage","floor":16},{"not_picked":["Feint","On_The_House+1"],"picked":"With_A_Twist","floor":18},{"not_picked":["Press_Forward","Foot_Thrust"],"picked":"Stick_and_Move","floor":19},{"not_picked":["Scoop+1","Power_Up_Punch"],"picked":"Training_Dummy","floor":22}],"player_experience":2690939,"relics_obtained":[{"floor":8,"key":"Akabeko"}],"event_choices":[{"cards_removed":["Defend_Bartender"],"damage_healed":0,"gold_gain":0,"player_choice":"Card Removal","damage_taken":0,"max_hp_gain":0,"max_hp_loss":0,"event_name":"Wheel of Change","floor":7,"gold_loss":0},{"damage_healed":0,"gold_gain":0,"player_choice":"Ignored","damage_taken":0,"max_hp_gain":0,"max_hp_loss":0,"event_name":"betterNote:BetterNote","floor":20,"gold_loss":0,"cards_obtained":["Defend_Bartender"]}],"is_beta":false,"boss_relics":[{"not_picked":["ChewingGum","Abe\u0027s Treasure"],"picked":"infinitespire:Cupcake"}],"items_purged_floors":[11],"is_endless":false,"potions_floor_spawned":[1,3,16,22],"killed_by":"Book of Stabbing","ascension_level":5}}