{"host":"t6w2q9o6m1ipuhb5","time":1609628135,"event":{"mods":["2.2 Compatiblity","Abigail Mod","AchievementEnabler","BaseMod","Chen","Colored Map","Colored Powertips","Downfall","Hermit","Koishi","Marisa????????","Minty Spire (QoL Compilation)","Onozuka Komachi Mod","Prisma Mod","Quick Restart","Reimu??????","Replay The Spire","StSLib","SuperFastMode","The Alterego","The Animator","The Cursed","The Servant 0.9.4","Waifu the Spire","Yuyuko"],"gold_per_floor":[118,132,143,159,13,13,25,25,25,25,73,16,35,5,32,50,50,146,146,165,105,105,27,42,42,42],"floor_reached":25,"playtime":2091,"items_purged":[],"score":228,"play_id":"ac20da65-df0c-46f8-a713-02a08598a8cc","local_time":"20210102175535","is_ascension_mode":false,"campfire_choices":[{"floor":6,"key":"REST"},{"data":"Unpaved Way","floor":10,"key":"SMITH"},{"floor":17,"key":"REST"}],"circlet_count":0,"master_deck":["Fantasy Butterflies","Fantasy Butterflies","Fantasy Butterflies","Fantasy Butterflies","Fantasy Butterflies","Dreamy Sakura","Dreamy Sakura","Dreamy Sakura","Dreamy Sakura","Dreamy Sakura","Deathly Ground","Faramita\u0027s Temptation","Spear of Papilio","Redemption of Death","Gauzy Sakura","Unpaved Way+1","Chase The Sukhavati","Unborn Light","Trap Lamp","Ghostdom Sakura","Unborn Light","Monster Cherry Tree","The Way to Death","Sakura Ward","Bite","Bite","Bite","Bite","Bite","Overencumbered","Wandering Soul","expansioncontent:QuickStudy","Dancing Soul"],"relics":["Coronal","Yuyuko\u0027s fan","NeowsBlessing","Ghost Lamp","Replay:Bottled Flurry","Strawberry","ChewingGum","ReplayTheSpireMod:CursedCoin"],"acts_visited":["Exordium","TheCity"],"potions_floor_usage":[16,18,25],"damage_taken":[{"damage":1,"enemies":"2 Louse","floor":1,"turns":1},{"damage":1,"enemies":"Cultist","floor":2,"turns":1},{"damage":1,"enemies":"Jaw Worm","floor":3,"turns":1},{"damage":39,"enemies":"Exordium Wildlife","floor":4,"turns":4},{"damage":15,"enemies":"3 Louse","floor":7,"turns":2},{"damage":12,"enemies":"Blue Slaver","floor":13,"turns":2},{"damage":21,"enemies":"Looter","floor":14,"turns":4},{"damage":10,"enemies":"3 Sentries","floor":15,"turns":2},{"damage":5,"enemies":"Exordium Wildlife","floor":16,"turns":2},{"damage":306,"enemies":"The Guardian","floor":18,"turns":32},{"damage":25,"enemies":"3 Byrds","floor":20,"turns":5},{"damage":54,"enemies":"Spheric Guardian","floor":24,"turns":6},{"damage":14,"enemies":"Centurion and Healer","floor":25,"turns":2}],"seed_played":"-5085075671702997877","potions_obtained":[{"floor":2,"key":"Elixir"},{"floor":3,"key":"Strength Potion"},{"floor":4,"key":"sneckomod:MuddlingPotion"},{"floor":16,"key":"Turbid Wine"},{"floor":18,"key":"Turbid Wine"}],"is_trial":false,"path_per_floor":["M","M","M","M","$","R","M","PTL","PTL","R","T","?","M","M","E","M","R","B",null,"M","?","?","$","M","M"],"character_chosen":"YUYOKO","items_purchased":["Chase The Sukhavati","Turbid Wine","ReplayTheSpireMod:CursedCoin","Wandering Soul","expansioncontent:QuickStudy"],"campfire_rested":2,"item_purchase_floors":[5,5,23,23,23],"current_hp_per_floor":[39,39,38,25,25,37,34,34,34,34,34,34,30,36,33,32,46,9,47,42,42,32,32,4,0,0],"gold":42,"neow_bonus":"THREE_ENEMY_KILL","is_daily":false,"chose_seed":false,"campfire_upgraded":1,"win_rate":0.0,"timestamp":1609628135,"path_taken":["M","M","M","M","$","R","M","PTL","PTL","R","T","?","M","?","E","M","R","BOSS","M","?","?","$","M","M"],"items_purchased_type":["Card","Potion","Relic","Card","Card"],"build_version":"2020-12-22","purchased_purges":0,"victory":false,"max_hp_per_floor":[40,40,40,40,40,40,40,40,40,40,40,40,40,40,47,47,47,47,47,47,47,32,32,32,32,32],"card_choices":[{"not_picked":["Gather the Spring","Open The Fan"],"picked":"Spear of Papilio","floor":1},{"not_picked":["End of Faramita","Immigrant Phantom"],"picked":"Redemption of Death","floor":2},{"not_picked":["Spear of Papilio","All Wander"],"picked":"Gauzy Sakura","floor":3},{"not_picked":["End of Faramita","Snow"],"picked":"Unpaved Way","floor":4},{"not_picked":["Song of Papilio","End of Faramita"],"picked":"Unborn Light","floor":7},{"not_picked":["Full Moon","Reverse The Screen"],"picked":"Trap Lamp","floor":13},{"not_picked":["Unreal","Death Dancing"],"picked":"Ghostdom Sakura","floor":14},{"not_picked":["City of Death","Remain Here"],"picked":"Unborn Light","floor":15},{"not_picked":["Gather the Spring","Gone"],"picked":"Monster Cherry Tree","floor":16},{"not_picked":["Snowing Sakura","Sakura Sakura"],"picked":"The Way to Death","floor":18},{"not_picked":["Gone","All Wander"],"picked":"Sakura Ward","floor":20},{"not_picked":["Serene Spring+1","Ghostdom Sakura"],"picked":"Dancing Soul","floor":24}],"player_experience":320527,"relics_obtained":[{"floor":11,"key":"Ghost Lamp"},{"floor":15,"key":"Strawberry"}],"event_choices":[{"damage_healed":0,"gold_gain":0,"player_choice":"Paid Gold","damage_taken":0,"relics_obtained":["Replay:Bottled Flurry"],"max_hp_gain":0,"max_hp_loss":0,"event_name":"WeMeetAgain","floor":12,"gold_loss":57},{"damage_healed":0,"gold_gain":0,"player_choice":"Became a vampire","damage_taken":0,"max_hp_gain":0,"max_hp_loss":15,"event_name":"Vampires","floor":22,"gold_loss":0,"cards_obtained":["Bite","Bite","Bite","Bite","Bite"]}],"is_beta":false,"boss_relics":[{"not_picked":["Empty Cage","Replay:Wanted Poster"],"picked":"ChewingGum"}],"items_purged_floors":[],"is_endless":false,"potions_floor_spawned":[2,3,4,13,16],"killed_by":"Centurion and Healer","ascension_level":0}}