{"host":"minbhrtlkaoly5f0","time":1609600718,"event":{"mods":["Act Like it!","BaseMod","Colored Map","Colored Powertips","Lobotomy","LobotomyExtend","Luminous","Minty Spire (QoL Compilation)","Quick Restart","StSLib"],"gold_per_floor":[111,131,141,141,159,159,159,159,159,178,178,128,131,165,165,231,231,249,249,267,196,196],"floor_reached":21,"playtime":958,"items_purged":[],"score":181,"play_id":"4499919d-234e-4a75-99a1-92946c1c3302","local_time":"20210102231838","is_ascension_mode":false,"campfire_choices":[],"circlet_count":0,"master_deck":["SpecialBullet","SpecialBullet","SpecialBullet","SpecialBullet","SpecialBullet","SpecialBullet","InformationCode","SecurityCode","RecordCode","FieryBird","Penitence","CherryBlossoms","Wingbeat","Wellcheers","GoldRush","Freischutz","GalaxyChild","Ecstasy","SpiderBud","InTheNameOfLoveAndHate","QueenOfHatred","TheSmile","NakedNest","LifeForTheDareDevil","RitualDagger","ControlCode"],"relics":["CogitoBucket","NeowsBlessing","RabbitCall","LetterFromLob","Matryoshka","TreeSap","Pocketwatch","Black Star"],"acts_visited":["Exordium","TheCity"],"potions_floor_usage":[13,16,18,21],"damage_taken":[{"damage":0,"enemies":"Small Slimes","floor":1,"turns":1},{"damage":0,"enemies":"Jaw Worm","floor":2,"turns":1},{"damage":0,"enemies":"2 Louse","floor":3,"turns":1},{"damage":16,"enemies":"Large Slime","floor":5,"turns":7},{"damage":9,"enemies":"2 Fungi Beasts","floor":10,"turns":3},{"damage":26,"enemies":"3 Louse","floor":13,"turns":9},{"damage":31,"enemies":"3 Sentries","floor":14,"turns":6},{"damage":47,"enemies":"Slime Boss","floor":16,"turns":12},{"damage":23,"enemies":"2 Thieves","floor":18,"turns":4},{"damage":3,"enemies":"Spheric Guardian","floor":20,"turns":3},{"damage":73,"enemies":"Snecko","floor":21,"turns":3}],"seed_played":"2004467657461841158","potions_obtained":[{"floor":1,"key":"Energy Potion"},{"floor":3,"key":"FairyPotion"},{"floor":5,"key":"SkillPotion"},{"floor":16,"key":"Explosive Potion"},{"floor":20,"key":"Block Potion"}],"is_trial":false,"path_per_floor":["M","M","M","?","M","R","?","R","T","M","?","?","M","E","R","B",null,"M","?","M","M"],"character_chosen":"Angela","items_purchased":[],"campfire_rested":0,"item_purchase_floors":[],"current_hp_per_floor":[70,70,70,75,70,70,70,70,70,75,75,75,63,46,46,40,75,75,69,66,0,0],"gold":196,"neow_bonus":"THREE_ENEMY_KILL","is_daily":false,"chose_seed":false,"campfire_upgraded":0,"win_rate":0.0,"timestamp":1609600718,"path_taken":["M","M","M","?","M","R","?","R","T","M","?","?","M","E","R","BOSS","M","?","M","M"],"items_purchased_type":[],"build_version":"2020-12-22","purchased_purges":0,"victory":false,"max_hp_per_floor":[70,70,70,75,75,75,75,75,75,75,75,75,75,75,75,75,75,75,75,75,75,75],"card_choices":[{"not_picked":["OldLady","ShyLook"],"picked":"FieryBird","floor":1},{"not_picked":["MagicBullet"],"picked":"Penitence","floor":1},{"not_picked":["BeautyBeast","Bloodbath"],"picked":"CherryBlossoms","floor":2},{"not_picked":["Regret_ego"],"picked":"Wingbeat","floor":2},{"not_picked":["PunishingBird","Murderer"],"picked":"Wellcheers","floor":3},{"not_picked":["Lantern"],"picked":"GoldRush","floor":3},{"not_picked":["SpiderBud","MHz"],"picked":"Freischutz","floor":5},{"not_picked":["SomewhereSpear","Beak"],"picked":"SKIP","floor":5},{"not_picked":["Alriune","WhitesApple"],"picked":"GalaxyChild","floor":10},{"not_picked":["CUTE"],"picked":"Ecstasy","floor":10},{"not_picked":["Soda","Beak"],"picked":"SKIP","floor":13},{"not_picked":["LittleHelper","OldLady"],"picked":"SpiderBud","floor":14},{"not_picked":["Tough"],"picked":"InTheNameOfLoveAndHate","floor":14},{"not_picked":["LittlePrince","RedShoes"],"picked":"QueenOfHatred","floor":16},{"not_picked":["Adoration"],"picked":"TheSmile","floor":16},{"not_picked":["Alriune","Murderer"],"picked":"NakedNest","floor":18},{"not_picked":["Ecstasy"],"picked":"LifeForTheDareDevil","floor":18},{"not_picked":["FourthMatchFlame","Beak+1"],"picked":"SKIP","floor":20}],"player_experience":23836,"relics_obtained":[{"floor":1,"key":"LetterFromLob"},{"floor":9,"key":"Matryoshka"},{"floor":14,"key":"Pocketwatch"}],"event_choices":[{"damage_healed":0,"gold_gain":0,"player_choice":"Donut","damage_taken":0,"max_hp_gain":5,"max_hp_loss":0,"event_name":"Big Fish","floor":4,"gold_loss":0},{"cards_removed":["SpecialBullet"],"damage_healed":0,"gold_gain":0,"player_choice":"Forget","damage_taken":0,"max_hp_gain":0,"max_hp_loss":0,"event_name":"Living Wall","floor":11,"gold_loss":0},{"cards_removed":["SpecialBullet"],"damage_healed":0,"gold_gain":0,"player_choice":"Card Removal","damage_taken":0,"max_hp_gain":0,"max_hp_loss":0,"event_name":"The Cleric","floor":12,"gold_loss":50},{"damage_healed":0,"gold_gain":0,"player_choice":"Joined the Cult","damage_taken":6,"max_hp_gain":0,"max_hp_loss":0,"event_name":"Nest","floor":19,"gold_loss":0,"cards_obtained":["RitualDagger"]}],"is_beta":false,"boss_relics":[{"not_picked":["Fusion Hammer","Tiny House"],"picked":"Black Star"}],"items_purged_floors":[],"is_endless":false,"potions_floor_spawned":[1,3,5,10,16,20],"killed_by":"Snecko","ascension_level":0}}