{"host":"bp6b47iftb3mluh0","time":1609601031,"event":{"mods":["ATMod(∞¢Ë™Mod)","Act Like it!","Alarm Clock","Aspiration","Astrologer","BaseMod","Bestiary","Better Third Choice","Better Vampires","Challenge The Spire","Colored Powertips","Conspire","Curses Come First","Dota2Spire","Downfall","Friendly Minions","Gensokyo","Hallownest","Hermit","Kiyohime£®«Âºß£©","Lobotomy","LobotomyExtend","Marisa£®ÏF”Í°°ƒß¿Ì…≥£©","Marked Mod","Minty Spire (QoL Compilation)","Quick Restart","Rare Cards Sparkle","Red Circlet Mod","Relic Stats","Remilia£®¿Ÿ√◊¿Ú—«£©","Replay The Spire","Reworked Bosses","Ryuuou¡˙Õı","Shop Mod","Spicy Shops","StSLib","The Bug Knight","Uncapped","Waifu the Spire","Youmu£®ªÍ∆«—˝√Œ£©","vexMod","°æ“≈ŒÔø®≈∆°øREMEMod","≤–¡Ù÷ÆŒÔ"],"gold_per_floor":[111,41,41,41,41,41,41,41,41,51,83,83,83,99,99,24,24,24,53,86,86,86,104,104,104,135,151,166,196,229,73,98,115,144,144,144,209,209,228,228,228,323,323,323,323],"floor_reached":18,"playtime":1122,"items_purged":["Regret","Hallownest:curseDreamersLament"],"score":581,"play_id":"1708ce74-992d-4716-9c4f-1d3ce6441fab","local_time":"20210102232351","daily_mods":["Heirloom","Time Dilation","Flight","downfall:Jewelcrafting","downfall:Lament"],"is_ascension_mode":false,"campfire_choices":[{"data":"Carnage","floor":6.0,"key":"SMITH"},{"data":"PlaceholderMod:HardStrike","floor":7.0,"key":"SMITH"},{"data":"PlaceholderMod:PoisonWhip","floor":8.0,"key":"SMITH"},{"data":"PlaceholderMod:MultiReaction","floor":12.0,"key":"SMITH"},{"data":"PlaceholderMod:CrystallizationStrike","floor":10.0,"key":"SMITH"},{"data":"PlaceholderMod:Hard","floor":15.0,"key":"SMITH"}],"circlet_count":0,"master_deck":["PlaceholderMod:BaseStrike+1","PlaceholderMod:BaseStrike","PlaceholderMod:BaseStrike","PlaceholderMod:BaseStrike+1","PlaceholderMod:BaseStrike","PlaceholderMod:BaseDefend","PlaceholderMod:BaseDefend","PlaceholderMod:BaseDefend","PlaceholderMod:BaseDefend","PlaceholderMod:BaseDefend+1","PlaceholderMod:Crystal+1","PlaceholderMod:PoisonWhip+1","Guardian:ExploitGems+1","Carnage+1","PlaceholderMod:HardStrike+1","PlaceholderMod:MultiReaction+1","Guardian:ExploitGems","Guardian:ExploitGems","Guardian:ExploitGems","Guardian:ExploitGems","PlaceholderMod:Package","PlaceholderMod:CrystallizationStrike+1","PlaceholderMod:HealingAttack","PlaceholderMod:Hard+1","PlaceholderMod:ReactionCatalyze"],"relics":["PlaceholderMod:Tancle","AT_ATBox","Guardian:PickAxe","NeowsBlessing","REME_ComplimentaryCards","vexMod:RetaliationKit","Hallownest:StagBellRelic1","Ring of Hypnosis","ReplayTheSpireMod:Ring of Exchange","Guardian:PocketSentry","Happy Flower","ShedSkin_r","Guardian:PickAxe","NeowsBlessing","aspiration:FrozenJewel","aspiration:StickyExplosives_weak","REME_HourglassOfDeath","aspiration:HiddenCompartment","Dota2Spire:PowerTreads","ReplayTheSpireMod:CursedCoin","MerchantsRug","Guardian:PickAxe","NeowsBlessing","LetterFromLob","AT_ForceNature","CaptainsWheel","Blue Doll","Simple Rune","aspiration:Lifesprig","REME_LimitBreaker","HornCleat","Dota2Spire:RefresherOrb"],"acts_visited":["Hallownest:Greenpath","Gensokyo:Gensokyo"],"potions_floor_usage":[],"damage_taken":[{"damage":0.0,"enemies":"Hallownest:2_Baldur","floor":1.0,"turns":1.0},{"damage":0.0,"enemies":"2_ Uuma","floor":10.0,"turns":1.0},{"damage":0.0,"enemies":"Hallownest:eliteCrystalGuardian","floor":11.0,"turns":1.0},{"damage":0.0,"enemies":"2 Louse","floor":1.0,"turns":1.0},{"damage":0.0,"enemies":"Gremlin Nob","floor":6.0,"turns":1.0},{"damage":0.0,"enemies":"Lagavulin","floor":7.0,"turns":1.0},{"damage":0.0,"enemies":"Jaw Worm","floor":10.0,"turns":2.0},{"damage":0.0,"enemies":"Jaw Worm","floor":1.0,"turns":1.0},{"damage":0.0,"enemies":"2 Louse","floor":2.0,"turns":1.0},{"damage":0.0,"enemies":"conspire:MimicChest","floor":3.0,"turns":1.0},{"damage":0.0,"enemies":"Gremlin Nob","floor":6.0,"turns":4.0},{"damage":0.0,"enemies":"Cultist","floor":7.0,"turns":2.0},{"damage":0.0,"enemies":"Lagavulin","floor":8.0,"turns":4.0},{"damage":0.0,"enemies":"3 Sentries","floor":11.0,"turns":4.0},{"damage":0.0,"enemies":"3 Louse","floor":13.0,"turns":2.0},{"damage":0.0,"enemies":"Slime Boss","floor":16.0,"turns":5.0},{"damage":0,"enemies":"Gensokyo:2_Kodama","floor":18,"turns":1}],"seed_played":"7495444701234948160","potions_obtained":[{"floor":1.0,"key":"Adrenaline Potion"},{"floor":10.0,"key":"CultistPotion"},{"floor":11.0,"key":"PlaceholderMod:PlaceholderPotion"},{"floor":7.0,"key":"REME_GoldPotion"},{"floor":6.0,"key":"Ancient Potion"},{"floor":8.0,"key":"Dota2Spire:Clarity"},{"floor":11.0,"key":"Toxic Potion"}],"is_trial":true,"path_per_floor":["M","?","?","?","?","R","R","R","T","M","E","R","R","E","M","?","$","T","?","E","E","?","T","M","$","R","$","E","M","M","?","?","$","E","M","E","T","R","?","R","M","?","R","B",null,"M"],"character_chosen":"THE_PLACEHOLDER","items_purchased":["ReplayTheSpireMod:CursedCoin","MerchantsRug","Blue Doll"],"campfire_rested":0,"item_purchase_floors":[13,13,5],"current_hp_per_floor":[78,78,78,78,78,78,78,78,78,78,78,78,78,78,78,78,78,71,71,71,64,64,64,64,64,64,78,78,78,59,59,59,59,59,59,59,59,59,59,59,59,66,78,78,78],"gold":323,"neow_bonus":"","is_daily":false,"chose_seed":false,"campfire_upgraded":6,"win_rate":0.0,"timestamp":1609601031,"path_taken":["?","?","?","?","?","R","R","R","T","?","E","R","R","E","M","?","$","?","?","E","E","?","T","?","?","R","$","E","M","M","?","?","$","E","?","E","T","R","?","R","M","?","R","BOSS","M"],"items_purchased_type":["Relic","Relic","Relic"],"build_version":"2020-12-22","purchased_purges":2,"victory":false,"max_hp_per_floor":[78,78,78,78,78,78,78,78,78,78,78,78,78,78,78,78,78,78,78,78,78,78,78,78,78,78,78,78,78,78,78,78,78,78,78,78,78,78,78,78,78,78,78,78,78],"relic_stats":{"Happy Flower":[10],"counters":[17,31],"obtain_stats":[{"PlaceholderMod:Tancle":0,"ReplayTheSpireMod:Ring of Exchange":4,"Hallownest:StagBellRelic1":2,"Dota2Spire:PowerTreads":8,"aspiration:Lifesprig":8,"AT_ATBox":0,"Blue Doll":5,"Dota2Spire:RefresherOrb":17,"aspiration:StickyExplosives_weak":4,"Guardian:PickAxe":0,"HornCleat":11,"vexMod:RetaliationKit":0,"AT_GuinsooRageblade":9,"AT_ForceNature":3,"MerchantsRug":13,"NeowsBlessing":0,"Ring of Hypnosis":4,"Happy Flower":11,"ReplayTheSpireMod:CursedCoin":13,"Guardian:PocketSentry":9,"REME_LimitBreaker":9,"aspiration:HiddenCompartment":7,"aspiration:FrozenJewel":2,"CaptainsWheel":4,"REME_HourglassOfDeath":6,"Simple Rune":6,"LetterFromLob":1,"ShedSkin_r":14,"REME_ComplimentaryCards":0},{"PlaceholderMod:Tancle":0,"ReplayTheSpireMod:Ring of Exchange":1,"Hallownest:StagBellRelic1":1,"Dota2Spire:PowerTreads":6,"aspiration:Lifesprig":13,"AT_ATBox":0,"Blue Doll":10,"Dota2Spire:RefresherOrb":16,"aspiration:StickyExplosives_weak":4,"Guardian:PickAxe":0,"HornCleat":14,"vexMod:RetaliationKit":0,"AT_GuinsooRageblade":6,"AT_ForceNature":10,"MerchantsRug":7,"NeowsBlessing":0,"Ring of Hypnosis":1,"Happy Flower":3,"ReplayTheSpireMod:CursedCoin":7,"Guardian:PocketSentry":1,"REME_LimitBreaker":13,"aspiration:HiddenCompartment":6,"aspiration:FrozenJewel":4,"CaptainsWheel":10,"REME_HourglassOfDeath":5,"Simple Rune":11,"LetterFromLob":1,"ShedSkin_r":3,"REME_ComplimentaryCards":0},{"PlaceholderMod:Tancle":0,"ReplayTheSpireMod:Ring of Exchange":1,"Hallownest:StagBellRelic1":1,"Dota2Spire:PowerTreads":6,"aspiration:Lifesprig":20,"AT_ATBox":0,"Blue Doll":11,"Dota2Spire:RefresherOrb":31,"aspiration:StickyExplosives_weak":4,"Guardian:PickAxe":0,"HornCleat":24,"vexMod:RetaliationKit":0,"AT_GuinsooRageblade":6,"AT_ForceNature":11,"MerchantsRug":8,"NeowsBlessing":0,"Ring of Hypnosis":1,"Happy Flower":3,"ReplayTheSpireMod:CursedCoin":8,"Guardian:PocketSentry":1,"REME_LimitBreaker":20,"aspiration:HiddenCompartment":6,"aspiration:FrozenJewel":4,"CaptainsWheel":11,"REME_HourglassOfDeath":5,"Simple Rune":14,"LetterFromLob":1,"ShedSkin_r":3,"REME_ComplimentaryCards":0}]},"card_choices":[{"not_picked":["PlaceholderMod:AngryAttack","PlaceholderMod:HardStinger"],"picked":"PlaceholderMod:HardStrike","floor":1.0},{"not_picked":["PlaceholderMod:SevereHeat","PlaceholderMod:StrongAcid","PlaceholderMod:AttackAsDefend"],"picked":"SKIP","floor":10.0},{"not_picked":["PlaceholderMod:OHStrongAttack","PlaceholderMod:Internalization"],"picked":"PlaceholderMod:MultiReaction","floor":11.0},{"not_picked":["PlaceholderMod:CycleAttack","PlaceholderMod:PoisonAbsorb","PlaceholderMod:PoisonExcitation"],"picked":"SKIP","floor":1.0},{"not_picked":["PlaceholderMod:SubstitutionNucleophilic1","PlaceholderMod:Hyperplasia","PlaceholderMod:StrongAcid"],"picked":"SKIP","floor":6.0},{"not_picked":["PlaceholderMod:HornyBlast","PlaceholderMod:Break","PlaceholderMod:AttackAsDefend"],"picked":"SKIP","floor":7.0},{"not_picked":["PlaceholderMod:ParasiteChange","PlaceholderMod:AngryAttack","PlaceholderMod:DirectingGroup"],"picked":"SKIP","floor":10.0},{"not_picked":["PlaceholderMod:HardStinger","PlaceholderMod:SubstitutionNucleophilic1","PlaceholderMod:DirectingGroup"],"picked":"SKIP","floor":1.0},{"not_picked":["PlaceholderMod:PoisonExcitation","PlaceholderMod:UnpureUse","PlaceholderMod:HardStinger"],"picked":"SKIP","floor":2.0},{"not_picked":["PlaceholderMod:StressReaction","PlaceholderMod:HornyBlast"],"picked":"PlaceholderMod:Package","floor":3.0},{"not_picked":["PlaceholderMod:SubstitutionNucleophilic1","PlaceholderMod:StressReaction"],"picked":"PlaceholderMod:CrystallizationStrike","floor":6.0},{"not_picked":["PlaceholderMod:StrongAcid","PlaceholderMod:ChainPoly","PlaceholderMod:HardStinger"],"picked":"SKIP","floor":7.0},{"not_picked":["PlaceholderMod:RadicalHit","PlaceholderMod:Stratification","PlaceholderMod:Corrosion"],"picked":"SKIP","floor":8.0},{"not_picked":["PlaceholderMod:HighConcentration","PlaceholderMod:ParasiteChange"],"picked":"PlaceholderMod:HealingAttack","floor":11.0},{"not_picked":["PlaceholderMod:Stratification","PlaceholderMod:Stable"],"picked":"PlaceholderMod:Hard","floor":13.0},{"not_picked":["PlaceholderMod:DiffusionPoison","PlaceholderMod:BlastSpray"],"picked":"PlaceholderMod:ReactionCatalyze","floor":16.0}],"player_experience":196875,"relics_obtained":[{"floor":1.0,"key":"LetterFromLob"},{"floor":4.0,"key":"Ring of Hypnosis"},{"floor":4.0,"key":"ReplayTheSpireMod:Ring of Exchange"},{"floor":9.0,"key":"Guardian:PocketSentry"},{"floor":11.0,"key":"Happy Flower"},{"floor":1.0,"key":"LetterFromLob"},{"floor":4.0,"key":"aspiration:StickyExplosives_weak"},{"floor":6.0,"key":"REME_HourglassOfDeath"},{"floor":7.0,"key":"aspiration:HiddenCompartment"},{"floor":9.0,"key":"AT_GuinsooRageblade"},{"floor":1.0,"key":"LetterFromLob"},{"floor":3.0,"key":"AT_ForceNature"},{"floor":4.0,"key":"CaptainsWheel"},{"floor":6.0,"key":"Simple Rune"},{"floor":8.0,"key":"aspiration:Lifesprig"},{"floor":9.0,"key":"REME_LimitBreaker"},{"floor":11.0,"key":"HornCleat"}],"event_choices":[{"damage_healed":0.0,"max_hp_gain":0.0,"max_hp_loss":0.0,"gold_gain":0.0,"event_name":"Big Fish","player_choice":"Box","floor":2.0,"gold_loss":0.0,"damage_taken":0.0,"relics_obtained":["aspiration:FrozenJewel"],"cards_obtained":["Regret"]},{"cards_removed":["Dazed"],"damage_healed":0.0,"max_hp_gain":0.0,"max_hp_loss":0.0,"gold_gain":0.0,"event_name":"Golden Wing","player_choice":"Card Removal","floor":5.0,"gold_loss":0.0,"damage_taken":7.0},{"damage_healed":0.0,"max_hp_gain":0.0,"max_hp_loss":0.0,"gold_gain":0.0,"event_name":"betterThird:BetterScrap","player_choice":"Relic ","floor":8.0,"gold_loss":0.0,"damage_taken":7.0,"cards_obtained":["Static Discharge"]},{"damage_healed":0.0,"max_hp_gain":0.0,"max_hp_loss":0.0,"gold_gain":30.0,"event_name":"Dead Adventurer","player_choice":"Searched \u00272\u0027 times","floor":11.0,"gold_loss":0.0,"damage_taken":0.0}],"is_beta":false,"boss_relics":[{"not_picked":["conspire:SpecialSausage","conspire:RunicOctahedron"],"picked":"Dota2Spire:RefresherOrb"}],"items_purged_floors":[3,13],"is_endless":true,"potions_floor_spawned":[1,10,11,1,7,6,8,11,13,16],"killed_by":"Gensokyo:2_Kodama","ascension_level":0}}