{"host":"sum4dy402bbv9y4o","time":1609606894,"event":{"mods":["Aspiration","BaseMod","Conspire","Highlight Path","Minty Spire (QoL Compilation)","StSLib"],"gold_per_floor":[115,115,11,11,36,72,72,113,113,129,129,29,45,88,88,178,178,192,192,32,32,51,51,90,90,90,129,142,142,142],"floor_reached":29,"playtime":1038,"items_purged":["Injury","Defend_B"],"score":608,"play_id":"4b373741-93ea-4ead-89e0-445c5cfb1b48","local_time":"20210102200134","is_ascension_mode":true,"campfire_choices":[{"data":"Dualcast","floor":7,"key":"SMITH"},{"data":"Defragment","floor":15,"key":"SMITH"},{"data":"Redo","floor":23,"key":"SMITH"},{"data":"Defragment","floor":25,"key":"SMITH"}],"circlet_count":0,"master_deck":["AscendersBane","Strike_B","Strike_B","Defend_B","Defend_B","Zap","Dualcast+1","Ball Lightning","Conserve Battery","Masterful Stab","Blur","Chill","Gash","Defragment+1","Capacitor","Fission","Streamline","Electrodynamics","Redo+1","Defragment+1","Go for the Eyes+1","Core Surge","Melter"],"relics":["Cracked Core","aspiration:Nostalgia","Ring of the Snake","Golden Idol","Strawberry","Cables","HornCleat","Nunchaku","conspire:SpecialSausage","Runic Capacitor","Gremlin Horn","Eternal Feather","Bottled Flame"],"acts_visited":["Exordium","TheCity"],"potions_floor_usage":[8,14,24],"damage_taken":[{"damage":4,"enemies":"Small Slimes","floor":1,"turns":3},{"damage":0,"enemies":"Jaw Worm","floor":5,"turns":3},{"damage":1,"enemies":"3 Sentries","floor":6,"turns":6},{"damage":6,"enemies":"Lagavulin","floor":8,"turns":5},{"damage":0,"enemies":"2 Louse","floor":10,"turns":2},{"damage":0,"enemies":"Exordium Wildlife","floor":13,"turns":3},{"damage":0,"enemies":"3 Sentries","floor":14,"turns":5},{"damage":22,"enemies":"Hexaghost","floor":16,"turns":8},{"damage":7,"enemies":"3 Byrds","floor":18,"turns":2},{"damage":0,"enemies":"Chosen","floor":22,"turns":3},{"damage":5,"enemies":"Slavers","floor":24,"turns":4},{"damage":34,"enemies":"Book of Stabbing","floor":27,"turns":5},{"damage":17,"enemies":"Snake Plant","floor":28,"turns":4},{"damage":34,"enemies":"Slavers","floor":29,"turns":1}],"seed_played":"8802584456471086537","potions_obtained":[{"floor":5,"key":"SpeedPotion"},{"floor":13,"key":"AttackPotion"},{"floor":18,"key":"Fire Potion"},{"floor":27,"key":"SteroidPotion"}],"is_trial":false,"path_per_floor":["M","?","$","?","M","E","R","E","T","M","?","$","M","E","R","B",null,"M","?","$","?","M","R","E","R","T","E","M","E"],"character_chosen":"DEFECT","items_purchased":["Conserve Battery","Runic Capacitor"],"campfire_rested":0,"item_purchase_floors":[3,20],"current_hp_per_floor":[60,60,60,60,60,66,66,60,60,60,60,60,60,60,60,38,68,61,61,61,78,78,78,73,73,73,39,22,0,0],"gold":142,"neow_bonus":"NOSTALGIA","is_daily":false,"chose_seed":false,"campfire_upgraded":4,"win_rate":0.0,"timestamp":1609606894,"path_taken":["M","?","$","?","M","E","R","E","T","M","?","?","?","E","R","BOSS","M","?","$","?","M","R","E","R","T","E","M","E"],"items_purchased_type":["Card","Relic"],"build_version":"2020-12-22","purchased_purges":2,"victory":false,"max_hp_per_floor":[71,71,71,71,71,78,78,78,78,78,78,78,78,78,78,78,78,78,78,78,78,78,78,78,78,78,78,78,78,78],"card_choices":[{"not_picked":["Compile Driver","Cold Snap"],"picked":"Ball Lightning","floor":1},{"not_picked":["Leap","Sweeping Beam"],"picked":"Chill","floor":5},{"not_picked":["Steam","Consume"],"picked":"Gash","floor":6},{"not_picked":["Leap","Rebound"],"picked":"Defragment","floor":8},{"not_picked":["Ball Lightning","Sunder"],"picked":"Capacitor","floor":10},{"not_picked":["Sweeping Beam","Go for the Eyes"],"picked":"Fission","floor":13},{"not_picked":["Recycle","Turbo"],"picked":"Streamline","floor":14},{"not_picked":["Hyperbeam","All For One"],"picked":"Electrodynamics","floor":16},{"not_picked":["Leap","Sweeping Beam"],"picked":"Redo","floor":18},{"not_picked":["conspire:Rain+1","Stack+1"],"picked":"Go for the Eyes+1","floor":22},{"not_picked":["Coolheaded","Sweeping Beam"],"picked":"Core Surge","floor":24},{"not_picked":["Loop","Force Field+1"],"picked":"Melter","floor":27},{"not_picked":["Redo","Streamline","Conserve Battery"],"picked":"SKIP","floor":28}],"player_experience":2889343,"relics_obtained":[{"floor":6,"key":"Strawberry"},{"floor":8,"key":"Cables"},{"floor":9,"key":"HornCleat"},{"floor":14,"key":"Nunchaku"},{"floor":24,"key":"Gremlin Horn"},{"floor":26,"key":"Eternal Feather"},{"floor":27,"key":"Bottled Flame"}],"event_choices":[{"damage_healed":0,"gold_gain":0,"player_choice":"Take Wound","damage_taken":0,"relics_obtained":["Golden Idol"],"max_hp_gain":0,"max_hp_loss":0,"event_name":"Golden Idol","floor":2,"gold_loss":0,"cards_obtained":["Injury"]},{"damage_healed":0,"gold_gain":0,"player_choice":"Ignored","damage_taken":0,"max_hp_gain":0,"max_hp_loss":0,"event_name":"Liars Game","floor":11,"gold_loss":0},{"damage_healed":0,"gold_gain":0,"player_choice":"Read","damage_taken":0,"max_hp_gain":0,"max_hp_loss":0,"event_name":"The Library","floor":19,"gold_loss":0,"cards_obtained":["Defragment"]},{"cards_removed":["Eviscerate"],"damage_healed":17,"gold_gain":0,"player_choice":"Offered Uncommon","damage_taken":0,"max_hp_gain":0,"max_hp_loss":0,"event_name":"Bonfire Elementals","floor":21,"gold_loss":0}],"is_beta":false,"boss_relics":[{"not_picked":["conspire:RunicOctahedron","SacredBark"],"picked":"conspire:SpecialSausage"}],"items_purged_floors":[3,12],"is_endless":false,"potions_floor_spawned":[5,13,18,27],"killed_by":"Slavers","ascension_level":20}}