{"host":"l60rmjjsfi0fipmi","time":1609616265,"event":{"mods":["BaseMod","Colored Map","DeckTracker","Highlight Path","Minty Spire (QoL Compilation)"],"gold_per_floor":[109,121,121,141,159,159,176,176,176,176,195,51,68,80,80,181,181,191,204,103,115,15,15,15],"floor_reached":23,"playtime":2669,"items_purged":["Strike_B","Defend_B"],"score":287,"play_id":"89b5b42c-6093-47e8-bc52-fcac8e05d7de","local_time":"20210102143745","is_ascension_mode":false,"campfire_choices":[{"data":"Zap","floor":6,"key":"SMITH"},{"floor":10,"key":"REST"},{"floor":15,"key":"REST"}],"circlet_count":0,"master_deck":["Strike_B+1","Strike_B","Defend_B","Defend_B","Defend_B","Zap+1","Dualcast","Biased Cognition","Undo","Conserve Battery+1","Compile Driver","Fusion","Sweeping Beam","Leap","Hello World","Ball Lightning","Conserve Battery","Redo","Capacitor","Self Repair","Cold Snap","Creative AI","Rebound","Go for the Eyes+1","Hologram","Capacitor"],"relics":["Cracked Core","Sundial","Orrery","SlaversCollar"],"acts_visited":["TheCity"],"potions_floor_usage":[16,23,23],"damage_taken":[{"damage":1,"enemies":"Jaw Worm","floor":1,"turns":3},{"damage":0,"enemies":"Small Slimes","floor":2,"turns":4},{"damage":1,"enemies":"2 Louse","floor":4,"turns":3},{"damage":17,"enemies":"Exordium Thugs","floor":5,"turns":6},{"damage":10,"enemies":"3 Louse","floor":7,"turns":4},{"damage":2,"enemies":"Blue Slaver","floor":11,"turns":4},{"damage":9,"enemies":"Lots of Slimes","floor":13,"turns":3},{"damage":6,"enemies":"3 Louse","floor":14,"turns":3},{"damage":4,"enemies":"Hexaghost","floor":16,"turns":10},{"damage":43,"enemies":"3 Byrds","floor":18,"turns":6},{"damage":14,"enemies":"Shell Parasite","floor":19,"turns":7},{"damage":19,"enemies":"Snecko","floor":21,"turns":8},{"damage":22,"enemies":"Gremlin Leader","floor":23,"turns":7}],"seed_played":"-4807707579302909859","potions_obtained":[{"floor":2,"key":"BlessingOfTheForge"},{"floor":5,"key":"SkillPotion"},{"floor":11,"key":"Fire Potion"},{"floor":19,"key":"CultistPotion"}],"is_trial":false,"path_per_floor":["M","M","?","M","M","R","M","?","T","R","M","$","M","M","R","B",null,"M","M","$","M","$","E"],"character_chosen":"DEFECT","items_purchased":["Orrery","Hologram"],"campfire_rested":2,"item_purchase_floors":[12,20],"current_hp_per_floor":[74,74,67,66,49,49,39,24,24,46,44,44,35,29,51,54,75,39,32,32,20,20,0,0],"gold":15,"neow_bonus":"ONE_RANDOM_RARE_CARD","is_daily":false,"chose_seed":false,"campfire_upgraded":1,"win_rate":0.0,"timestamp":1609616265,"path_taken":["M","M","?","M","M","R","M","?","T","R","M","$","M","M","R","BOSS","M","M","$","M","$","E"],"items_purchased_type":["Relic","Card"],"build_version":"2020-12-22","purchased_purges":2,"victory":false,"max_hp_per_floor":[75,75,75,75,75,75,75,75,75,75,75,75,75,75,75,75,75,75,75,75,75,75,75,75],"card_choices":[{"not_picked":["Coolheaded","Barrage"],"picked":"Undo","floor":1},{"not_picked":["Undo","Aggregate"],"picked":"Conserve Battery","floor":2},{"not_picked":["Steam Power","Redo"],"picked":"Compile Driver","floor":4},{"not_picked":["Barrage","Reinforced Body"],"picked":"Fusion","floor":5},{"not_picked":["Turbo","Meteor Strike"],"picked":"Sweeping Beam","floor":7},{"not_picked":["Rebound","Steam"],"picked":"Leap","floor":11},{"not_picked":["Sunder","Amplify"],"picked":"Hello World","floor":12},{"not_picked":["BootSequence","Double Energy"],"picked":"Ball Lightning","floor":12},{"not_picked":["Aggregate","Scrape"],"picked":"Conserve Battery","floor":12},{"not_picked":["Auto Shields","Barrage"],"picked":"Redo","floor":12},{"not_picked":["Lockon","Blizzard"],"picked":"Capacitor","floor":12},{"not_picked":["All For One","Blizzard"],"picked":"Self Repair","floor":13},{"not_picked":["Leap","Beam Cell"],"picked":"Cold Snap","floor":14},{"not_picked":["Machine Learning","Hyperbeam"],"picked":"Creative AI","floor":16},{"not_picked":["Static Discharge+1","Force Field"],"picked":"Rebound","floor":18},{"not_picked":["Coolheaded+1","Chill"],"picked":"Go for the Eyes+1","floor":19},{"not_picked":["Static Discharge","Force Field"],"picked":"Capacitor","floor":21}],"player_experience":185994,"relics_obtained":[{"floor":9,"key":"Sundial"}],"event_choices":[{"cards_removed":["Strike_B"],"damage_healed":0,"gold_gain":0,"player_choice":"Card Removal","damage_taken":7,"max_hp_gain":0,"max_hp_loss":0,"event_name":"Golden Wing","floor":3,"gold_loss":0},{"damage_healed":0,"gold_gain":0,"player_choice":"Entered Light","damage_taken":15,"max_hp_gain":0,"max_hp_loss":0,"event_name":"Shining Light","floor":8,"gold_loss":0,"cards_upgraded":["Conserve Battery","Strike_B"]}],"is_beta":false,"boss_relics":[{"not_picked":["Velvet Choker","Runic Dome"],"picked":"SlaversCollar"}],"items_purged_floors":[20,22],"is_endless":false,"potions_floor_spawned":[2,5,11,14,19],"killed_by":"Gremlin Leader","ascension_level":0}}