{"host":"svpf8ox5nbfhmg6q","time":1609569758,"event":{"mods":["2.2 Compatiblity","AchievementEnabler","BaseMod","Beaked The Cultist","Better Third Choice","Colored Powertips","Hermit","Highlight Path","Minty Spire (QoL Compilation)","Quick Restart","Random Character Button","Rare Cards Sparkle","Shop Mod","Spicy Shops","StSLib","The Animator","The Disciple","The Hierophant","The Kombatant","The Runesmith","The Saiyan","Uncapped","Waifu the Spire"],"gold_per_floor":[369,385,88,163,163,163,196,196,221,251,251,262,262,287,287,382,382,399,399,424,334,350,350,350],"floor_reached":23,"playtime":1928,"items_purged":["Strike_B"],"score":215,"play_id":"2cfa26c2-9b24-448d-8d95-70d483381b21","local_time":"20210102004238","is_ascension_mode":true,"campfire_choices":[{"floor":6,"key":"REST"},{"floor":8,"key":"REST"},{"data":"Judgement","floor":15,"key":"SMITH"}],"circlet_count":0,"master_deck":["Defend_B","Defend_B","Defend_B","Defend_B","Zap+1","Dualcast","Static Discharge","Redo","Melter+1","Static Discharge","Glacier","Defragment","Echo Form","Heatsinks","Judgement+1","Seek+1","Buffer","Beam Cell","Gash","Aggregate"],"relics":["Cracked Core","Blood Vial","Whetstone","Bag of Marbles","MealTicket","Pear","Empty Cage","Anchor","Red Mask"],"acts_visited":["TheCity"],"potions_floor_usage":[10,14],"damage_taken":[{"damage":6.0,"enemies":"Cultist","floor":1.0,"turns":3.0},{"damage":14.0,"enemies":"2 Louse","floor":2.0,"turns":3.0},{"damage":18,"enemies":"Lagavulin","floor":7,"turns":7},{"damage":2,"enemies":"3 Sentries","floor":10,"turns":8},{"damage":0,"enemies":"Small Slimes","floor":12,"turns":3},{"damage":39,"enemies":"Gremlin Nob","floor":14,"turns":5},{"damage":26,"enemies":"Slime Boss","floor":16,"turns":8},{"damage":17,"enemies":"Chosen","floor":18,"turns":4},{"damage":25,"enemies":"Masked Bandits","floor":20,"turns":3},{"damage":22,"enemies":"3 Byrds","floor":22,"turns":3},{"damage":28,"enemies":"Slavers","floor":23,"turns":4}],"seed_played":"-2684140209571515951","potions_obtained":[{"floor":7,"key":"SkillPotion"},{"floor":10,"key":"ColorlessPotion"},{"floor":14,"key":"Dexterity Potion"}],"is_trial":false,"path_per_floor":["M","M","$","?","?","R","E","R","T","E","?","M","?","E","R","B",null,"M","?","?","?","M","E"],"character_chosen":"DEFECT","items_purchased":["Melter","Static Discharge","Glacier"],"campfire_rested":2,"item_purchase_floors":[3,3,3],"current_hp_per_floor":[48,34,34,23,23,45,27,49,49,49,75,75,61,34,34,10,85,68,68,45,45,25,0,0],"gold":350,"neow_bonus":"TWO_FIFTY_GOLD","is_daily":false,"chose_seed":false,"campfire_upgraded":1,"win_rate":0.0,"timestamp":1609569758,"path_taken":["M","?","$","?","?","R","E","R","T","E","?","?","?","E","R","BOSS","M","?","?","?","M","E"],"items_purchased_type":["Card","Card","Card"],"build_version":"2020-12-22","purchased_purges":1,"victory":false,"max_hp_per_floor":[75,75,75,75,75,75,75,75,75,75,75,75,75,85,85,85,85,85,85,85,85,85,85,85],"card_choices":[{"not_picked":["Gash","Beam Cell"],"picked":"Static Discharge","floor":1.0},{"not_picked":["Auto Shields","Steam"],"picked":"Redo","floor":2.0},{"not_picked":["Darkness","Melter"],"picked":"Defragment","floor":7},{"not_picked":["Steam","Reinforced Body"],"picked":"Echo Form","floor":10},{"not_picked":["Sweeping Beam","FTL"],"picked":"Heatsinks","floor":12},{"not_picked":["Streamline","Hologram"],"picked":"Seek","floor":14},{"not_picked":["Thunder Strike","Reboot"],"picked":"Buffer","floor":16},{"not_picked":["Sweeping Beam","Rip and Tear"],"picked":"Beam Cell","floor":18},{"not_picked":["Cold Snap","Go for the Eyes"],"picked":"Gash","floor":20},{"not_picked":["Steam Power","Barrage"],"picked":"Aggregate","floor":22}],"player_experience":91323,"relics_obtained":[{"floor":7,"key":"Blood Vial"},{"floor":9,"key":"Whetstone"},{"floor":10,"key":"Bag of Marbles"},{"floor":14,"key":"Pear"},{"floor":20,"key":"Red Mask"}],"event_choices":[{"damage_healed":0,"gold_gain":75,"player_choice":"Gold","damage_taken":11,"max_hp_gain":0,"max_hp_loss":0,"event_name":"betterThird:BetterGoop","floor":4,"gold_loss":0},{"damage_healed":0,"gold_gain":0,"player_choice":"Grow","damage_taken":0,"max_hp_gain":0,"max_hp_loss":0,"event_name":"Living Wall","floor":5,"gold_loss":0,"cards_upgraded":["Zap"]},{"damage_healed":26,"gold_gain":0,"player_choice":"Full Heal","damage_taken":0,"max_hp_gain":0,"max_hp_loss":0,"event_name":"Wheel of Change","floor":11,"gold_loss":0},{"damage_healed":0,"gold_gain":0,"player_choice":"Opened","damage_taken":0,"relics_obtained":["Anchor"],"max_hp_gain":0,"max_hp_loss":0,"event_name":"The Mausoleum","floor":19,"gold_loss":0},{"damage_healed":0,"gold_gain":0,"player_choice":"Fought Bandits","damage_taken":0,"max_hp_gain":0,"max_hp_loss":0,"event_name":"Masked Bandits","floor":20,"gold_loss":0},{"cards_removed":["Strike_B"],"damage_healed":0,"gold_gain":0,"player_choice":"Upgrade and Remove","damage_taken":0,"max_hp_gain":0,"max_hp_loss":0,"event_name":"Designer","floor":21,"gold_loss":90,"cards_upgraded":["Seek"]}],"is_beta":false,"boss_relics":[{"not_picked":["Tiny House","Ectoplasm"],"picked":"Empty Cage"}],"items_purged_floors":[3],"is_endless":false,"potions_floor_spawned":[7,10,14],"killed_by":"Slavers","ascension_level":1}}