{"host":"cgaibh95wzkurumv","time":1609607390,"event":{"mods":["BaseMod","Minty Spire (QoL Compilation)","Replay The Spire","StSLib","The Runesmith"],"gold_per_floor":[147,147,195,0,0,0,25,82,106,181,271,271,361,83,83,377,377,395,395,85,85,85,181,181,181,181,238,85,190,190,223,223,535,535,580,580,423,423,13,97,199,475,475,475,475,31,64,64,64,64],"floor_reached":51,"playtime":1714,"items_purged":["Runesmith:Strike_RS","Delirium","Runesmith:Strike_RS"],"score":866,"play_id":"f2a8b686-e2ae-444c-996e-9a91c28e8453","local_time":"20210102140950","daily_mods":["Heirloom","Flight","Midas"],"is_ascension_mode":false,"campfire_choices":[{"floor":24,"key":"REST"},{"floor":25,"key":"REST"},{"floor":44,"key":"REST"},{"data":"Pot Of Greed","floor":49,"key":"PURGE"}],"circlet_count":0,"master_deck":["Runesmith:Strike_RS","Runesmith:Strike_RS","Runesmith:Defend_RS","Runesmith:Defend_RS","Runesmith:Defend_RS","Runesmith:Defend_RS","Runesmith:CraftFirestone","Runesmith:Fortify","Runesmith:HammerAndChisel+1","Runesmith:HeatedChisel","Runesmith:Firestorm+1","Runesmith:OneForEveryone","Runesmith:CraftMagma","Runesmith:CreatorForm+1","Pot Of Greed+1","Pot Of Greed","Runesmith:HeatedChisel+1","Runesmith:GenerateForcefield+1","Runesmith:CraftIncendium+1","Runesmith:CraftVitae","Runesmith:LithiumIon","Runesmith:FissionHammer+1","Runesmith:RuneHurl+1","Runesmith:Permafrost+1","Runesmith:EarthShield+1","Runesmith:HammerThrow+1"],"relics":["Runesmith:BrokenRuby","Torii","BargainBundle","Ring of Panic","Runesmith:MiniCore","Simple Rune","Blue Doll","Pet Ghost","Grinning Jar","Sozu","Lizard Tail","Divine Protection","Incense Burner","HandDrill","Chameleon Ring","Runesmith:UraniumAnvil","Orichalcum","Mango","Golden Egg","Dream Catcher","Bottled Tornado","Guide Book","ReplayTheSpireMod:TigerMarble","Centennial Puzzle"],"acts_visited":["Exordium","TheCity","TheBeyond"],"potions_floor_usage":[11,13,13,50],"damage_taken":[{"damage":1,"enemies":"Cultist","floor":1,"turns":4},{"damage":0,"enemies":"Jaw Worm","floor":3,"turns":2},{"damage":0,"enemies":"2 Louse","floor":8,"turns":1},{"damage":1,"enemies":"Replay:BlueRogue","floor":11,"turns":5},{"damage":19,"enemies":"3 Sentries","floor":13,"turns":7},{"damage":16,"enemies":"The Guardian","floor":16,"turns":7},{"damage":7,"enemies":"2 Thieves","floor":18,"turns":4},{"damage":7,"enemies":"Book of Stabbing","floor":23,"turns":5},{"damage":0,"enemies":"Chosen","floor":27,"turns":4},{"damage":0,"enemies":"Replay:Snechameleon","floor":29,"turns":5},{"damage":0,"enemies":"Centurion and Healer","floor":31,"turns":4},{"damage":20,"enemies":"Champ","floor":33,"turns":10},{"damage":11,"enemies":"3 Shapes","floor":35,"turns":5},{"damage":1,"enemies":"R_Hoarder","floor":40,"turns":8},{"damage":0,"enemies":"Giant Head","floor":41,"turns":10},{"damage":0,"enemies":"Orb Walker","floor":47,"turns":3},{"damage":43,"enemies":"Time Eater","floor":50,"turns":12}],"seed_played":"6017745733020359376","potions_obtained":[{"floor":1,"key":"Strength Potion"},{"floor":3,"key":"AttackPotion"},{"floor":16,"key":"DistilledChaos"}],"is_trial":true,"path_per_floor":["M","?","M","$","?","?","T","M","T","?","E","?","E","$","R","B",null,"M","?","$","?","?","E","R","R","T","M","$","E","?","M","R","B",null,"M","?","$","?","$","E","E","?","T","R","R","$","M","?","R","B",null],"character_chosen":"RUNESMITH_CLASS","items_purchased":["BargainBundle","Runesmith:Firestorm","Fire Potion","Runesmith:OneForEveryone","Grinning Jar","Runesmith:HeatedChisel+1","Lizard Tail","HandDrill","Orichalcum","Mango","Guide Book","ReplayTheSpireMod:TigerMarble","Centennial Puzzle"],"campfire_rested":3,"item_purchase_floors":[4,4,4,4,14,14,20,28,37,39,46,46,46],"current_hp_per_floor":[69,69,69,69,69,69,69,69,69,58,57,57,38,38,59,43,70,63,63,63,50,50,43,65,75,75,75,75,75,75,75,75,55,75,64,64,64,64,78,80,80,45,45,71,71,71,71,71,71,28],"gold":64,"neow_bonus":"","is_daily":false,"chose_seed":false,"campfire_upgraded":0,"win_rate":0.0,"timestamp":1609607390,"path_taken":["M","?","?","?","?","?","?","?","T","?","E","?","E","$","R","BOSS","M","?","$","?","?","E","R","R","T","?","$","E","?","M","R","BOSS","M","?","$","?","$","E","E","?","T","R","R","$","?","?","R","BOSS"],"items_purchased_type":["Relic","Card","Potion","Card","Relic","Card","Relic","Relic","Relic","Relic","Relic","Relic","Relic"],"build_version":"2020-12-22","purchased_purges":3,"victory":true,"max_hp_per_floor":[70,70,70,70,70,70,70,70,70,70,70,70,70,70,70,70,70,70,70,70,75,75,75,75,75,75,75,75,75,75,75,75,75,75,75,75,75,75,89,89,89,89,89,89,89,89,89,89,89,89],"card_choices":[{"not_picked":["Runesmith:GoWithTheFlow","Runesmith:CraftSpiculum"],"picked":"Runesmith:HammerAndChisel","floor":1},{"not_picked":["Runesmith:StaticCage","Runesmith:NegativeSpace"],"picked":"Runesmith:HeatedChisel","floor":3},{"not_picked":["Runesmith:CraftReservo","Runesmith:Repurpose"],"picked":"Runesmith:CraftMagma","floor":8},{"not_picked":["Runesmith:StaticCage","Runesmith:FieryHammer","Runesmith:Superposition"],"picked":"SKIP","floor":11},{"not_picked":["Runesmith:HammerThrow","Runesmith:CraftIndustria"],"picked":"Runesmith:CreatorForm","floor":13},{"not_picked":["Runesmith:LastStand","Runesmith:UnlimitedPower"],"picked":"Runesmith:GenerateForcefield","floor":16},{"not_picked":["Runesmith:CraftVitae","Runesmith:Grindstone+1"],"picked":"Runesmith:CraftIncendium+1","floor":18},{"not_picked":["Runesmith:PoweredAnvil","Runesmith:HammerAndChisel+1"],"picked":"Runesmith:CraftVitae","floor":23},{"not_picked":["Runesmith:DoubleUp","Runesmith:ChiselStab","Runesmith:MakeshiftArmor"],"picked":"SKIP","floor":27},{"not_picked":["Runesmith:StaticCage+1","Runesmith:NegativeSpace+1","Runesmith:CraftObretio"],"picked":"SKIP","floor":29},{"not_picked":["Runesmith:HeatedChisel","Runesmith:Grindstone","Runesmith:EnergizedChisel"],"picked":"SKIP","floor":31},{"not_picked":["Runesmith:Duplicate","Runesmith:UnlimitedPower"],"picked":"Runesmith:FissionHammer","floor":33},{"not_picked":["Runesmith:Grindstone+1","Runesmith:Overpower+1"],"picked":"Runesmith:RuneHurl+1","floor":35},{"not_picked":["Runesmith:Terraform+1","Runesmith:Grindstone+1","Runesmith:CraftIncendium+1"],"picked":"SKIP","floor":40},{"not_picked":["Runesmith:CraftIndustria","Runesmith:NanitesCloud+1"],"picked":"Runesmith:Permafrost+1","floor":41},{"not_picked":["Runesmith:EnergizedChisel+1","Runesmith:Discharge"],"picked":"Runesmith:EarthShield+1","floor":42},{"not_picked":["Runesmith:PerfectChisel","Runesmith:Overpower"],"picked":"Runesmith:HammerThrow+1","floor":42},{"not_picked":["Runesmith:EnergizedChisel+1","Runesmith:Attraction+1","Runesmith:HeatedChisel+1"],"picked":"SKIP","floor":47}],"player_experience":261807,"relics_obtained":[{"floor":6,"key":"Ring of Panic"},{"floor":7,"key":"Runesmith:MiniCore"},{"floor":9,"key":"Simple Rune"},{"floor":11,"key":"Blue Doll"},{"floor":13,"key":"Pet Ghost"},{"floor":23,"key":"Divine Protection"},{"floor":26,"key":"Incense Burner"},{"floor":29,"key":"Chameleon Ring"},{"floor":40,"key":"Golden Egg"},{"floor":41,"key":"Dream Catcher"},{"floor":43,"key":"Bottled Tornado"}],"event_choices":[{"damage_healed":0,"gold_gain":0,"player_choice":"Forge","damage_taken":0,"max_hp_gain":0,"max_hp_loss":0,"event_name":"Accursed Blacksmith","floor":2,"gold_loss":0,"cards_upgraded":["Runesmith:HammerAndChisel"]},{"damage_healed":0,"gold_gain":0,"player_choice":"Grow","damage_taken":0,"max_hp_gain":0,"max_hp_loss":0,"event_name":"Living Wall","floor":5,"gold_loss":0,"cards_upgraded":["Runesmith:Firestorm"]},{"damage_healed":0,"gold_gain":75,"player_choice":"Gather Gold","damage_taken":11,"max_hp_gain":0,"max_hp_loss":0,"event_name":"World of Goop","floor":10,"gold_loss":0},{"damage_healed":0,"gold_gain":0,"player_choice":"Ignored","damage_taken":0,"max_hp_gain":0,"max_hp_loss":0,"event_name":"Liars Game","floor":12,"gold_loss":0},{"damage_healed":0,"gold_gain":0,"player_choice":"Simplicity","damage_taken":0,"max_hp_gain":0,"max_hp_loss":0,"event_name":"Back to Basics","floor":19,"gold_loss":0,"cards_upgraded":["Runesmith:Strike_RS","Runesmith:Strike_RS","Runesmith:Strike_RS","Runesmith:Defend_RS","Runesmith:Defend_RS","Runesmith:Defend_RS","Runesmith:Defend_RS"]},{"damage_healed":0,"gold_gain":0,"player_choice":"Shed Blood","damage_taken":18,"max_hp_gain":5,"max_hp_loss":0,"event_name":"Forgotten Altar","floor":21,"gold_loss":0},{"damage_healed":0,"gold_gain":0,"player_choice":"Got Potions","damage_taken":0,"max_hp_gain":0,"max_hp_loss":0,"event_name":"Lab","floor":22,"gold_loss":0},{"damage_healed":0,"gold_gain":0,"player_choice":"Read","damage_taken":0,"max_hp_gain":0,"max_hp_loss":0,"event_name":"The Library","floor":30,"gold_loss":0,"cards_obtained":["Runesmith:LithiumIon"]},{"damage_healed":0,"gold_gain":0,"player_choice":"Memory 1","damage_taken":0,"max_hp_gain":0,"max_hp_loss":0,"event_name":"SensoryStone","floor":36,"gold_loss":0},{"damage_healed":0,"gold_gain":0,"player_choice":"Ignored","damage_taken":0,"max_hp_gain":0,"max_hp_loss":0,"event_name":"Tomb of Lord Red Mask","floor":38,"gold_loss":0},{"damage_healed":0,"gold_gain":0,"player_choice":"Ignored","damage_taken":0,"max_hp_gain":0,"max_hp_loss":0,"event_name":"Mysterious Sphere","floor":48,"gold_loss":0}],"is_beta":false,"boss_relics":[{"not_picked":["Honey Jar","Astrolabe"],"picked":"Sozu"},{"not_picked":["Painkiller Herb","SlaversCollar"],"picked":"Runesmith:UraniumAnvil"}],"items_purged_floors":[4,14,39],"is_endless":false,"potions_floor_spawned":[1,3,8,16,23,29,33,35,40,47],"ascension_level":0}}