{"host":"c936que3p8rnl5ii","time":1609556901,"event":{"mods":["AchievementEnabler","BaseMod","Block Reminder","Colored Powertips","DeckTracker","Minty Spire (QoL Compilation)","Quick Restart","StSLib"],"gold_per_floor":[119,139,154,166,219,219,234,234,234,268,32,52,63,77,77,173,173,185,185,185,198,213,213,213,213,213],"floor_reached":25,"playtime":2273,"items_purged":["Strike_R"],"score":242,"play_id":"6d526ba0-eea9-4e2d-a6cf-491fd5d68a76","local_time":"20210101220821","is_ascension_mode":true,"campfire_choices":[{"data":"Body Slam","floor":6.0,"key":"SMITH"},{"data":"Searing Blow","floor":8.0,"key":"SMITH"},{"floor":15.0,"key":"REST"},{"data":"Barricade","floor":23,"key":"SMITH"}],"circlet_count":0,"master_deck":["Defend_R+1","Defend_R+1","Defend_R+1","Defend_R+1","Bash","Feed","Disarm","Body Slam+1","Searing Blow+1","Shrug It Off","Barricade+1","Disarm","Flex","Juggernaut","Pummel","Sentinel+1","Carnage+1","Bite","Bite","Bite","Bite","Bite"],"relics":["Burning Blood","Bottled Lightning","Darkstone Periapt","Velvet Choker"],"acts_visited":["Exordium","TheCity"],"potions_floor_usage":[25],"damage_taken":[{"damage":1.0,"enemies":"Cultist","floor":1.0,"turns":3.0},{"damage":0.0,"enemies":"2 Louse","floor":2.0,"turns":3.0},{"damage":3.0,"enemies":"Small Slimes","floor":3.0,"turns":3.0},{"damage":8.0,"enemies":"2 Fungi Beasts","floor":4.0,"turns":4.0},{"damage":17.0,"enemies":"Large Slime","floor":7.0,"turns":10.0},{"damage":44.0,"enemies":"3 Sentries","floor":10.0,"turns":9.0},{"damage":19.0,"enemies":"Exordium Thugs","floor":12.0,"turns":6.0},{"damage":4.0,"enemies":"Exordium Wildlife","floor":13.0,"turns":8.0},{"damage":4.0,"enemies":"Large Slime","floor":14.0,"turns":8.0},{"damage":4.0,"enemies":"The Guardian","floor":16.0,"turns":14.0},{"damage":21.0,"enemies":"Spheric Guardian","floor":18.0,"turns":6.0},{"damage":0.0,"enemies":"Shell Parasite","floor":21.0,"turns":8.0},{"damage":6,"enemies":"Centurion and Healer","floor":22,"turns":8},{"damage":87,"enemies":"Slavers","floor":25,"turns":5}],"seed_played":"100966041571131469","potions_obtained":[{"floor":4.0,"key":"Swift Potion"},{"floor":7.0,"key":"SkillPotion"},{"floor":10.0,"key":"SpeedPotion"},{"floor":12.0,"key":"Energy Potion"},{"floor":14.0,"key":"GamblersBrew"},{"floor":18.0,"key":"Weak Potion"}],"is_trial":false,"path_per_floor":["M","M","M","M","?","R","M","R","T","E","$","M","M","M","R","B",null,"M","?","?","M","M","R","?","E"],"character_chosen":"IRONCLAD","items_purchased":["Barricade","Disarm"],"campfire_rested":1,"item_purchase_floors":[11,11],"current_hp_per_floor":[83,86,89,90,90,90,82,82,82,44,44,34,39,44,75,77,104,89,89,89,98,101,101,77,0,0],"gold":213,"neow_bonus":"ONE_RANDOM_RARE_CARD","is_daily":false,"chose_seed":false,"campfire_upgraded":3,"win_rate":0.0,"timestamp":1609556901,"path_taken":["M","M","M","?","?","R","M","R","T","E","$","M","M","M","R","BOSS","M","?","?","M","M","R","?","E"],"items_purchased_type":["Card","Card"],"build_version":"2020-12-22","purchased_purges":1,"victory":false,"max_hp_per_floor":[83,86,89,92,92,92,95,95,95,95,95,98,101,104,104,104,104,104,104,104,107,110,110,77,77,77],"card_choices":[{"not_picked":["Twin Strike","Cleave"],"picked":"Disarm","floor":1.0},{"not_picked":["Armaments","Havoc"],"picked":"Body Slam","floor":2.0},{"not_picked":["Clash","True Grit","Bloodletting"],"picked":"SKIP","floor":3.0},{"not_picked":["Feel No Pain","True Grit"],"picked":"Searing Blow","floor":4.0},{"not_picked":["Havoc","Body Slam","Bloodletting"],"picked":"SKIP","floor":7.0},{"not_picked":["Anger","Iron Wave"],"picked":"Shrug It Off","floor":10.0},{"not_picked":["Corruption","Disarm","Dual Wield"],"picked":"SKIP","floor":12.0},{"not_picked":["Dual Wield","Sword Boomerang"],"picked":"Flex","floor":13.0},{"not_picked":["Twin Strike","Carnage","Clash"],"picked":"SKIP","floor":14.0},{"not_picked":["Brutality","Immolate"],"picked":"Juggernaut","floor":16.0},{"not_picked":["Havoc","Clothesline+1"],"picked":"Pummel","floor":18.0},{"not_picked":["Pommel Strike","Carnage"],"picked":"Sentinel+1","floor":21.0},{"not_picked":["Twin Strike","Wild Strike"],"picked":"Carnage+1","floor":22}],"player_experience":106257,"relics_obtained":[{"floor":9.0,"key":"Bottled Lightning"},{"floor":10.0,"key":"Darkstone Periapt"}],"event_choices":[{"damage_healed":0.0,"max_hp_gain":0.0,"max_hp_loss":0.0,"gold_gain":53.0,"event_name":"Golden Wing","player_choice":"Gained Gold","floor":5.0,"gold_loss":0.0,"damage_taken":0.0},{"damage_healed":0.0,"max_hp_gain":0.0,"max_hp_loss":0.0,"gold_gain":0.0,"event_name":"Back to Basics","player_choice":"Simplicity","floor":19.0,"gold_loss":0.0,"damage_taken":0.0,"cards_upgraded":["Strike_R","Strike_R","Strike_R","Strike_R","Defend_R","Defend_R","Defend_R","Defend_R"]},{"damage_healed":0.0,"max_hp_gain":0.0,"max_hp_loss":0.0,"gold_gain":0.0,"event_name":"Cursed Tome","player_choice":"Ignored","floor":20.0,"gold_loss":0.0,"damage_taken":0.0},{"damage_healed":0,"gold_gain":0,"player_choice":"Became a vampire","damage_taken":0,"max_hp_gain":0,"max_hp_loss":33,"event_name":"Vampires","floor":24,"gold_loss":0,"cards_obtained":["Bite","Bite","Bite","Bite","Bite"]}],"is_beta":false,"boss_relics":[{"not_picked":["SlaversCollar","Snecko Eye"],"picked":"Velvet Choker"}],"items_purged_floors":[11],"is_endless":false,"potions_floor_spawned":[4,7,10,12,14,18],"killed_by":"Slavers","ascension_level":1}}