{"host":"ch74xfb1n85e86fc","time":1609584679,"event":{"mods":["AchievementEnabler","BaseMod","Colored Map","DeckTracker","Minty Spire (QoL Compilation)","Relic Stats","StSLib","SuperFastMode","everything is the same but u backflip on backflip"],"gold_per_floor":[117,117,137,153,172,172,203,203,230,180,214,232,232,244,244,345,345,362,362,378,303,313,313,90,109,109,109,127,156,156,167,167,262,262,274,374,384,400,414,93,106,117,117,148,148,164,175,175,175,175,175,175,96,96,96],"floor_reached":54,"playtime":1995,"items_purged":["Defend_G","Dagger Throw"],"score":680,"play_id":"ba77b91f-0171-4fa1-b14a-94a20f5a3e15","local_time":"20210102195119","is_ascension_mode":false,"campfire_choices":[{"data":"Dagger Spray","floor":6,"key":"SMITH"},{"data":"Blade Dance","floor":8,"key":"SMITH"},{"data":"Phantasmal Killer","floor":13,"key":"SMITH"},{"data":"Prepared","floor":15,"key":"SMITH"},{"data":"Bouncing Flask","floor":23,"key":"SMITH"},{"data":"Neutralize","floor":27,"key":"SMITH"},{"floor":32,"key":"RECALL"},{"data":"Footwork","floor":45,"key":"SMITH"},{"floor":49,"key":"REST"},{"data":"Malaise","floor":52,"key":"SMITH"}],"circlet_count":0,"master_deck":["Defend_G","Survivor","Neutralize+1","Prepared+1","Blade Dance+1","Riddle With Holes","Dagger Spray+1","Deadly Poison","PiercingWail","Phantasmal Killer+1","Dodge and Roll","Die Die Die","Dagger Throw","Bouncing Flask+1","Bane+1","Malaise+1","Tactician+1","Masterful Stab+1","Dash+1","Footwork+1","Terror","Leg Sweep+1","Crippling Poison+1","Footwork"],"relics":["Ring of the Snake","Snake Skull","Pen Nib","Whetstone","Sozu","Medical Kit","CaptainsWheel","Shuriken","Ice Cream","Astrolabe","PrismaticShard","Juzu Bracelet"],"acts_visited":["Exordium","TheCity","TheBeyond","TheEnding"],"potions_floor_usage":[49],"damage_taken":[{"damage":0,"enemies":"Jaw Worm","floor":1,"turns":4},{"damage":2,"enemies":"Small Slimes","floor":3,"turns":3},{"damage":6,"enemies":"Cultist","floor":4,"turns":3},{"damage":1,"enemies":"Red Slaver","floor":5,"turns":3},{"damage":21,"enemies":"3 Sentries","floor":7,"turns":7},{"damage":6,"enemies":"Gremlin Nob","floor":11,"turns":3},{"damage":0,"enemies":"2 Fungi Beasts","floor":12,"turns":2},{"damage":0,"enemies":"3 Louse","floor":14,"turns":3},{"damage":9,"enemies":"Hexaghost","floor":16,"turns":8},{"damage":0,"enemies":"2 Thieves","floor":18,"turns":2},{"damage":0,"enemies":"Spheric Guardian","floor":20,"turns":3},{"damage":0,"enemies":"Snake Plant","floor":22,"turns":2},{"damage":10,"enemies":"Sentry and Sphere","floor":25,"turns":4},{"damage":0,"enemies":"Cultist and Chosen","floor":28,"turns":3},{"damage":12,"enemies":"Book of Stabbing","floor":29,"turns":5},{"damage":3,"enemies":"Snake Plant","floor":31,"turns":2},{"damage":14,"enemies":"Collector","floor":33,"turns":5},{"damage":0,"enemies":"3 Darklings","floor":35,"turns":2},{"damage":6,"enemies":"3 Shapes","floor":37,"turns":5},{"damage":0,"enemies":"Jaw Worm Horde","floor":38,"turns":4},{"damage":3,"enemies":"Spire Growth","floor":39,"turns":3},{"damage":16,"enemies":"3 Darklings","floor":41,"turns":3},{"damage":10,"enemies":"Jaw Worm Horde","floor":42,"turns":3},{"damage":3,"enemies":"Giant Head","floor":44,"turns":6},{"damage":5,"enemies":"4 Shapes","floor":46,"turns":4},{"damage":2,"enemies":"Sphere and 2 Shapes","floor":47,"turns":5},{"damage":25,"enemies":"Time Eater","floor":50,"turns":12},{"damage":78,"enemies":"Shield and Spear","floor":54,"turns":6}],"seed_played":"-6466405046376194859","potions_obtained":[{"floor":3,"key":"Fruit Juice"},{"floor":4,"key":"SpeedPotion"},{"floor":16,"key":"SpeedPotion"}],"is_trial":false,"path_per_floor":["M","?","M","M","M","R","E","R","T","?","E","M","R","M","R","B",null,"M","?","M","?","M","R","$","M","T","R","M","E","T","M","R","B",null,"M","?","M","M","M","$","M","M","T","E","R","M","M","?","R","B",null,"R","$","E"],"character_chosen":"THE_SILENT","items_purchased":["Medical Kit","Terror","PrismaticShard","Footwork"],"campfire_rested":1,"item_purchase_floors":[24,40,40,53],"current_hp_per_floor":[70,70,68,62,61,61,40,40,40,40,34,34,34,34,34,25,70,70,70,70,70,70,70,70,60,60,60,60,48,48,45,45,31,70,70,70,64,64,61,61,45,35,35,32,32,27,25,25,51,26,71,71,71,0,0],"gold":96,"neow_bonus":"TRANSFORM_CARD","is_daily":false,"chose_seed":false,"campfire_upgraded":8,"win_rate":0.0,"timestamp":1609584679,"path_taken":["M","?","M","M","M","R","E","R","T","?","E","M","R","M","R","BOSS","M","?","M","?","M","R","$","M","T","R","M","E","?","M","R","BOSS","M","?","M","M","M","$","M","?","T","E","R","M","M","?","R","BOSS","R","$","E"],"items_purchased_type":["Relic","Card","Relic","Card"],"build_version":"2020-12-22","purchased_purges":2,"victory":false,"max_hp_per_floor":[70,70,70,70,70,70,70,70,70,70,70,70,70,70,70,70,70,70,70,70,70,70,70,70,70,70,70,70,70,70,70,70,70,70,70,70,70,70,70,70,70,70,70,70,70,70,70,66,71,71,71,71,71,71,71],"relic_stats":{"Sozu":7,"counters":[28,115],"Shuriken":[28],"Astrolabe":["Tactician","Masterful Stab","Dash"],"Snake Skull":[71],"Pen Nib":[23],"Juzu Bracelet":0,"Whetstone":["Strike_G","Strike_G"],"Medical Kit":[4],"obtain_stats":[{"Sozu":17,"Ice Cream":30,"CaptainsWheel":26,"Shuriken":29,"Astrolabe":34,"Snake Skull":7,"Pen Nib":9,"Juzu Bracelet":44,"Whetstone":11,"Medical Kit":24,"PrismaticShard":40,"Ring of the Snake":0},{"Sozu":9,"Ice Cream":15,"CaptainsWheel":13,"Shuriken":15,"Astrolabe":17,"Snake Skull":5,"Pen Nib":5,"Juzu Bracelet":24,"Whetstone":6,"Medical Kit":12,"PrismaticShard":21,"Ring of the Snake":0},{"Sozu":36,"Ice Cream":55,"CaptainsWheel":47,"Shuriken":55,"Astrolabe":62,"Snake Skull":20,"Pen Nib":20,"Juzu Bracelet":88,"Whetstone":23,"Medical Kit":43,"PrismaticShard":76,"Ring of the Snake":0}],"Ring of the Snake":[56]},"card_choices":[{"not_picked":["Backflip","All Out Attack"],"picked":"Blade Dance","floor":1},{"not_picked":["Deflect","Sucker Punch"],"picked":"Riddle With Holes","floor":3},{"not_picked":["Backflip","Phantasmal Killer"],"picked":"Dagger Throw","floor":4},{"not_picked":["Bane","Dodge and Roll"],"picked":"Dagger Spray","floor":5},{"not_picked":["Escape Plan","Leg Sweep"],"picked":"Deadly Poison","floor":7},{"not_picked":["Underhanded Strike","Infinite Blades"],"picked":"PiercingWail","floor":11},{"not_picked":["PiercingWail","Catalyst"],"picked":"Phantasmal Killer","floor":12},{"not_picked":["Flying Knee","Masterful Stab"],"picked":"Dodge and Roll","floor":14},{"not_picked":["Glass Knife","Night Terror"],"picked":"Die Die Die","floor":16},{"not_picked":["Expertise","Deadly Poison","All Out Attack+1"],"picked":"SKIP","floor":18},{"not_picked":["Endless Agony+1","Sucker Punch","Dagger Throw+1"],"picked":"SKIP","floor":20},{"not_picked":["Slice","Bane+1","PiercingWail"],"picked":"SKIP","floor":22},{"not_picked":["Finisher","Skewer","Endless Agony"],"picked":"SKIP","floor":25},{"not_picked":["Quick Slash+1","Sucker Punch"],"picked":"Bane+1","floor":28},{"not_picked":["Slice","Sucker Punch","Catalyst+1"],"picked":"SKIP","floor":29},{"not_picked":["Sucker Punch","Catalyst","Choke+1"],"picked":"SKIP","floor":31},{"not_picked":["Envenom","A Thousand Cuts"],"picked":"Malaise","floor":33},{"not_picked":["Quick Slash","Dodge and Roll","Outmaneuver"],"picked":"SKIP","floor":35},{"not_picked":["Skewer+1","Venomology","Bane"],"picked":"SKIP","floor":37},{"not_picked":["All Out Attack+1","Underhanded Strike+1","Poisoned Stab"],"picked":"SKIP","floor":38},{"not_picked":["Reflex+1","Slice"],"picked":"Footwork","floor":39},{"not_picked":["FlurryOfBlows+1","Carnage+1"],"picked":"Leg Sweep+1","floor":41},{"not_picked":["ReachHeaven","Steam Power","Clothesline"],"picked":"SKIP","floor":42},{"not_picked":["Eviscerate","Calculated Gamble+1"],"picked":"Crippling Poison+1","floor":44},{"not_picked":["Consecrate","BowlingBash","Headbutt+1"],"picked":"SKIP","floor":46},{"not_picked":["Rampage+1","Deadly Poison+1","Flex"],"picked":"SKIP","floor":47}],"player_experience":12547,"relics_obtained":[{"floor":7,"key":"Snake Skull"},{"floor":9,"key":"Pen Nib"},{"floor":11,"key":"Whetstone"},{"floor":26,"key":"CaptainsWheel"},{"floor":29,"key":"Shuriken"},{"floor":30,"key":"Ice Cream"},{"floor":44,"key":"Juzu Bracelet"}],"event_choices":[{"damage_healed":0,"gold_gain":0,"player_choice":"Ignored","damage_taken":0,"max_hp_gain":0,"max_hp_loss":0,"event_name":"Liars Game","floor":2,"gold_loss":0},{"cards_removed":["Strike_G"],"damage_healed":0,"gold_gain":0,"player_choice":"Card Removal","damage_taken":0,"max_hp_gain":0,"max_hp_loss":0,"event_name":"The Cleric","floor":10,"gold_loss":50},{"damage_healed":0,"gold_gain":0,"cards_transformed":["Strike_G","Defend_G"],"player_choice":"Became Test Subject","damage_taken":0,"max_hp_gain":0,"max_hp_loss":0,"event_name":"Drug Dealer","floor":19,"gold_loss":0,"cards_obtained":["Dagger Throw","Bouncing Flask"]},{"cards_removed":["Strike_G"],"damage_healed":0,"gold_gain":0,"player_choice":"Gave Gold","damage_taken":0,"max_hp_gain":0,"max_hp_loss":0,"event_name":"Beggar","floor":21,"gold_loss":75},{"damage_healed":0,"gold_gain":100,"player_choice":"Pray","damage_taken":0,"max_hp_gain":0,"max_hp_loss":0,"event_name":"Golden Shrine","floor":36,"gold_loss":0},{"damage_healed":0,"gold_gain":0,"player_choice":"Max HP","damage_taken":0,"max_hp_gain":0,"max_hp_loss":4,"event_name":"Winding Halls","floor":48,"gold_loss":0}],"is_beta":false,"boss_relics":[{"not_picked":["Empty Cage","Black Star"],"picked":"Sozu"},{"not_picked":["Busted Crown","Runic Dome"],"picked":"Astrolabe"}],"items_purged_floors":[24,40],"is_endless":false,"potions_floor_spawned":[3,4,16,25,28,29,33,37,38,44,46],"killed_by":"Shield and Spear","ascension_level":0}}