{"host":"qhhcmep1unj6mpf7","time":1609593134,"event":{"mods":["2.2 Compatiblity","AchievementEnabler","BaseMod","Colored Map","DeckTracker","Highlight Path","Keyboard Shortcuts","Minty Spire (QoL Compilation)","Permanent Neow","Quick Restart","Random Character Button","StSLib","SuperFastMode","everything is the same but u backflip on backflip"],"gold_per_floor":[362,362,377,452,452,485,504,504,504,523,523,16,27,43,43,142,192,212,212,212],"floor_reached":19,"playtime":554,"items_purged":[],"score":177,"play_id":"8d7c61ea-26c5-4d35-8c70-578b109d1081","local_time":"20210102221214","is_ascension_mode":true,"campfire_choices":[{"data":"Undo","floor":8.0,"key":"SMITH"},{"floor":15.0,"key":"REST"}],"circlet_count":0,"master_deck":["Strike_B","Strike_B","Strike_B","Defend_B","Defend_B","Defend_B","Defend_B","Zap","Dualcast+1","Ball Lightning","Undo+1","Core Surge","Coolheaded","Coolheaded","Defragment","Defragment","Coolheaded","Amplify"],"relics":["Cracked Core","FossilizedHelix","The Courier","Letter Opener","Toy Ornithopter","Mummified Hand","Tiny House"],"acts_visited":["Exordium","TheCity"],"potions_floor_usage":[],"damage_taken":[{"damage":0.0,"enemies":"Small Slimes","floor":1.0,"turns":4.0},{"damage":0.0,"enemies":"2 Louse","floor":3.0,"turns":2.0},{"damage":12.0,"enemies":"Gremlin Nob","floor":6.0,"turns":4.0},{"damage":0.0,"enemies":"Jaw Worm","floor":7.0,"turns":2.0},{"damage":8.0,"enemies":"Exordium Wildlife","floor":10.0,"turns":5.0},{"damage":0.0,"enemies":"Lots of Slimes","floor":13.0,"turns":3.0},{"damage":0.0,"enemies":"3 Louse","floor":14.0,"turns":3.0},{"damage":1.0,"enemies":"The Guardian","floor":16.0,"turns":13.0},{"damage":2.0,"enemies":"Spheric Guardian","floor":18.0,"turns":7.0},{"damage":0,"enemies":"2 Thieves","floor":19,"turns":1}],"seed_played":"7551864300769485856","potions_obtained":[{"floor":1.0,"key":"Dexterity Potion"},{"floor":7.0,"key":"FairyPotion"},{"floor":10.0,"key":"Block Potion"},{"floor":14.0,"key":"Weak Potion"},{"floor":17.0,"key":"Fire Potion"}],"is_trial":false,"path_per_floor":["M","$","M","?","?","E","M","R","T","M","?","$","M","M","R","B",null,"M","M"],"character_chosen":"DEFECT","items_purchased":["Toy Ornithopter","Mummified Hand","Coolheaded","Coolheaded","Defragment","Defragment"],"campfire_rested":1,"item_purchase_floors":[12,12,12,12,12,12],"current_hp_per_floor":[54,54,54,43,36,24,24,24,24,16,7,7,12,12,34,33,80,78,78,78],"gold":212,"neow_bonus":"TWO_FIFTY_GOLD","is_daily":false,"chose_seed":false,"campfire_upgraded":1,"win_rate":0.0,"timestamp":1609593134,"path_taken":["M","$","M","?","?","E","M","R","T","M","?","$","M","?","R","BOSS","M","M"],"items_purchased_type":["Relic","Relic","Card","Card","Card","Card"],"build_version":"2020-12-22","purchased_purges":0,"victory":false,"max_hp_per_floor":[75,75,75,75,75,75,75,75,75,75,75,75,75,75,75,75,80,80,80,80],"card_choices":[{"not_picked":["Tempest","Hologram"],"picked":"Ball Lightning","floor":1.0},{"not_picked":["Go for the Eyes","Steam"],"picked":"Undo","floor":3.0},{"not_picked":["Rebound","Static Discharge"],"picked":"Core Surge","floor":6.0},{"not_picked":["Chaos","BootSequence","Stack"],"picked":"SKIP","floor":7.0},{"not_picked":["Rip and Tear","Leap","Compile Driver"],"picked":"SKIP","floor":10.0},{"not_picked":["Recycle","Rip and Tear","Gash"],"picked":"SKIP","floor":13.0},{"not_picked":["Turbo","Steam"],"picked":"Coolheaded","floor":14.0},{"not_picked":["Multi-Cast","Buffer"],"picked":"Amplify","floor":16.0},{"not_picked":["Hello World","Doom and Gloom","Turbo"],"picked":"SKIP","floor":18.0}],"player_experience":332522,"relics_obtained":[{"floor":6.0,"key":"FossilizedHelix"},{"floor":9.0,"key":"The Courier"}],"event_choices":[{"damage_healed":0.0,"max_hp_gain":0.0,"max_hp_loss":0.0,"gold_gain":75.0,"event_name":"World of Goop","player_choice":"Gather Gold","floor":4.0,"gold_loss":0.0,"damage_taken":11.0},{"cards_removed":["Strike_B"],"damage_healed":0.0,"max_hp_gain":0.0,"max_hp_loss":0.0,"gold_gain":0.0,"event_name":"Golden Wing","player_choice":"Card Removal","floor":5.0,"gold_loss":0.0,"damage_taken":7.0},{"damage_healed":0.0,"max_hp_gain":0.0,"max_hp_loss":0.0,"gold_gain":0.0,"event_name":"Scrap Ooze","player_choice":"Success","floor":11.0,"gold_loss":0.0,"damage_taken":33.0,"relics_obtained":["Letter Opener"]}],"is_beta":false,"boss_relics":[{"not_picked":["Coffee Dripper","Busted Crown"],"picked":"Tiny House"}],"items_purged_floors":[],"is_endless":false,"potions_floor_spawned":[1,7,10,14],"killed_by":"2 Thieves","ascension_level":1}}