{"host":"anox4050deqdcqoh","time":1609631772,"event":{"mods":["BaseMod","Colored Map","Highlight Path","Minty Spire (QoL Compilation)","Quick Restart","Rare Cards Sparkle","everything is the same but u backflip on backflip"],"gold_per_floor":[119,135,153,168,178,203,203,238,238,261,261,261,261,277,277,277,277],"floor_reached":16,"playtime":836,"items_purged":[],"score":118,"play_id":"2895f2d3-2b13-4f73-ac50-eb058a8d4afb","local_time":"20210102185612","is_ascension_mode":true,"campfire_choices":[{"floor":7,"key":"REST"},{"floor":12,"key":"REST"},{"floor":15,"key":"REST"}],"circlet_count":0,"master_deck":["Strike_R","Strike_R","Strike_R","Strike_R","Strike_R","Defend_R","Defend_R","Defend_R","Defend_R","Bash","Combust","True Grit","Flame Barrier","Barricade","Shrug It Off","Disarm","Rage","Cleave+1","Pommel Strike+1"],"relics":["Burning Blood","Regal Pillow","Molten Egg 2","Paper Frog","Odd Mushroom"],"acts_visited":["Exordium"],"potions_floor_usage":[6,16,16],"damage_taken":[{"damage":6,"enemies":"Jaw Worm","floor":1,"turns":3},{"damage":7,"enemies":"2 Louse","floor":2,"turns":3},{"damage":5,"enemies":"Small Slimes","floor":3,"turns":4},{"damage":6,"enemies":"Blue Slaver","floor":4,"turns":6},{"damage":3,"enemies":"3 Louse","floor":5,"turns":3},{"damage":49,"enemies":"Lagavulin","floor":6,"turns":12},{"damage":38,"enemies":"3 Sentries","floor":8,"turns":12},{"damage":29,"enemies":"The Mushroom Lair","floor":10,"turns":6},{"damage":2,"enemies":"Red Slaver","floor":14,"turns":8},{"damage":86,"enemies":"Hexaghost","floor":16,"turns":16}],"seed_played":"3280605974022366037","potions_obtained":[{"floor":1,"key":"Strength Potion"},{"floor":6,"key":"SpeedPotion"},{"floor":8,"key":"BlessingOfTheForge"},{"floor":10,"key":"Explosive Potion"}],"is_trial":false,"path_per_floor":["M","M","M","M","M","E","R","E","T","?","?","R","?","M","R","B"],"character_chosen":"IRONCLAD","items_purchased":[],"campfire_rested":3,"item_purchase_floors":[],"current_hp_per_floor":[80,79,80,80,80,37,76,44,44,21,9,48,53,57,85,0,0],"gold":277,"neow_bonus":"RANDOM_COMMON_RELIC","is_daily":false,"chose_seed":false,"campfire_upgraded":0,"win_rate":0.0,"timestamp":1609631772,"path_taken":["M","M","M","M","M","E","R","E","T","?","?","R","?","M","R","BOSS"],"items_purchased_type":[],"build_version":"2020-12-22","purchased_purges":0,"victory":false,"max_hp_per_floor":[80,80,80,80,80,80,80,80,80,80,80,80,85,85,85,85,85],"card_choices":[{"not_picked":["Clash","Sword Boomerang"],"picked":"Combust","floor":1},{"not_picked":["Bloodletting","Blood for Blood"],"picked":"True Grit","floor":2},{"not_picked":["Infernal Blade","Clothesline"],"picked":"Flame Barrier","floor":3},{"not_picked":["Headbutt","Clothesline"],"picked":"Barricade","floor":4},{"not_picked":["Armaments","Sever Soul"],"picked":"Shrug It Off","floor":5},{"not_picked":["Sword Boomerang+1","Armaments"],"picked":"Disarm","floor":6},{"not_picked":["Double Tap","Infernal Blade"],"picked":"Rage","floor":8},{"not_picked":["Disarm","Anger+1"],"picked":"Cleave+1","floor":10},{"not_picked":["Clash+1","Twin Strike+1"],"picked":"Pommel Strike+1","floor":14}],"player_experience":257322,"relics_obtained":[{"floor":6,"key":"Molten Egg 2"},{"floor":8,"key":"Paper Frog"},{"floor":10,"key":"Odd Mushroom"}],"event_choices":[{"damage_healed":0,"gold_gain":0,"player_choice":"Fought Mushrooms","damage_taken":0,"max_hp_gain":0,"max_hp_loss":0,"event_name":"Mushrooms","floor":10,"gold_loss":0},{"damage_healed":0,"gold_gain":0,"player_choice":"Fled","damage_taken":12,"max_hp_gain":0,"max_hp_loss":0,"event_name":"Scrap Ooze","floor":11,"gold_loss":0},{"damage_healed":0,"gold_gain":0,"player_choice":"Donut","damage_taken":0,"max_hp_gain":5,"max_hp_loss":0,"event_name":"Big Fish","floor":13,"gold_loss":0}],"is_beta":false,"boss_relics":[],"items_purged_floors":[],"is_endless":false,"potions_floor_spawned":[1,6,8,10],"killed_by":"Hexaghost","ascension_level":1}}