{"host":"Bilverbakes","time":1609616120,"event":{"mods":["2.2 Compatiblity","AchievementEnabler","BaseMod","Bestiary","Colored Map","Minty Spire (QoL Compilation)","Relic Stats","StSLib","ojb\u0027s Info Mod"],"gold_per_floor":[116,191,116,128,146,146,179,179,250,250,280,297,297,297,297,401,401,418,289,289,302,316,316,348,383,464,480,497,497,526,546,546,641,641,656,167,214,436,455,481,481,509,532,532,532,544,563,589,589,589],"floor_reached":51,"playtime":6263,"items_purged":["Strike_B","Strike_B","Darkness"],"score":1303,"play_id":"35ef0de8-caf6-4d93-aa19-aacd24c1f4f1","local_time":"20210102133520","is_ascension_mode":true,"campfire_choices":[{"data":"Zap","floor":6.0,"key":"SMITH"},{"data":"Auto Shields","floor":10.0,"key":"SMITH"},{"data":"Sunder","floor":13.0,"key":"SMITH"},{"data":"Dualcast","floor":15.0,"key":"SMITH"},{"data":"Reprogram","floor":23.0,"key":"SMITH"},{"floor":32.0,"key":"REST"},{"floor":41.0,"key":"REST"},{"floor":49,"key":"REST"}],"circlet_count":0,"master_deck":["AscendersBane","Strike_B","Strike_B","Defend_B","Defend_B","Defend_B","Defend_B+1","Dualcast+1","Auto Shields+1","BootSequence+1","Ball Lightning","Sunder+1","Amplify","Hyperbeam+1","Reprogram+1","Beam Cell","Sweeping Beam","Conserve Battery","Aggregate","Seek","CurseOfTheBell","FTL","Trip","Finesse","Stack+1","Hologram","Leap+1","Steam+1","BootSequence"],"relics":["Runic Pyramid","Oddly Smooth Stone","Pear","Ornamental Fan","Smiling Mask","Runic Dome","Unceasing Top","Red Mask","White Beast Statue","The Courier","Calling Bell","Omamori","Frozen Egg 2","Gambling Chip","Incense Burner","Mango","Boot","Bottled Flame","Anchor","Gremlin Horn"],"acts_visited":["Exordium","TheCity","TheBeyond"],"potions_floor_usage":[50,50],"damage_taken":[{"damage":1.0,"enemies":"Small Slimes","floor":1.0,"turns":3.0},{"damage":0.0,"enemies":"2 Louse","floor":4.0,"turns":3.0},{"damage":0.0,"enemies":"Cultist","floor":5.0,"turns":4.0},{"damage":0.0,"enemies":"Lagavulin","floor":7.0,"turns":7.0},{"damage":15.0,"enemies":"Gremlin Nob","floor":11.0,"turns":5.0},{"damage":0.0,"enemies":"Blue Slaver","floor":12.0,"turns":4.0},{"damage":7.0,"enemies":"Hexaghost","floor":16.0,"turns":11.0},{"damage":0.0,"enemies":"Chosen","floor":18.0,"turns":4.0},{"damage":1.0,"enemies":"Spheric Guardian","floor":21.0,"turns":4.0},{"damage":19.0,"enemies":"Snake Plant","floor":22.0,"turns":4.0},{"damage":14.0,"enemies":"Book of Stabbing","floor":24.0,"turns":5.0},{"damage":0.0,"enemies":"Masked Bandits","floor":25.0,"turns":2.0},{"damage":8.0,"enemies":"Cultist and Chosen","floor":27.0,"turns":6.0},{"damage":2.0,"enemies":"3 Cultists","floor":28.0,"turns":5.0},{"damage":0.0,"enemies":"Gremlin Leader","floor":30.0,"turns":6.0},{"damage":0.0,"enemies":"Chosen and Byrds","floor":31.0,"turns":3.0},{"damage":34.0,"enemies":"Automaton","floor":33.0,"turns":12.0},{"damage":13.0,"enemies":"Orb Walker","floor":35.0,"turns":4.0},{"damage":15.0,"enemies":"2 Orb Walkers","floor":37.0,"turns":4.0},{"damage":2.0,"enemies":"3 Darklings","floor":39.0,"turns":7.0},{"damage":27.0,"enemies":"Reptomancer","floor":40.0,"turns":7.0},{"damage":36.0,"enemies":"Giant Head","floor":42.0,"turns":11.0},{"damage":12.0,"enemies":"Maw","floor":46.0,"turns":10.0},{"damage":6.0,"enemies":"Writhing Mass","floor":47.0,"turns":7.0},{"damage":31,"enemies":"Nemesis","floor":48,"turns":11},{"damage":17,"enemies":"Donu and Deca","floor":50,"turns":12}],"seed_played":"4419734881422384768","potions_obtained":[{"floor":1.0,"key":"Strength Potion"},{"floor":7.0,"key":"Weak Potion"},{"floor":18.0,"key":"FocusPotion"},{"floor":22.0,"key":"SteroidPotion"},{"floor":24.0,"key":"EntropicBrew"},{"floor":27.0,"key":"LiquidBronze"},{"floor":30.0,"key":"Fruit Juice"},{"floor":31.0,"key":"Strength Potion"},{"floor":33.0,"key":"LiquidMemories"},{"floor":35.0,"key":"Regen Potion"},{"floor":37.0,"key":"BlessingOfTheForge"},{"floor":39.0,"key":"SpeedPotion"},{"floor":40.0,"key":"Weak Potion"},{"floor":42.0,"key":"SteroidPotion"},{"floor":46.0,"key":"Ancient Potion"},{"floor":47.0,"key":"CultistPotion"}],"is_trial":false,"path_per_floor":["M","?","$","M","M","R","E","?","T","R","E","M","R","?","R","B",null,"M","$","?","M","M","R","E","?","T","M","M","?","E","M","R","B",null,"M","$","?","?","M","E","R","E","T","?","?","M","M","E","R","B",null],"character_chosen":"DEFECT","items_purchased":["Darkness","Incense Burner","FTL","Trip","Finesse"],"campfire_rested":3,"item_purchase_floors":[19,36,36,36,36],"current_hp_per_floor":[67,56,56,56,56,56,56,41,51,51,36,36,36,29,29,22,69,69,69,69,68,49,49,35,35,35,27,25,25,25,25,57,23,73,60,60,59,59,57,30,61,40,40,91,91,79,73,42,69,52],"gold":589,"neow_bonus":"BOSS_RELIC","is_daily":false,"chose_seed":false,"campfire_upgraded":5,"win_rate":0.0,"timestamp":1609616120,"path_taken":["M","?","$","M","M","R","E","?","T","R","E","M","R","?","R","BOSS","M","$","?","M","M","R","E","?","T","M","M","?","E","M","R","BOSS","M","$","?","?","M","E","R","E","T","?","?","M","M","E","R","BOSS"],"items_purchased_type":["Card","Relic","Card","Card","Card"],"build_version":"2020-12-18","purchased_purges":3,"victory":true,"max_hp_per_floor":[75,75,75,75,75,75,75,75,85,85,85,85,85,85,85,85,85,85,85,85,85,85,85,85,85,85,85,85,85,85,85,90,90,90,90,90,104,104,104,104,104,104,104,91,91,91,91,91,91,91],"relic_stats":{"Gremlin Horn":[1,1],"counters":[26,161],"Ornamental Fan":[120],"Gambling Chip":[18],"Smiling Mask":100,"Boot":[38],"obtain_stats":[{"Pear":9,"Gremlin Horn":48,"Oddly Smooth Stone":7,"Mango":37,"The Courier":30,"Omamori":34,"Incense Burner":36,"Frozen Egg 2":34,"Smiling Mask":14,"Boot":40,"White Beast Statue":26,"Calling Bell":34,"Runic Dome":17,"Bottled Flame":42,"Anchor":43,"Ornamental Fan":11,"Gambling Chip":34,"Red Mask":25,"Cracked Core":0,"Unceasing Top":24,"Runic Pyramid":0},{"Pear":4,"Gremlin Horn":25,"Oddly Smooth Stone":4,"Mango":19,"The Courier":15,"Omamori":17,"Incense Burner":18,"Frozen Egg 2":17,"Smiling Mask":6,"Boot":21,"White Beast Statue":12,"Calling Bell":17,"Runic Dome":7,"Bottled Flame":22,"Anchor":22,"Ornamental Fan":5,"Gambling Chip":17,"Red Mask":12,"Cracked Core":0,"Unceasing Top":11,"Runic Pyramid":0},{"Pear":17,"Gremlin Horn":149,"Oddly Smooth Stone":17,"Mango":96,"The Courier":73,"Omamori":88,"Incense Burner":92,"Frozen Egg 2":88,"Smiling Mask":26,"Boot":110,"White Beast Statue":56,"Calling Bell":88,"Runic Dome":37,"Bottled Flame":121,"Anchor":121,"Ornamental Fan":22,"Gambling Chip":88,"Red Mask":56,"Cracked Core":0,"Unceasing Top":54,"Runic Pyramid":0}],"Unceasing Top":[0]},"card_choices":[{"not_picked":["Heatsinks","Leap"],"picked":"Auto Shields","floor":1.0},{"not_picked":["Leap","Rebound","Hello World"],"picked":"SKIP","floor":4.0},{"not_picked":["Hologram","Beam Cell"],"picked":"BootSequence","floor":5.0},{"not_picked":["Self Repair","Chill"],"picked":"Ball Lightning","floor":7.0},{"not_picked":["Hologram","Compile Driver"],"picked":"Sunder","floor":11.0},{"not_picked":["Skim","Static Discharge"],"picked":"Amplify","floor":12.0},{"not_picked":["Amplify","Rainbow"],"picked":"Hyperbeam","floor":16.0},{"not_picked":["Cold Snap","Heatsinks","Melter"],"picked":"SKIP","floor":18.0},{"not_picked":["Rebound+1","Gash"],"picked":"Beam Cell","floor":21.0},{"not_picked":["Recycle","Cold Snap"],"picked":"Sweeping Beam","floor":22.0},{"not_picked":["Hello World","Force Field"],"picked":"Conserve Battery","floor":24.0},{"not_picked":["Steam Power","Turbo"],"picked":"Aggregate","floor":25.0},{"not_picked":["Gash","Compile Driver","Rebound+1"],"picked":"SKIP","floor":27.0},{"not_picked":["Cold Snap","Sweeping Beam","Coolheaded"],"picked":"SKIP","floor":28.0},{"not_picked":["Compile Driver","Leap"],"picked":"Seek","floor":30.0},{"not_picked":["Tempest","Turbo","Ball Lightning+1"],"picked":"SKIP","floor":31.0},{"not_picked":["Skim","Conserve Battery","Coolheaded+1"],"picked":"SKIP","floor":35.0},{"not_picked":["Genetic Algorithm","Defragment+1"],"picked":"Stack+1","floor":39.0},{"not_picked":["Compile Driver","Streamline"],"picked":"Hologram","floor":40.0},{"not_picked":["Gash","Redo+1"],"picked":"Leap+1","floor":42.0},{"not_picked":["Conserve Battery","Barrage"],"picked":"Steam+1","floor":46.0},{"not_picked":["Multi-Cast","Chill"],"picked":"BootSequence","floor":47.0},{"not_picked":["Rebound","Beam Cell+1","Redo"],"picked":"SKIP","floor":48}],"player_experience":533470,"relics_obtained":[{"floor":7.0,"key":"Oddly Smooth Stone"},{"floor":9.0,"key":"Pear"},{"floor":11.0,"key":"Ornamental Fan"},{"floor":24.0,"key":"Unceasing Top"},{"floor":25.0,"key":"Red Mask"},{"floor":26.0,"key":"White Beast Statue"},{"floor":30.0,"key":"The Courier"},{"floor":34.0,"key":"Omamori"},{"floor":34.0,"key":"Frozen Egg 2"},{"floor":34.0,"key":"Gambling Chip"},{"floor":37.0,"key":"Mango"},{"floor":40.0,"key":"Boot"},{"floor":42.0,"key":"Bottled Flame"},{"floor":43.0,"key":"Anchor"},{"floor":48,"key":"Gremlin Horn"}],"event_choices":[{"damage_healed":0.0,"max_hp_gain":0.0,"max_hp_loss":0.0,"gold_gain":75.0,"event_name":"World of Goop","player_choice":"Gather Gold","floor":2.0,"gold_loss":0.0,"damage_taken":11.0},{"damage_healed":0.0,"max_hp_gain":0.0,"max_hp_loss":0.0,"gold_gain":0.0,"event_name":"Shining Light","player_choice":"Entered Light","floor":8.0,"gold_loss":0.0,"damage_taken":15.0,"cards_upgraded":["BootSequence","Defend_B"]},{"damage_healed":0.0,"max_hp_gain":0.0,"max_hp_loss":0.0,"gold_gain":0.0,"event_name":"Scrap Ooze","player_choice":"Success","floor":14.0,"gold_loss":0.0,"damage_taken":7.0,"relics_obtained":["Smiling Mask"]},{"damage_healed":0.0,"max_hp_gain":0.0,"max_hp_loss":0.0,"gold_gain":0.0,"event_name":"The Library","player_choice":"Read","floor":20.0,"gold_loss":0.0,"damage_taken":0.0,"cards_obtained":["Reprogram"]},{"damage_healed":0.0,"max_hp_gain":0.0,"max_hp_loss":0.0,"gold_gain":0.0,"event_name":"Masked Bandits","player_choice":"Fought Bandits","floor":25.0,"gold_loss":0.0,"damage_taken":0.0},{"damage_healed":0.0,"max_hp_gain":0.0,"max_hp_loss":0.0,"gold_gain":0.0,"event_name":"Upgrade Shrine","player_choice":"Upgraded","floor":29.0,"gold_loss":0.0,"damage_taken":0.0,"cards_upgraded":["Hyperbeam"]},{"damage_healed":0.0,"max_hp_gain":0.0,"max_hp_loss":0.0,"gold_gain":0.0,"event_name":"Mysterious Sphere","player_choice":"Fight","floor":37.0,"gold_loss":0.0,"damage_taken":0.0},{"damage_healed":0.0,"max_hp_gain":0.0,"max_hp_loss":0.0,"gold_gain":222.0,"event_name":"Tomb of Lord Red Mask","player_choice":"Wore Mask","floor":38.0,"gold_loss":0.0,"damage_taken":0.0},{"damage_healed":91.0,"max_hp_gain":0.0,"max_hp_loss":13.0,"gold_gain":0.0,"event_name":"The Moai Head","player_choice":"Heal","floor":44.0,"gold_loss":0.0,"damage_taken":0.0},{"cards_removed":["Zap"],"damage_healed":0.0,"max_hp_gain":0.0,"max_hp_loss":0.0,"gold_gain":0.0,"event_name":"Purifier","player_choice":"Purged","floor":45.0,"gold_loss":0.0,"damage_taken":0.0}],"is_beta":true,"boss_relics":[{"not_picked":["Snecko Eye","Inserter"],"picked":"Runic Dome"},{"not_picked":["SacredBark","Empty Cage"],"picked":"Calling Bell"}],"items_purged_floors":[3,19,36],"is_endless":false,"potions_floor_spawned":[1,7,18,22,24,27,28,30,31,33,35,37,39,40,42,46,47,48],"ascension_level":12}}