{"host":"ds1yr10zonoc6w4a","time":1609568254,"event":{"mods":["2.2 Compatiblity","AchievementEnabler","Act Like it!","BaseMod","Better Match","Better Third Choice","BetterRewards","Downfall","Elementarium","Evolution","Gensokyo","GifTheSpireLib","Infinite Spire","Jorbs\u0027s Wanderer Trilogy","Koishi","Menagerie","Minty Spire (QoL Compilation)","Pale of the Ancients","Replay The Spire","StSLib","Stuff the Spire","The Animator","Wandering Minibosses","vexMod","??????REMEMod"],"gold_per_floor":[122,122,140,154,29,66,66,92,92,92,120,120,132,167,142,215,215,233,214,231,256,256,268,303,105,105,124,124,124,124,156,156,246,246,263,238,254,304,320,350,350,350,350,396,417,447,500,526,526,528,528,528,831,881,936,936,936,39,114,194,194,30,125,197,289,116,116,116],"floor_reached":67,"playtime":12078,"items_purged":["animator:Strike","animator:Strike","animator:Strike","animator:Priestess","animator:Witch","animator:HighElfArcher"],"score":2266,"play_id":"9b8629ed-3880-4428-936e-ebf2cdc87a86","local_time":"20210101231734","is_ascension_mode":true,"campfire_choices":[{"data":"animator:Laby","floor":7.0,"key":"SMITH"},{"data":"animator:QuestionMark","floor":10.0,"key":"SMITH"},{"floor":30,"key":"RECALL"},{"data":"animator:TukaLunaMarceau","floor":32,"key":"SMITH"},{"data":"animator:PinaCoLada","floor":41,"key":"SMITH"},{"data":"animator:Arpeggio","floor":49,"key":"SMITH"},{"data":"animator:Jibril","floor":52,"key":"SMITH"}],"circlet_count":0,"master_deck":["AscendersBane","animator:TukaLunaMarceau+1","animator:Kuribayashi+1","Gensokyo:UnhurriedMind+1","animator:Arpeggio+1","animator:QuestionMark+1","animator:HigakiRinne+1","animator:TukaLunaMarceau+1","animator:LizardPriest+1","animator:Laby+1","animator:Tyuule+1","animator:RoryMercury+1","animator:Rimuru","animator:DolaCouronne+1","animator:YaoHaDucy+1","animator:Tyuule+1","animator:Sora+1","animator:Arpeggio+1","animator:Arpeggio+1","animator:YaoHaDucy+1","animator:Togame+1","animator:PinaCoLada+1","animator:Kuribayashi+1","animator:DolaRiku+1","animator:Benimaru+1","animator:Jibril","animator:DwarfShaman+1","animator:TukaLunaMarceau+1","animator:Lu+1","animator:HigakiRinne+1","animator:Emilia+1","animator:IchigoKurosaki+1","animator:LeleiLaLalena+1","animator:Chung+1","animator:DolaSchwi+1","animator:Elsword+1","ReplayTheSpireMod:Splinters","animator:Emonzaemon+1","animator:Konayuki+1","animator:Ain","animator:MisakiNakahara"],"relics":["animator:TheEgnaroPiece","StuffTheSpire:OccultApparatus","animator:TheMissingPiece","animator:AncientMedallion"],"acts_visited":["Exordium","TheCity","TheBeyond","TheEnding","EYB:TheUnnamedReign"],"potions_floor_usage":[55,59,59,60,63,63,67],"damage_taken":[{"damage":0.0,"enemies":"Jaw Worm","floor":1.0,"turns":2.0},{"damage":0.0,"enemies":"Cultist","floor":3.0,"turns":3.0},{"damage":8.0,"enemies":"Small Slimes","floor":4.0,"turns":5.0},{"damage":7.0,"enemies":"3 Sentries","floor":6.0,"turns":8.0},{"damage":4.0,"enemies":"Lagavulin","floor":8.0,"turns":7.0},{"damage":0.0,"enemies":"3 Sentries","floor":11.0,"turns":7.0},{"damage":0.0,"enemies":"2 Fungi Beasts","floor":13.0,"turns":4.0},{"damage":0.0,"enemies":"Lagavulin","floor":14.0,"turns":6.0},{"damage":3.0,"enemies":"Hexaghost","floor":16.0,"turns":9.0},{"damage":0,"enemies":"Spheric Guardian","floor":18,"turns":4},{"damage":2,"enemies":"2 Thieves","floor":19,"turns":4},{"damage":9,"enemies":"3 Cultists","floor":20,"turns":7},{"damage":1,"enemies":"Shelled Parasite and Fungi","floor":23,"turns":3},{"damage":0,"enemies":"animator:HornedBat","floor":24,"turns":5},{"damage":6,"enemies":"Centurion and Healer","floor":27,"turns":4},{"damage":28,"enemies":"REME_1_Revenger","floor":31,"turns":6},{"damage":6,"enemies":"Pondfish","floor":33,"turns":5},{"damage":7,"enemies":"3 Darklings","floor":35,"turns":3},{"damage":2,"enemies":"Orb Walker","floor":37,"turns":3},{"damage":1,"enemies":"Jaw Worm Horde","floor":39,"turns":4},{"damage":0,"enemies":"Nemesis","floor":40,"turns":5},{"damage":0,"enemies":"Giant Head","floor":44,"turns":6},{"damage":13,"enemies":"Spire Growth","floor":45,"turns":5},{"damage":9,"enemies":"R_Hoarder","floor":46,"turns":5},{"damage":0,"enemies":"2 Orb Walkers","floor":47,"turns":3},{"damage":0,"enemies":"Nemesis","floor":48,"turns":4},{"damage":1,"enemies":"Awakened One","floor":50,"turns":6},{"damage":11,"enemies":"animator:UNNAMED_CULTIST_1","floor":54,"turns":10},{"damage":66,"enemies":"animator:TRIPLE_SHAPES_WEAK","floor":55,"turns":8},{"damage":40,"enemies":"animator:UNNAMED_CULTIST_2","floor":59,"turns":9},{"damage":6,"enemies":"animator:LARGE_CUBE","floor":60,"turns":7},{"damage":19,"enemies":"animator:ULTIMATE_CUBE","floor":63,"turns":9},{"damage":118,"enemies":"animator:ULTIMATE_CRYSTAL","floor":67,"turns":8}],"seed_played":"-7905788221905539101","potions_obtained":[{"floor":3.0,"key":"Explosive Potion"},{"floor":8.0,"key":"Fire Potion"},{"floor":11.0,"key":"Strength Potion"},{"floor":13.0,"key":"animator:FalseLifePotion"},{"floor":54,"key":"animator:FalseLifePotion"},{"floor":55,"key":"animator:FalseLifePotion"},{"floor":59,"key":"animator:FalseLifePotion"},{"floor":60,"key":"animator:FalseLifePotion"},{"floor":63,"key":"animator:FalseLifePotion"}],"is_trial":false,"path_per_floor":["M","?","M","M","$","E","R","E","T","R","E","$","M","E","R","B",null,"M","M","M","T","AVR","M","E","$","T","M","?","?","R","E","R","B",null,"M","?","M","AVR","M","E","R","?","T","E","M","E","?","E","R","B",null,"R","??","M","M","T","?","$","M","M","?","$","E","T","?","$","E"],"character_chosen":"THE_ANIMATOR","items_purchased":["animator:Arpeggio","Nunchaku","Counterbalance","vexMod:PaidLearning","Lee\u0027s Waffle","animator:QuestionMark","animator:HighElfArcher","animator:HigakiRinne","animator:TukaLunaMarceau","animator:YaoHaDucy","animator:AncientMedallion","animator:AncientMedallion","animator:AncientMedallion","animator:IchigoKurosaki","animator:FalseLifePotion","animator:Chung+1","animator:DolaSchwi","animator:FalseLifePotion","animator:Ain","animator:MisakiNakahara"],"campfire_rested":0,"item_purchase_floors":[0,0,0,0,0,0,0,0,0,25,58,58,58,58,58,62,62,62,66,66],"current_hp_per_floor":[67,67,68,60,60,53,53,49,49,49,49,49,49,50,50,53,65,65,63,60,60,60,59,59,59,59,53,53,53,53,40,40,37,61,54,54,52,57,56,56,56,56,56,59,46,49,49,49,49,51,68,68,80,69,3,3,3,3,34,45,45,45,42,42,42,42,0,0],"gold":116,"neow_bonus":"","is_daily":false,"chose_seed":false,"campfire_upgraded":6,"win_rate":0.0,"timestamp":1609568254,"path_taken":["M","?","?","M","$","E","R","E","T","R","E","$","M","E","R","BOSS","M","?","M","?","AVR","M","E","?","T","?","?","?","R","E","R","BOSS","M","?","?","AVR","M","E","R","?","T","E","M","E","?","E","R","BOSS","R","??","M","M","T","?","$","M","M","?","$","E","T","?","$","E"],"items_purchased_type":["Card","Relic","Relic","Relic","Relic","Card","Card","Card","Card","Card","Relic","Relic","Relic","Card","Potion","Card","Card","Potion","Card","Card"],"build_version":"2020-12-22","purchased_purges":6,"victory":false,"max_hp_per_floor":[67,67,68,68,68,68,68,68,68,68,68,68,68,69,69,69,69,69,69,69,69,69,69,69,69,69,69,69,69,69,69,69,69,69,69,69,69,74,74,74,74,74,74,74,74,74,74,74,74,74,74,74,80,80,80,80,80,80,80,81,81,81,81,81,81,81,81,81],"card_choices":[{"not_picked":["animator:Hakurou","animator:ZankiKiguchi"],"picked":"animator:Priestess","floor":1.0},{"not_picked":["animator:AcuraAkari","animator:HighElfArcher"],"picked":"animator:LizardPriest","floor":3.0},{"not_picked":["animator:Priestess","animator:Kaijin"],"picked":"animator:Laby","floor":4.0},{"not_picked":["animator:TukaLunaMarceau","animator:Arpeggio"],"picked":"animator:Tyuule","floor":6.0},{"not_picked":["animator:HighElfArcher","animator:Lu","animator:Sora+1"],"picked":"SKIP","floor":8.0},{"not_picked":["animator:Rena+1","animator:Emonzaemon","animator:Gillette"],"picked":"SKIP","floor":11.0},{"not_picked":["animator:Guy+1","animator:Witch+1","animator:Gillette"],"picked":"SKIP","floor":13.0},{"not_picked":["animator:TukaLunaMarceau+1","animator:Kuribayashi"],"picked":"animator:RoryMercury","floor":14.0},{"not_picked":["animator:Witch+1","animator:Shuna+1","animator:Konayuki+1"],"picked":"SKIP","floor":18},{"not_picked":["animator:Azekura+1","animator:Priestess+1","animator:Emonzaemon"],"picked":"SKIP","floor":19},{"not_picked":["animator:Gillette","animator:Ciel+1","animator:Layla"],"picked":"SKIP","floor":20},{"not_picked":["animator:Tyuule+1","animator:YaoHaDucy"],"picked":"animator:Arpeggio","floor":23},{"not_picked":["animator:Witch+1","animator:DolaCouronne+1"],"picked":"animator:Arpeggio+1","floor":24},{"not_picked":["animator:Gillette","animator:Jibril"],"picked":"animator:Togame+1","floor":27},{"not_picked":["animator:Chung+1","animator:Biyorigo","animator:DolaStephanie+1"],"picked":"SKIP","floor":31},{"not_picked":["animator:ItamiYouji","animator:SwordMaiden+1"],"picked":"animator:PinaCoLada","floor":33},{"not_picked":["animator:TukaLunaMarceau+1","animator:YaoHaDucy"],"picked":"animator:Kuribayashi","floor":35},{"not_picked":["animator:Ain","animator:TukaLunaMarceau+1"],"picked":"animator:DolaRiku+1","floor":37},{"not_picked":["animator:FielNirvalen","animator:Konayuki+1"],"picked":"animator:Benimaru","floor":38},{"not_picked":["animator:Laby+1","animator:Biyorigo","animator:DolaStephanie+1"],"picked":"SKIP","floor":39},{"not_picked":["animator:ChaikaBohdan","animator:TsurugaMeisai+1"],"picked":"animator:Jibril","floor":40},{"not_picked":["animator:GuildGirl","animator:LizardPriest+1"],"picked":"animator:DwarfShaman","floor":44},{"not_picked":["animator:DolaCouronne+1","animator:Chung+1"],"picked":"animator:TukaLunaMarceau+1","floor":45},{"not_picked":["animator:GazelDwargon+1","animator:ChaikaBohdan","animator:TsurugaMeisai+1"],"picked":"SKIP","floor":46},{"not_picked":["animator:Viivi+1","animator:LizardPriest+1","animator:Raven+1"],"picked":"SKIP","floor":48},{"not_picked":["animator:Elsword","animator:Rena"],"picked":"animator:Lu","floor":54},{"not_picked":["animator:Ciel","animator:ChlammyZell"],"picked":"animator:HigakiRinne","floor":55},{"not_picked":["animator:Magilou","animator:Hibiki"],"picked":"animator:Emilia","floor":57},{"not_picked":["animator:Priestess","animator:Kaijin","animator:Viivi"],"picked":"SKIP","floor":59},{"not_picked":["animator:Lu+1","animator:Souei"],"picked":"animator:LeleiLaLalena","floor":60},{"not_picked":["animator:Ciel","animator:Rena"],"picked":"animator:Elsword","floor":63},{"not_picked":["animator:UneriGinkaku","animator:Azekura"],"picked":"animator:Emonzaemon","floor":65},{"not_picked":["animator:YaoHaDucy+1","animator:Elsword+1"],"picked":"animator:Konayuki+1","floor":65}],"player_experience":699077,"relics_obtained":[{"floor":6.0,"key":"infinitespire:WardingShard"},{"floor":8.0,"key":"Toxic Egg 2"},{"floor":11.0,"key":"Meat on the Bone"},{"floor":14.0,"key":"StuffTheSpire:MayFlowers"},{"floor":21,"key":"Simple Rune"},{"floor":24,"key":"Mercury Hourglass"},{"floor":26,"key":"infinitespire:Midas Blood"},{"floor":31,"key":"Ice Cream"},{"floor":40,"key":"Replay:Baseball"},{"floor":42,"key":"ReplayTheSpireMod:Ring of Exchange"},{"floor":42,"key":"Ring of Fury"},{"floor":43,"key":"Replay:Bottled Flurry"},{"floor":44,"key":"ReplayTheSpireMod:Shallot"},{"floor":45,"key":"wanderingMiniBosses:CarrionFlame"},{"floor":46,"key":"Bag of Marbles"},{"floor":47,"key":"REME_IWantAll"},{"floor":48,"key":"animator:Buoy"},{"floor":53,"key":"animator:TheEgnaroPiece"},{"floor":56,"key":"animator:AncientMedallion"},{"floor":63,"key":"animator:AncientMedallion"},{"floor":64,"key":"animator:AncientMedallion"},{"floor":65,"key":"animator:AncientMedallion"}],"event_choices":[{"damage_healed":0.0,"max_hp_gain":0.0,"max_hp_loss":0.0,"gold_gain":0.0,"event_name":"WeMeetAgain","player_choice":"Ignored","floor":2.0,"gold_loss":0.0,"damage_taken":0.0},{"damage_healed":0,"gold_gain":0,"player_choice":"Madness","damage_taken":0,"relics_obtained":["betterThird:NestCultRelic"],"max_hp_gain":0,"max_hp_loss":0,"event_name":"betterThird:BetterNest","floor":28,"gold_loss":0},{"damage_healed":0,"gold_gain":0,"player_choice":"Forge","damage_taken":0,"max_hp_gain":0,"max_hp_loss":0,"event_name":"Accursed Blacksmith","floor":29,"gold_loss":0,"cards_upgraded":["animator:HigakiRinne"]},{"damage_healed":0,"gold_gain":0,"player_choice":"Fight","damage_taken":0,"max_hp_gain":0,"max_hp_loss":0,"event_name":"Mysterious Sphere","floor":47,"gold_loss":0},{"damage_healed":0,"gold_gain":0,"player_choice":"Memory 1","damage_taken":0,"max_hp_gain":0,"max_hp_loss":0,"event_name":"SensoryStone","floor":57,"gold_loss":0}],"is_beta":false,"boss_relics":[{"not_picked":["Fusion Hammer","vexMod:MysteryBossChallenge"],"picked":"Sozu"},{"not_picked":["Mark of Pain","Replay:Ancient Bell"],"picked":"Replay:Grab Bag"},{"not_picked":["StuffTheSpire:RunicConfusion","vexMod:TanglingVine"],"picked":"Philosopher\u0027s Stone"},{"not_picked":["REME_DemonsWealth","animator:HolyGrailRelic"],"picked":"Ring of Chaos"}],"items_purged_floors":[0,0,5,22,25,38],"is_endless":false,"potions_floor_spawned":[3,8,11,13,23,24,27,31,39,44,45,48,55,60,63],"killed_by":"animator:ULTIMATE_CRYSTAL","ascension_level":14}}