{"host":"tva948ojjycf0txh","time":1609586496,"event":{"mods":["BaseMod","Minty Spire (QoL Compilation)","Replay The Spire","StSLib"],"gold_per_floor":[110,304,320,335,345,345,361,22,22,56,56,87,87,99,99,198,198,213,31,31,44,44,79,79,7,7,36,36,36,36,71,71,168,268,284,300,300,311,19,19,19],"floor_reached":40,"playtime":3376,"items_purged":[],"score":477,"play_id":"d1bc0a82-7619-47b9-bfa0-9e7c266f4ed0","local_time":"20210102192136","is_ascension_mode":false,"campfire_choices":[{"data":"Armaments","floor":6,"key":"SMITH"},{"floor":11,"key":"REST"},{"floor":13,"key":"REST"},{"data":"Discovery","floor":24,"key":"SMITH"},{"floor":28,"key":"REST"},{"floor":30,"key":"REST"},{"floor":32,"key":"REST"}],"circlet_count":0,"master_deck":["Strike_R","Strike_R","Strike_R","Strike_R","Strike_R","Defend_R","Defend_R","Defend_R","Defend_R","Bash","Dramatic Entrance","Armaments+1","Flex","Clothesline","Bloodletting","Run Through","Trip","Rupture","ReplayTheSpireMod:Stacked","Power Through","Searing Blow","ReplayTheSpireMod:Strike From Hell+1","Massacre+1","Clash+1","Eclipse+1","Uppercut+1","Discovery+1","ReplayReversal+1","Fiend Fire+1","Rage","ReplayTheSpireMod:LeadingStrike+1","Headbutt+1","Barricade+1","Combust+1","Immolate+1","Infernal Blade","Berserk+1","Dark Embrace+1","ReplayTheSpireMod:Limb From Limb+1","Wild Strike+1","Corruption+1","Reaper+1"],"relics":["Burning Blood","Molten Egg 2","WingedGreaves","ReplayTheSpireMod:Shallot","Centennial Puzzle","ChewingGum","Dream Catcher","FossilizedHelix","Frozen Egg 2","Lantern","Replay:Wanted Poster"],"acts_visited":["Exordium","TheCity","TheBeyond"],"potions_floor_usage":[16,16,23,33,38],"damage_taken":[{"damage":8,"enemies":"Jaw Worm","floor":1,"turns":3},{"damage":3,"enemies":"Small Slimes","floor":3,"turns":2},{"damage":0,"enemies":"Cultist","floor":4,"turns":3},{"damage":3,"enemies":"Red Slaver","floor":5,"turns":3},{"damage":17,"enemies":"Exordium Wildlife","floor":7,"turns":4},{"damage":21,"enemies":"3 Sentries","floor":10,"turns":8},{"damage":43,"enemies":"Gremlin Nob","floor":12,"turns":5},{"damage":15,"enemies":"Gremlin Gang","floor":14,"turns":4},{"damage":30,"enemies":"The Guardian","floor":16,"turns":7},{"damage":10,"enemies":"Shell Parasite","floor":18,"turns":4},{"damage":3,"enemies":"Chosen","floor":21,"turns":3},{"damage":8,"enemies":"Book of Stabbing","floor":23,"turns":6},{"damage":9,"enemies":"Gremlin Leader","floor":27,"turns":4},{"damage":11,"enemies":"Book of Stabbing","floor":31,"turns":5},{"damage":60,"enemies":"Champ","floor":33,"turns":8},{"damage":27,"enemies":"3 Darklings","floor":35,"turns":6},{"damage":3,"enemies":"3 Shapes","floor":36,"turns":1},{"damage":38,"enemies":"Spire Growth","floor":38,"turns":5},{"damage":57,"enemies":"Reptomancer","floor":40,"turns":3}],"seed_played":"-7438694244902019199","potions_obtained":[{"floor":3,"key":"Doom Potion"},{"floor":12,"key":"PowerPotion"},{"floor":14,"key":"DistilledChaos"},{"floor":21,"key":"Dexterity Potion"},{"floor":27,"key":"Elixir"},{"floor":38,"key":"ElixirPotion"}],"is_trial":false,"path_per_floor":["M","?","M","M","M","R","M","$","T","E","R","E","R","M","R","B",null,"M","$","?","M","?","E","R","$","T","E","R","?","R","E","R","B",null,"M","M","?","M","$","E"],"character_chosen":"IRONCLAD","items_purchased":["Trip","Rupture","ReplayTheSpireMod:Stacked","Power Through","Searing Blow","Discovery","SneckoOil","Rage","Corruption+1","Reaper+1"],"campfire_rested":5,"item_purchase_floors":[8,8,8,8,8,19,19,25,39,39],"current_hp_per_floor":[78,46,49,55,58,58,47,47,47,32,56,19,43,34,34,10,80,76,76,76,79,79,77,77,77,77,74,80,80,80,75,80,26,80,59,62,80,48,48,0,0],"gold":19,"neow_bonus":"RANDOM_COLORLESS","is_daily":false,"chose_seed":false,"campfire_upgraded":2,"win_rate":0.0,"timestamp":1609586496,"path_taken":["M","?","M","?","M","R","M","$","T","E","R","E","R","M","R","BOSS","M","$","?","?","?","E","R","?","T","E","R","?","R","E","R","BOSS","M","M","?","M","$","E"],"items_purchased_type":["Card","Card","Card","Card","Card","Card","Potion","Card","Card","Card"],"build_version":"2020-12-22","purchased_purges":0,"victory":false,"max_hp_per_floor":[80,80,80,80,80,80,80,80,80,80,80,80,80,80,80,80,80,80,80,80,80,80,80,80,80,80,80,80,80,80,80,80,80,80,80,80,80,80,80,80,80],"card_choices":[{"not_picked":["Replay:Parry","Impatience"],"picked":"Dramatic Entrance","floor":0},{"not_picked":["Clash","Feel No Pain"],"picked":"Armaments","floor":1},{"not_picked":["Clash","Armaments"],"picked":"Headbutt","floor":2},{"not_picked":["Run Through","Thunderclap"],"picked":"Flex","floor":3},{"not_picked":["Replay:Undeath\u0027s Touch","Run Through"],"picked":"Clothesline","floor":4},{"not_picked":["Heavy Blade","Rampage"],"picked":"Bloodletting","floor":5},{"not_picked":["Disarm","Body Slam"],"picked":"Run Through","floor":7},{"not_picked":["Intimidate","Juggernaut"],"picked":"ReplayTheSpireMod:Strike From Hell+1","floor":10},{"not_picked":["Berserk","Dropkick+1"],"picked":"Massacre+1","floor":12},{"not_picked":["Second Wind","Thunderclap+1"],"picked":"Clash+1","floor":14},{"not_picked":["Brutality","Reaper+1"],"picked":"Eclipse","floor":16},{"not_picked":["Shrug It Off+1","Dropkick+1"],"picked":"Uppercut+1","floor":18},{"not_picked":["ReplayTheSpireMod:Strike From Hell+1","Thunderclap+1"],"picked":"ReplayReversal+1","floor":21},{"not_picked":["Replay:Undeath\u0027s Touch+1","Iron Wave+1"],"picked":"Fiend Fire+1","floor":23},{"not_picked":["Bloodletting","Heavy Blade+1"],"picked":"ReplayTheSpireMod:LeadingStrike+1","floor":27},{"not_picked":["Intimidate","Run Through+1"],"picked":"Headbutt+1","floor":28},{"not_picked":["True Grit","Sword Boomerang+1"],"picked":"Combust+1","floor":30},{"not_picked":["Whirlwind+1","Run Through+1"],"picked":"Immolate+1","floor":31},{"not_picked":["Perfected Strike+1","Power Through"],"picked":"Infernal Blade","floor":32},{"not_picked":["Immolate+1","Demonic Infusion"],"picked":"Berserk+1","floor":33},{"not_picked":["Heavy Blade+1","Twin Strike+1"],"picked":"Dark Embrace+1","floor":35},{"not_picked":["Thunderclap+1","Uppercut+1"],"picked":"ReplayTheSpireMod:Limb From Limb+1","floor":36},{"not_picked":["Heavy Blade+1","Clash+1"],"picked":"Wild Strike+1","floor":38}],"player_experience":44606,"relics_obtained":[{"floor":9,"key":"Molten Egg 2"},{"floor":10,"key":"WingedGreaves"},{"floor":12,"key":"ReplayTheSpireMod:Shallot"},{"floor":23,"key":"Dream Catcher"},{"floor":26,"key":"FossilizedHelix"},{"floor":27,"key":"Frozen Egg 2"},{"floor":31,"key":"Lantern"}],"event_choices":[{"cards_removed":["Headbutt"],"damage_healed":0,"gold_gain":0,"player_choice":"Gave Card","damage_taken":0,"relics_obtained":["Centennial Puzzle"],"max_hp_gain":0,"max_hp_loss":0,"event_name":"WeMeetAgain","floor":15,"gold_loss":0},{"damage_healed":0,"gold_gain":0,"player_choice":"Ignored","damage_taken":0,"max_hp_gain":0,"max_hp_loss":0,"event_name":"Purifier","floor":20,"gold_loss":0},{"damage_healed":0,"gold_gain":0,"player_choice":"Forge","damage_taken":0,"max_hp_gain":0,"max_hp_loss":0,"event_name":"Accursed Blacksmith","floor":22,"gold_loss":0,"cards_upgraded":["Eclipse"]},{"damage_healed":0,"gold_gain":0,"player_choice":"Read","damage_taken":0,"max_hp_gain":0,"max_hp_loss":0,"event_name":"The Library","floor":29,"gold_loss":0,"cards_obtained":["Barricade"]},{"damage_healed":18,"gold_gain":0,"player_choice":"Full Heal","damage_taken":0,"max_hp_gain":0,"max_hp_loss":0,"event_name":"Wheel of Change","floor":37,"gold_loss":0}],"is_beta":false,"boss_relics":[{"not_picked":["Calling Bell","Empty Cage"],"picked":"ChewingGum"},{"not_picked":["Black Star","Astrolabe"],"picked":"Replay:Wanted Poster"}],"items_purged_floors":[],"is_endless":false,"potions_floor_spawned":[3,12,14,21,27,31,38],"killed_by":"Reptomancer","ascension_level":0}}