{"host":"0e3sjn8nzeyxegex","time":1609551144,"event":{"mods":["Act Like it!","AlwaysNeverKeys","BaseMod","Better Altar","Better Note","Better Sensory Stone","Better Skull","Better Third Choice","Better Vampires","Colored Map","Friendly Minions","Minty Spire (QoL Compilation)","Permanent Neow","Quick Restart","StSLib"],"gold_per_floor":[110,129,139,155,167,201,6,41,88,88,118,118,128,28,28,130,130,149,162,162,180,180,212,41,69,146,173,242,242,92,122,122,224,224,234,254,267,26,38,38,67,29,29,29,62,62,80,115,115,115],"floor_reached":51,"playtime":3182,"items_purged":["Strike_P","Strike_P","Writhe","Defend_P","Strike_P"],"score":1790,"play_id":"96640dd5-39f6-4ba0-bbb9-3d438c18b6d9","local_time":"20210101203224","is_ascension_mode":true,"campfire_choices":[{"data":"1","floor":10.0,"key":"LIFT"},{"data":"2","floor":12.0,"key":"LIFT"},{"data":"3","floor":15.0,"key":"LIFT"},{"data":"Eruption","floor":29.0,"key":"SMITH"},{"data":"LikeWater","floor":32.0,"key":"SMITH"},{"data":"Meditate","floor":40.0,"key":"SMITH"},{"data":"SpiritShield","floor":44.0,"key":"SMITH"},{"floor":49,"key":"REST"}],"circlet_count":0,"master_deck":["Strike_P+1","Defend_P","Defend_P","Defend_P","Eruption+1","Vigilance","CurseOfTheBell","JustLucky+1","LikeWater+1","Wallop+1","ClearTheMind","CutThroughFate+1","Meditate+1","FearNoEvil+1","FlyingSleeves+1","BowlingBash+1","Wallop+1","SandsOfTime+1","SpiritShield+1","FlurryOfBlows+1","InnerPeace","MentalFortress+1","EmptyFist+1","SpiritShield","EmptyFist+1","Indignation+1","Crescendo+1","Tantrum+1","SpiritShield","CutThroughFate+1","ClearTheMind+1","Halt+1","Adaptation+1","EmptyFist+1","SashWhip+1","Evaluate+1","Flash of Steel+1","EmptyFist+1","LikeWater+1"],"relics":["Calling Bell","Molten Egg 2","FossilizedHelix","PreservedInsect","Girya","Kunai","Nunchaku","Question Card","Sozu","Pen Nib","Ancient Tea Set","Thread and Needle","TeardropLocket","Shuriken","Bottled Lightning","Orichalcum","Runic Pyramid","Membership Card","Whetstone","Yang","Mercury Hourglass","Strawberry"],"acts_visited":["Exordium","TheCity","TheBeyond"],"potions_floor_usage":[],"damage_taken":[{"damage":0.0,"enemies":"2 Louse","floor":1.0,"turns":3.0},{"damage":0.0,"enemies":"Cultist","floor":2.0,"turns":3.0},{"damage":0.0,"enemies":"Jaw Worm","floor":3.0,"turns":3.0},{"damage":0.0,"enemies":"Exordium Wildlife","floor":4.0,"turns":5.0},{"damage":15.0,"enemies":"2 Fungi Beasts","floor":5.0,"turns":4.0},{"damage":5.0,"enemies":"Lagavulin","floor":6.0,"turns":7.0},{"damage":0.0,"enemies":"Gremlin Nob","floor":8.0,"turns":3.0},{"damage":0.0,"enemies":"3 Sentries","floor":11.0,"turns":3.0},{"damage":0.0,"enemies":"Blue Slaver","floor":13.0,"turns":3.0},{"damage":0.0,"enemies":"Hexaghost","floor":16.0,"turns":5.0},{"damage":0.0,"enemies":"Shell Parasite","floor":18.0,"turns":3.0},{"damage":11.0,"enemies":"Spheric Guardian","floor":19.0,"turns":4.0},{"damage":0.0,"enemies":"Centurion and Healer","floor":21.0,"turns":5.0},{"damage":0.0,"enemies":"Slavers","floor":23.0,"turns":4.0},{"damage":12.0,"enemies":"Book of Stabbing","floor":25.0,"turns":4.0},{"damage":0.0,"enemies":"Gremlin Leader","floor":27.0,"turns":3.0},{"damage":0.0,"enemies":"Book of Stabbing","floor":31.0,"turns":2.0},{"damage":0.0,"enemies":"Collector","floor":33.0,"turns":7.0},{"damage":0.0,"enemies":"3 Darklings","floor":35.0,"turns":2.0},{"damage":0.0,"enemies":"Orb Walker","floor":36.0,"turns":1.0},{"damage":0.0,"enemies":"3 Darklings","floor":37.0,"turns":4.0},{"damage":0.0,"enemies":"Transient","floor":39.0,"turns":5.0},{"damage":0.0,"enemies":"Nemesis","floor":41.0,"turns":3.0},{"damage":16,"enemies":"Reptomancer","floor":45,"turns":4},{"damage":0,"enemies":"Maw","floor":47,"turns":6},{"damage":0,"enemies":"Giant Head","floor":48,"turns":4},{"damage":0,"enemies":"Time Eater","floor":50,"turns":7}],"seed_played":"8075999657753798332","potions_obtained":[{"floor":2.0,"key":"ColorlessPotion"},{"floor":3.0,"key":"LiquidBronze"},{"floor":4.0,"key":"SneckoOil"},{"floor":8.0,"key":"DistilledChaos"},{"floor":16.0,"key":"Block Potion"}],"is_trial":false,"path_per_floor":["M","M","M","M","M","E","$","E","T","R","E","R","M","$","R","B",null,"M","M","?","M","?","E","$","E","T","E","T","R","$","E","R","B",null,"M","M","M","$","M","R","E","$","T","R","E","?","M","E","R","B",null],"character_chosen":"WATCHER","items_purchased":["FearNoEvil+1","FlyingSleeves+1","EmptyFist+1","Membership Card","EmptyFist+1","SashWhip+1"],"campfire_rested":1,"item_purchase_floors":[7,7,24,38,42,42],"current_hp_per_floor":[65,65,65,65,50,45,45,45,45,45,45,45,45,45,45,45,65,65,54,54,54,54,54,54,42,42,42,42,42,42,42,42,42,65,65,65,65,65,65,65,65,65,65,65,49,49,49,56,79,79],"gold":115,"neow_bonus":"BOSS_RELIC","is_daily":false,"chose_seed":false,"campfire_upgraded":4,"win_rate":0.0,"timestamp":1609551144,"path_taken":["M","M","M","M","M","E","$","E","T","R","E","R","M","$","R","BOSS","M","M","?","?","?","E","$","E","T","E","?","R","?","E","R","BOSS","M","M","M","$","M","R","E","$","T","R","E","?","M","E","R","BOSS"],"items_purchased_type":["Card","Card","Card","Relic","Card","Card"],"build_version":"2020-12-22","purchased_purges":5,"victory":true,"max_hp_per_floor":[72,72,72,72,72,72,72,72,72,72,72,72,72,72,72,72,72,72,72,72,72,72,72,72,72,72,72,72,72,72,72,72,72,72,72,72,72,72,72,72,72,72,72,72,72,72,72,79,79,79],"card_choices":[{"not_picked":["Worship","CrushJoints+1"],"picked":"JustLucky+1","floor":1.0},{"not_picked":["Wireheading","SignatureMove+1"],"picked":"LikeWater","floor":2.0},{"not_picked":["PathToVictory","Evaluate"],"picked":"Wallop+1","floor":3.0},{"not_picked":["WreathOfFlame","Protect"],"picked":"ClearTheMind","floor":4.0},{"not_picked":["Nirvana","Alpha"],"picked":"CutThroughFate+1","floor":5.0},{"not_picked":["Worship","CutThroughFate+1"],"picked":"Meditate","floor":6.0},{"not_picked":["Fasting2","EmptyBody"],"picked":"BowlingBash+1","floor":8.0},{"not_picked":["ThirdEye","Prostrate"],"picked":"Wallop+1","floor":11.0},{"not_picked":["CrushJoints+1","Vengeance","Meditate"],"picked":"SandsOfTime+1","floor":13.0},{"not_picked":["Omniscience","Scrawl","Brilliance+1"],"picked":"SpiritShield","floor":16.0},{"not_picked":["Sanctity","SashWhip+1","PathToVictory+1"],"picked":"FlurryOfBlows+1","floor":18.0},{"not_picked":["BowlingBash+1","ThirdEye","SignatureMove+1"],"picked":"InnerPeace","floor":19.0},{"not_picked":["ReachHeaven+1","Perseverance+1","Evaluate"],"picked":"EmptyFist+1","floor":21.0},{"not_picked":["Scrawl","ClearTheMind+1","Wish"],"picked":"SpiritShield","floor":23.0},{"not_picked":["PathToVictory","FollowUp+1","FlurryOfBlows+1"],"picked":"Indignation+1","floor":25.0},{"not_picked":["Scrawl","Collect","PathToVictory"],"picked":"Crescendo+1","floor":27.0},{"not_picked":["FlyingSleeves+1","Wireheading","EmptyFist+1"],"picked":"Tantrum+1","floor":31.0},{"not_picked":["DevaForm","Establishment","LessonLearned+1"],"picked":"SpiritShield","floor":33.0},{"not_picked":["Protect","FlyingSleeves+1","Collect+1"],"picked":"CutThroughFate+1","floor":35.0},{"not_picked":["CutThroughFate+1","BowlingBash+1","Pray+1"],"picked":"ClearTheMind+1","floor":36.0},{"not_picked":["Nirvana","ThirdEye","FollowUp+1","FlyingSleeves+1"],"picked":"SKIP","floor":37.0},{"not_picked":["PathToVictory","Protect","Prostrate"],"picked":"Halt+1","floor":39.0},{"not_picked":["BowlingBash+1","Prostrate+1","WindmillStrike+1"],"picked":"Adaptation+1","floor":41.0},{"not_picked":["WaveOfTheHand+1","SignatureMove+1","Omniscience"],"picked":"Evaluate+1","floor":45},{"not_picked":["Enlightenment","Bandage Up","The Bomb"],"picked":"Flash of Steel+1","floor":46},{"not_picked":["Wireheading","Evaluate","EmptyBody"],"picked":"EmptyFist+1","floor":47},{"not_picked":["ClearTheMind+1","Prostrate+1","MasterReality"],"picked":"LikeWater+1","floor":48}],"player_experience":1074422,"relics_obtained":[{"floor":0.0,"key":"Molten Egg 2"},{"floor":0.0,"key":"FossilizedHelix"},{"floor":0.0,"key":"PreservedInsect"},{"floor":6.0,"key":"Girya"},{"floor":8.0,"key":"Kunai"},{"floor":9.0,"key":"Nunchaku"},{"floor":11.0,"key":"Question Card"},{"floor":23.0,"key":"Ancient Tea Set"},{"floor":25.0,"key":"Thread and Needle"},{"floor":26.0,"key":"TeardropLocket"},{"floor":27.0,"key":"Shuriken"},{"floor":28.0,"key":"Bottled Lightning"},{"floor":31.0,"key":"Orichalcum"},{"floor":41.0,"key":"Whetstone"},{"floor":43.0,"key":"Yang"},{"floor":45,"key":"Mercury Hourglass"},{"floor":48,"key":"Strawberry"}],"event_choices":[{"cards_removed":["CutThroughFate"],"damage_healed":0.0,"max_hp_gain":0.0,"max_hp_loss":0.0,"gold_gain":0.0,"event_name":"betterNote:BetterNote","player_choice":"Take \u0026 Give","floor":20.0,"gold_loss":0.0,"damage_taken":0.0,"cards_obtained":["MentalFortress"]},{"damage_healed":0.0,"max_hp_gain":0.0,"max_hp_loss":0.0,"gold_gain":0.0,"event_name":"The Mausoleum","player_choice":"Opened","floor":22.0,"gold_loss":0.0,"damage_taken":0.0,"relics_obtained":["Pen Nib"],"cards_obtained":["Writhe"]},{"damage_healed":0,"gold_gain":3,"player_choice":"1","damage_taken":0,"max_hp_gain":0,"max_hp_loss":0,"event_name":"betterStone:BetterStone","floor":46,"gold_loss":0}],"is_beta":false,"boss_relics":[{"not_picked":["Empty Cage","Ectoplasm"],"picked":"Sozu"},{"not_picked":["Coffee Dripper","Fusion Hammer"],"picked":"Runic Pyramid"}],"items_purged_floors":[7,14,24,30,38],"is_endless":false,"potions_floor_spawned":[2,3,4,8,16,23,25,27,33,37,41,45,47],"ascension_level":9}}