{"host":"r6jigiblrojhp6xe","time":1609603672,"event":{"mods":["AchievementEnabler","BaseMod","DeckTracker","Minty Spire (QoL Compilation)","Quick Restart","Rare Cards Sparkle","Relic Stats","StSLib","SuperFastMode","The Cursed","everything is the same but u backflip on backflip"],"gold_per_floor":[155,173,206,281,31,59,118,118,118,191,191,234,234,247,247,325,325,366,101,141,16,51,51,79,79,106,168,179,179,242,242,242,242,242],"floor_reached":33,"playtime":730,"items_purged":["Strike_P","Strike_P","Strike_P"],"score":662,"play_id":"7973dfe4-fd73-49a0-932c-99df9c877012","local_time":"20210103010752","is_ascension_mode":true,"campfire_choices":[{"data":"Eruption","floor":8.0,"key":"SMITH"},{"data":"HandOfGreed","floor":11.0,"key":"SMITH"},{"data":"WreathOfFlame","floor":15.0,"key":"SMITH"},{"data":"EmptyFist","floor":23,"key":"SMITH"},{"data":"Tantrum","floor":25,"key":"SMITH"},{"data":"Vigilance","floor":29,"key":"SMITH"},{"floor":32,"key":"RECALL"}],"circlet_count":0,"master_deck":["AscendersBane","Strike_P","Defend_P","Defend_P+1","Defend_P+1","Defend_P","Eruption+1","Vigilance+1","HandOfGreed+1","Adaptation+1","Tantrum+1","WreathOfFlame+1","EmptyFist+1","Wallop+1","MentalFortress+1"],"relics":["PureWater","Letter Opener","Matryoshka","InkBottle","Coffee Dripper","TheAbacus","Blue Candle","War Paint"],"acts_visited":["Exordium","TheCity"],"potions_floor_usage":[22,28,31],"damage_taken":[{"damage":9.0,"enemies":"Small Slimes","floor":1.0,"turns":5.0},{"damage":4.0,"enemies":"Jaw Worm","floor":2.0,"turns":5.0},{"damage":6.0,"enemies":"Cultist","floor":3.0,"turns":4.0},{"damage":0.0,"enemies":"Gremlin Nob","floor":6.0,"turns":2.0},{"damage":10.0,"enemies":"Gremlin Gang","floor":7.0,"turns":5.0},{"damage":10.0,"enemies":"3 Sentries","floor":10.0,"turns":4.0},{"damage":0.0,"enemies":"2 Fungi Beasts","floor":12.0,"turns":2.0},{"damage":0.0,"enemies":"Large Slime","floor":14.0,"turns":3.0},{"damage":6.0,"enemies":"Hexaghost","floor":16.0,"turns":6.0},{"damage":15.0,"enemies":"2 Thieves","floor":18.0,"turns":3.0},{"damage":0,"enemies":"Spheric Guardian","floor":20,"turns":1},{"damage":0,"enemies":"Snecko","floor":22,"turns":2},{"damage":27,"enemies":"Gremlin Leader","floor":24,"turns":4},{"damage":4,"enemies":"Centurion and Healer","floor":27,"turns":6},{"damage":10,"enemies":"Cultist and Chosen","floor":28,"turns":6},{"damage":0,"enemies":"3 Cultists","floor":30,"turns":3},{"damage":0,"enemies":"Centurion and Healer","floor":31,"turns":2},{"damage":15,"enemies":"Champ","floor":33,"turns":2}],"seed_played":"-2456979325438638527","potions_obtained":[{"floor":2.0,"key":"SmokeBomb"},{"floor":6.0,"key":"SkillPotion"},{"floor":12.0,"key":"Fire Potion"},{"floor":14.0,"key":"CultistPotion"},{"floor":20,"key":"FearPotion"},{"floor":27,"key":"Regen Potion"},{"floor":28,"key":"SmokeBomb"}],"is_trial":false,"path_per_floor":["M","M","M","?","$","E","M","R","T","E","R","M","?","M","R","B",null,"M","$","M","$","M","R","E","R","T","M","M","R","M","M","R","B"],"character_chosen":"WATCHER","items_purchased":["Adaptation","Tantrum","TheAbacus"],"campfire_rested":0,"item_purchase_floors":[5,5,19],"current_hp_per_floor":[52,48,42,31,31,31,21,21,21,11,11,11,11,11,11,5,48,33,33,33,33,33,33,6,6,6,2,7,7,7,7,7,0,0],"gold":242,"neow_bonus":"RANDOM_COLORLESS_2","is_daily":false,"chose_seed":false,"campfire_upgraded":6,"win_rate":0.0,"timestamp":1609603672,"path_taken":["M","M","M","?","$","E","M","R","T","E","R","M","?","M","R","BOSS","M","$","M","$","M","R","E","R","T","M","M","R","M","M","R","BOSS"],"items_purchased_type":["Card","Card","Relic"],"build_version":"2020-12-22","purchased_purges":3,"victory":false,"max_hp_per_floor":[62,62,62,62,62,62,62,62,62,62,62,62,62,62,62,62,62,62,62,62,62,62,62,62,62,62,62,62,62,62,62,62,62,62],"relic_stats":{"TheAbacus":[30],"counters":[18,65],"Blue Candle":[0],"Letter Opener":[30],"War Paint":["Defend_P","Defend_P"],"obtain_stats":[{"Matryoshka":9,"TheAbacus":19,"Blue Candle":24,"Coffee Dripper":17,"Letter Opener":6,"PureWater":0,"War Paint":26,"InkBottle":10},{"Matryoshka":5,"TheAbacus":10,"Blue Candle":13,"Coffee Dripper":9,"Letter Opener":4,"PureWater":0,"War Paint":13,"InkBottle":6},{"Matryoshka":21,"TheAbacus":39,"Blue Candle":46,"Coffee Dripper":36,"Letter Opener":16,"PureWater":0,"War Paint":46,"InkBottle":25}],"InkBottle":[12]},"card_choices":[{"not_picked":["Chrysalis","Panache"],"picked":"HandOfGreed","floor":0.0},{"not_picked":["Study","ClearTheMind","EmptyBody"],"picked":"SKIP","floor":1.0},{"not_picked":["Halt","Sanctity","Crescendo"],"picked":"SKIP","floor":2.0},{"not_picked":["Sanctity","Nirvana","SashWhip"],"picked":"SKIP","floor":3.0},{"not_picked":["Omniscience","WindmillStrike"],"picked":"WreathOfFlame","floor":6.0},{"not_picked":["DeceiveReality","FollowUp"],"picked":"EmptyFist","floor":7.0},{"not_picked":["ClearTheMind","CutThroughFate","Weave"],"picked":"SKIP","floor":10.0},{"not_picked":["FlurryOfBlows","CarveReality","SashWhip"],"picked":"SKIP","floor":12.0},{"not_picked":["EmptyFist","ReachHeaven","Study"],"picked":"SKIP","floor":14.0},{"not_picked":["BowlingBash","FlyingSleeves","ClearTheMind"],"picked":"SKIP","floor":18.0},{"not_picked":["FlyingSleeves+1","Crescendo","Halt"],"picked":"SKIP","floor":20},{"not_picked":["Brilliance","Protect"],"picked":"Wallop+1","floor":22},{"not_picked":["EmptyFist","ForeignInfluence"],"picked":"MentalFortress+1","floor":24},{"not_picked":["Prostrate","Collect","SashWhip"],"picked":"SKIP","floor":27},{"not_picked":["Consecrate","Study+1","ThirdEye"],"picked":"SKIP","floor":28},{"not_picked":["Crescendo","LikeWater","Consecrate"],"picked":"SKIP","floor":30}],"player_experience":561045,"relics_obtained":[{"floor":6.0,"key":"Letter Opener"},{"floor":9.0,"key":"Matryoshka"},{"floor":10.0,"key":"InkBottle"},{"floor":24,"key":"Blue Candle"},{"floor":26,"key":"War Paint"}],"event_choices":[{"damage_healed":0.0,"max_hp_gain":0.0,"max_hp_loss":0.0,"gold_gain":75.0,"event_name":"World of Goop","player_choice":"Gather Gold","floor":4.0,"gold_loss":0.0,"damage_taken":11.0},{"damage_healed":0.0,"max_hp_gain":0.0,"max_hp_loss":0.0,"gold_gain":0.0,"event_name":"Accursed Blacksmith","player_choice":"Forge","floor":13.0,"gold_loss":0.0,"damage_taken":0.0,"cards_upgraded":["Adaptation"]}],"is_beta":false,"boss_relics":[{"not_picked":["Empty Cage","Ectoplasm"],"picked":"Coffee Dripper"}],"items_purged_floors":[5,19,21],"is_endless":false,"potions_floor_spawned":[2,6,12,14,20,27,28,31],"killed_by":"Champ","ascension_level":20}}