{"host":"h4lp0eeso8a0ssq0","time":1609551834,"event":{"mods":["2.2 Compatiblity","AchievementEnabler","BaseMod","CapriCore","Colored Map","Lobotomy","Minty Spire (QoL Compilation)","StSLib","SuperFastMode"],"gold_per_floor":[112,124,124,137,57,57,68,68,68,86,106,119,119,119,119,218,218,235,310,235,248,264,283,297,297,297,197,211,227,227,238,238,238,238],"floor_reached":33,"playtime":877,"items_purged":["Defend_P","Strike_P"],"score":245,"play_id":"0bb80fda-524c-4fc2-891a-063a6447a61c","local_time":"20210102104354","is_ascension_mode":false,"campfire_choices":[{"data":"Eruption","floor":6.0,"key":"SMITH"},{"data":"Adaptation","floor":8.0,"key":"SMITH"},{"data":"MentalFortress","floor":15.0,"key":"SMITH"},{"floor":25.0,"key":"REST"},{"data":"Vigilance","floor":30.0,"key":"SMITH"},{"floor":32.0,"key":"REST"}],"circlet_count":0,"master_deck":["Strike_P","Defend_P","Defend_P","Defend_P","Eruption+1","Vigilance+1","Tantrum","MentalFortress+1","Adaptation+1"],"relics":["Sozu"],"acts_visited":["Exordium","TheCity"],"potions_floor_usage":[],"damage_taken":[{"damage":0.0,"enemies":"Cultist","floor":1.0,"turns":3.0},{"damage":2.0,"enemies":"2 Louse","floor":2.0,"turns":3.0},{"damage":0.0,"enemies":"Small Slimes","floor":4.0,"turns":3.0},{"damage":0.0,"enemies":"Blue Slaver","floor":7.0,"turns":4.0},{"damage":15.0,"enemies":"Lots of Slimes","floor":10.0,"turns":2.0},{"damage":8.0,"enemies":"Red Slaver","floor":11.0,"turns":4.0},{"damage":0.0,"enemies":"Gremlin Gang","floor":12.0,"turns":3.0},{"damage":12.0,"enemies":"Slime Boss","floor":16.0,"turns":8.0},{"damage":0.0,"enemies":"Spheric Guardian","floor":18.0,"turns":4.0},{"damage":5.0,"enemies":"Chosen","floor":21.0,"turns":3.0},{"damage":0.0,"enemies":"Shelled Parasite and Fungi","floor":22.0,"turns":4.0},{"damage":9.0,"enemies":"Snake Plant","floor":23.0,"turns":5.0},{"damage":20.0,"enemies":"Cultist and Chosen","floor":24.0,"turns":6.0},{"damage":2.0,"enemies":"Centurion and Healer","floor":28.0,"turns":6.0},{"damage":2.0,"enemies":"Chosen and Byrds","floor":29.0,"turns":4.0},{"damage":15.0,"enemies":"Snecko","floor":31.0,"turns":6.0},{"damage":63,"enemies":"Collector","floor":33,"turns":7}],"seed_played":"2518721725450279072","potions_obtained":[],"is_trial":false,"path_per_floor":["M","M","?","M","$","R","M","R","T","M","M","M","?","?","R","B",null,"M","?","$","M","M","M","M","R","T","$","M","M","R","M","R","B"],"character_chosen":"WATCHER","items_purchased":["MentalFortress"],"campfire_rested":2,"item_purchase_floors":[5],"current_hp_per_floor":[72,70,70,70,70,70,70,70,70,55,47,47,47,47,47,35,72,72,65,65,60,60,51,31,52,52,52,50,48,48,33,54,0,0],"gold":238,"neow_bonus":"BOSS_RELIC","is_daily":false,"chose_seed":false,"campfire_upgraded":4,"win_rate":0.0,"timestamp":1609551834,"path_taken":["M","M","?","?","?","R","M","R","T","M","M","M","?","?","R","BOSS","M","?","$","M","M","M","M","R","T","$","M","?","R","M","R","BOSS"],"items_purchased_type":["Card"],"build_version":"2020-12-22","purchased_purges":2,"victory":false,"max_hp_per_floor":[72,72,72,72,72,72,72,72,72,72,72,72,72,72,72,72,72,72,72,72,72,72,72,72,72,72,72,72,72,72,72,72,72,72],"card_choices":[{"not_picked":["FollowUp","Crescendo","Halt"],"picked":"SKIP","floor":1.0},{"not_picked":["SashWhip","FlyingSleeves"],"picked":"Tantrum","floor":2.0},{"not_picked":["Collect","FlurryOfBlows","FlyingSleeves"],"picked":"SKIP","floor":4.0},{"not_picked":["Conclude","Evaluate"],"picked":"Adaptation","floor":7.0},{"not_picked":["Perseverance","EmptyMind","Wallop"],"picked":"SKIP","floor":10.0},{"not_picked":["LikeWater","Weave","Evaluate"],"picked":"SKIP","floor":11.0},{"not_picked":["ThirdEye","CutThroughFate","FlurryOfBlows"],"picked":"SKIP","floor":12.0},{"not_picked":["Consecrate+1","Indignation","LikeWater"],"picked":"SKIP","floor":18.0},{"not_picked":["Study","Worship","CrushJoints"],"picked":"SKIP","floor":21.0},{"not_picked":["FlyingSleeves","FlurryOfBlows+1","TalkToTheHand"],"picked":"SKIP","floor":22.0},{"not_picked":["ConjureBlade","PathToVictory","WheelKick"],"picked":"SKIP","floor":23.0},{"not_picked":["Wallop","Evaluate","ClearTheMind"],"picked":"SKIP","floor":24.0},{"not_picked":["FlurryOfBlows","DeceiveReality+1","EmptyFist"],"picked":"SKIP","floor":28.0},{"not_picked":["FlyingSleeves","Vault","Prostrate"],"picked":"SKIP","floor":29.0},{"not_picked":["Meditate","Vengeance","Consecrate"],"picked":"SKIP","floor":31.0}],"player_experience":20616,"relics_obtained":[],"event_choices":[{"cards_removed":["Strike_P"],"damage_healed":0.0,"max_hp_gain":0.0,"max_hp_loss":0.0,"gold_gain":0.0,"event_name":"Bonfire Elementals","player_choice":"Offered Basic","floor":3.0,"gold_loss":0.0,"damage_taken":0.0},{"cards_removed":["Strike_P"],"damage_healed":0.0,"max_hp_gain":0.0,"max_hp_loss":0.0,"gold_gain":0.0,"event_name":"Living Wall","player_choice":"Forget","floor":13.0,"gold_loss":0.0,"damage_taken":0.0},{"damage_healed":0.0,"max_hp_gain":0.0,"max_hp_loss":0.0,"gold_gain":0.0,"event_name":"Liars Game","player_choice":"Ignored","floor":14.0,"gold_loss":0.0,"damage_taken":0.0},{"damage_healed":0.0,"max_hp_gain":0.0,"max_hp_loss":0.0,"gold_gain":75.0,"event_name":"FaceTrader","player_choice":"Touch","floor":19.0,"gold_loss":0.0,"damage_taken":7.0}],"is_beta":false,"boss_relics":[{"not_picked":["Pandora\u0027s Box","SacredBark","Black Star"]}],"items_purged_floors":[20,27],"is_endless":false,"potions_floor_spawned":[2,7,10,11,21,22,29,31],"killed_by":"Collector","ascension_level":0}}