{"host":"3w007pgvkin6up9o","time":1609556262,"event":{"mods":["AchievementEnabler","BaseMod","Bestiary","Better Altar","Better Match","Better Note","Better Sensory Stone","Better Skull","Better Third Choice","ChefMod","Hermit","HololiveMod","Marisa????????","Minty Spire (QoL Compilation)","Railgun Mod","Random Character Button","Reimu??????","Remilia??????","Replay The Spire","Shade Mod","Spicy Shops","StSLib","The Alterego","The Animator","The Bug Knight","The Cursed","The Gatherer","The Mystic","The Senshi","The Servant 0.9.4","The Wild Card","Trackpad","Waifu the Spire","WarShipGirlsR/????R mod","??????REMEMod"],"gold_per_floor":[76,76,95,95,114,114,114,59,85,119,394,404,437,457,457,559,559,579,579,568,568,583,517,8,8,8,115,167,189,189,218,218,340,340,353,353,9,109,129,129,159,159,159,189,221,246,246,259,259,277,277,277,48,95,125],"floor_reached":56,"playtime":4047,"items_purged":["Regret"],"score":1424,"play_id":"668ae1d6-0afb-4996-b5f9-8cc57375aaf7","local_time":"20210101215742","is_ascension_mode":false,"campfire_choices":[{"data":"Hololive_CallYuzukiChoco","floor":6,"key":"SMITH"},{"data":"Hololive_CallAkiRosenthal","floor":15,"key":"SMITH"},{"data":"Hololive_CocoNews","floor":25,"key":"SMITH"},{"data":"Hololive_BeCareful","floor":30,"key":"SMITH"},{"data":"Hololive_Yoholoon","floor":32,"key":"SMITH"},{"data":"Hololive_CallShiranuiFlare","floor":40,"key":"SMITH"},{"data":"Hololive_LuckPotion","floor":42,"key":"SMITH"},{"floor":49,"key":"RECALL"},{"data":"Hololive_CallManoAloe","floor":52,"key":"SMITH"}],"circlet_count":0,"master_deck":["Hololive_Strike+1","Hololive_Strike","Hololive_Defend","Hololive_Defend+1","Hololive_CocoNews","Hololive_CallAyundaRisu","Hololive_CallAkiRosenthal+1","Hololive_CallRoboco+1","Hololive_CallOkamiMio+1","Hololive_CallAkaiHaato","Hololive_WolfAndLamb","Hololive_Psychosis","Hololive_CallOmaruPolka","Jack Of All Trades+1","Hololive_CallYuzukiChoco+1","Hololive_CallYozoraMel+1","Hololive_Breathe","Hololive_LuckPotion+1","Hololive_CallNatsuiroMatsuri","Hololive_CallMomosuzuNene+16","Hololive_Recruit+1","Hololive_Yoholoon+1","Hololive_CallOzoraSubaru+1","Hololive_CallYozoraMel+1","Hololive_CallYozoraMel+1","Hololive_CocoNews+1","Hololive_BeCareful+1","Hololive_Breathe+1","Hololive_HuntDinosaur","Hololive_DurableLive+1","Hololive_BringToTrial+1","Hololive_CallInugamiKorone","Hololive_CallInugamiKorone","Hololive_CallShiranuiFlare+1","Hololive_CallManoAloe+1","Hololive_CocoNews+1","Hololive_LuckPotion+1","Hololive_CocoNews+1","Hololive_CallKiryuuCoco+1"],"relics":["Hololive_TheStar","REME_ComplimentaryCards","War Paint","REME_PuzzleBoxRelic","Runic Pyramid","Nloth\u0027s Gift","Bottled Tornado","REME_ArchaeologicalTools","REME_HourglassOfDeath","trackpad:WritersBlock","Ring of Chaos","Guide Book","trackpad:BottledTsunami","trackpad:FieryHotPepper","Strange Spoon","Anchor","Replay:Bottled Flurry"],"acts_visited":["Exordium","TheCity","TheBeyond","TheEnding"],"potions_floor_usage":[10,35,55,55,55,55],"damage_taken":[{"damage":0,"enemies":"Small Slimes","floor":1,"turns":3},{"damage":0,"enemies":"2 Louse","floor":3,"turns":2},{"damage":0,"enemies":"Jaw Worm","floor":5,"turns":1},{"damage":4,"enemies":"3 Sentries","floor":10,"turns":11},{"damage":0,"enemies":"Large Slime","floor":12,"turns":4},{"damage":0,"enemies":"Gremlin Nob","floor":13,"turns":3},{"damage":2,"enemies":"Gremlin Gang","floor":14,"turns":4},{"damage":0,"enemies":"Hexaghost","floor":16,"turns":5},{"damage":0,"enemies":"Shell Parasite","floor":18,"turns":5},{"damage":2,"enemies":"2 Thieves","floor":20,"turns":4},{"damage":2,"enemies":"3 Cultists","floor":22,"turns":4},{"damage":0,"enemies":"Book of Stabbing","floor":23,"turns":3},{"damage":0,"enemies":"HollowMod:Nosk","floor":27,"turns":5},{"damage":0,"enemies":"Sentry and Sphere","floor":29,"turns":2},{"damage":0,"enemies":"Chosen and Byrds","floor":31,"turns":2},{"damage":0,"enemies":"Collector","floor":33,"turns":6},{"damage":26,"enemies":"3 Darklings","floor":35,"turns":5},{"damage":6,"enemies":"3 Shapes","floor":39,"turns":3},{"damage":0,"enemies":"Maw","floor":41,"turns":7},{"damage":0,"enemies":"Sphere and 2 Shapes","floor":44,"turns":3},{"damage":0,"enemies":"4 Shapes","floor":45,"turns":3},{"damage":0,"enemies":"3 Darklings","floor":46,"turns":4},{"damage":0,"enemies":"Sphere and 2 Shapes","floor":48,"turns":3},{"damage":5,"enemies":"Time Eater","floor":50,"turns":8},{"damage":0,"enemies":"Shield and Spear","floor":54,"turns":8},{"damage":6,"enemies":"The Heart","floor":55,"turns":8}],"seed_played":"-3269694800066277869","potions_obtained":[{"floor":1,"key":"FairyPotion"},{"floor":3,"key":"Elixir"},{"floor":10,"key":"SneckoOil"},{"floor":23,"key":"DistilledChaos"},{"floor":41,"key":"SpeedPotion"},{"floor":44,"key":"Death Potion"},{"floor":48,"key":"Venom Potion"}],"is_trial":false,"path_per_floor":["M","?","M","?","M","R","?","$","T","E","?","M","E","M","R","B",null,"M","?","M","?","M","E","$","R","T","E","T","M","R","M","R","B",null,"M","?","$","?","M","R","M","R","T","M","M","M","?","M","R","B",null,"R","$","E","B",null],"character_chosen":"Hololive_HololiveCharacter","items_purchased":["Hololive_CallYozoraMel+1","REME_ProfessionalPlagiarism","REME_ArchaeologicalTools","Hololive_CallInugamiKorone","Guide Book","trackpad:BottledTsunami","Strange Spoon","Anchor"],"campfire_rested":0,"item_purchase_floors":[8,24,24,37,37,37,53,53],"current_hp_per_floor":[35,35,35,35,35,35,35,35,35,31,31,35,35,35,35,35,35,35,35,35,35,35,35,35,35,35,35,35,35,35,35,35,35,35,35,35,35,35,34,34,35,35,35,35,35,35,35,35,35,35,35,35,35,35,35],"gold":125,"neow_bonus":"UPGRADE_CARD","is_daily":false,"chose_seed":false,"campfire_upgraded":8,"win_rate":0.0,"timestamp":1609556262,"path_taken":["M","?","M","?","M","R","?","?","T","E","?","?","E","?","R","BOSS","M","?","M","?","M","E","$","R","T","E","?","M","R","?","R","BOSS","M","?","$","?","?","R","M","R","T","M","M","M","?","?","R","BOSS","R","$","E","BOSS"],"items_purchased_type":["Card","Card","Relic","Card","Relic","Relic","Relic","Relic"],"build_version":"2020-12-22","purchased_purges":1,"victory":true,"max_hp_per_floor":[35,35,35,35,35,35,35,35,35,35,35,35,35,35,35,35,35,35,35,35,35,35,35,35,35,35,35,35,35,35,35,35,35,35,35,35,35,35,35,35,35,35,35,35,35,35,35,35,35,35,35,35,35,35,35],"card_choices":[{"not_picked":["Hololive_OvertimeWork","Hololive_StrengthChampion","Hololive_Yoholoon"],"picked":"Hololive_Psychosis","floor":1},{"not_picked":["Hololive_Psychosis","Hololive_ILoveYou","Hololive_HuntDinosaur"],"picked":"Hololive_CallOmaruPolka","floor":3},{"not_picked":["Replay:Parry","Purity","REME_PuzzleBox"],"picked":"Jack Of All Trades","floor":4},{"not_picked":["Hololive_Breathe","Hololive_CallMinatoAqua","Hololive_OvertimeWork"],"picked":"Hololive_CallYuzukiChoco","floor":5},{"not_picked":["Hololive_CallAiraniIofifteen","Hololive_StrengthChampion","Hololive_CallNekomataOkayu"],"picked":"Hololive_Breathe","floor":10},{"not_picked":["Hololive_RevenueBasedLive","Hololive_Psychosis","Hololive_CallRoboco"],"picked":"Hololive_LuckPotion","floor":12},{"not_picked":["Hololive_ILoveYou","Hololive_ManjiGathering","Hololive_RevenueBasedLive"],"picked":"Hololive_CallNatsuiroMatsuri","floor":13},{"not_picked":["Hololive_CallOzoraSubaru","Hololive_BeCareful","Hololive_Rebound"],"picked":"Hololive_CallMomosuzuNene","floor":14},{"not_picked":["Hololive_ScarfAndHalo","Hololive_DiamondStrike","Hololive_DDD"],"picked":"Hololive_Recruit","floor":16},{"not_picked":["Hololive_Drill","Hololive_Breathe","Hololive_Trident"],"picked":"Hololive_Yoholoon","floor":18},{"not_picked":["Hololive_CallTokinoSora","Hololive_HuntDinosaur","Hololive_StarCraft"],"picked":"Hololive_CallOzoraSubaru+1","floor":20},{"not_picked":["Hololive_Rebound","Hololive_CallShiroganeNoel","Hololive_CallMinatoAqua"],"picked":"Hololive_CallYozoraMel+1","floor":22},{"not_picked":["Hololive_CallHimemoriLuna","Hololive_IdolExercise","Hololive_OpenUp"],"picked":"Hololive_CocoNews","floor":23},{"not_picked":["Hololive_CallOzoraSubaru","Hololive_CallHoshimachiSuisei","Hololive_Trident+1"],"picked":"Hololive_BeCareful","floor":27},{"not_picked":["Hololive_Psychosis","Hololive_Drill","Hololive_Rebound"],"picked":"Hololive_Breathe+1","floor":29},{"not_picked":["Hololive_ScarfAndHalo","Hololive_Drill","Hololive_Trident+1"],"picked":"Hololive_HuntDinosaur","floor":31},{"not_picked":["Hololive_BeCareful","Hololive_FlareMind","Hololive_ScarfAndHalo"],"picked":"Hololive_DurableLive","floor":33},{"not_picked":["Hololive_Sequa","Hololive_RevenueBasedLive+1","Hololive_FlyingPonyTail"],"picked":"Hololive_BringToTrial+1","floor":35},{"not_picked":["Hololive_Breathe+1","Hololive_Psychosis+1","Hololive_HuntDinosaur"],"picked":"Hololive_CallShiranuiFlare","floor":39},{"not_picked":["Hololive_Sequa","Hololive_HighAtkLowDef","Hololive_CallAkiRosenthal"],"picked":"Hololive_CallKiryuuCoco+1","floor":41},{"not_picked":["Hololive_DiamondStrike","Hololive_FlyingPonyTail+1","Hololive_CallShishiroBotan+1"],"picked":"Hololive_CallManoAloe","floor":44},{"not_picked":["Hololive_OvertimeWork","Hololive_CallMoonaHoshinova","Hololive_Nanodesu"],"picked":"Hololive_CocoNews+1","floor":45},{"not_picked":["Hololive_DevilCharm","Hololive_HuntDinosaur+1","Hololive_CallOkamiMio+1"],"picked":"Hololive_LuckPotion+1","floor":46},{"not_picked":["Hololive_Sequa","Hololive_HuntDinosaur+1","Hololive_Rebound"],"picked":"Hololive_CocoNews+1","floor":48},{"not_picked":["Hololive_Thief","Hololive_CallTsunomakiWatame","Hololive_RevenueBasedLive"],"picked":"Hololive_CallKiryuuCoco+1","floor":54}],"player_experience":187009,"relics_obtained":[{"floor":9,"key":"War Paint"},{"floor":10,"key":"CrazyTorch:ReiMu"},{"floor":13,"key":"REME_PuzzleBoxRelic"},{"floor":23,"key":"Bottled Tornado"},{"floor":26,"key":"REME_HourglassOfDeath"},{"floor":27,"key":"trackpad:WritersBlock"},{"floor":43,"key":"trackpad:FieryHotPepper"},{"floor":54,"key":"Replay:Bottled Flurry"}],"event_choices":[{"damage_healed":0,"gold_gain":1,"player_choice":"1","damage_taken":0,"max_hp_gain":0,"max_hp_loss":0,"event_name":"betterStone:BetterStone","floor":4,"gold_loss":0},{"damage_healed":0,"gold_gain":0,"player_choice":"Grow","damage_taken":0,"max_hp_gain":0,"max_hp_loss":0,"event_name":"Living Wall","floor":7,"gold_loss":0,"cards_upgraded":["Hololive_CallRoboco"]},{"damage_healed":0,"gold_gain":275,"player_choice":"Desecrate","damage_taken":0,"max_hp_gain":0,"max_hp_loss":0,"event_name":"Golden Shrine","floor":11,"gold_loss":0,"cards_obtained":["Regret"]},{"damage_healed":0,"gold_gain":0,"player_choice":"Traded Relic","damage_taken":0,"relics_obtained":["Nloth\u0027s Gift"],"max_hp_gain":0,"max_hp_loss":0,"event_name":"N\u0027loth","floor":19,"relics_lost":["CrazyTorch:ReiMu"],"gold_loss":0},{"damage_healed":0,"gold_gain":0,"player_choice":"Copied","damage_taken":0,"max_hp_gain":0,"max_hp_loss":0,"event_name":"Duplicator","floor":21,"gold_loss":0,"cards_obtained":["Hololive_CallYozoraMel"]},{"cards_removed":["REME_ProfessionalPlagiarism"],"damage_healed":0,"gold_gain":0,"player_choice":"Removed Skill","damage_taken":0,"max_hp_gain":0,"max_hp_loss":0,"event_name":"Falling","floor":36,"gold_loss":0},{"damage_healed":0,"gold_gain":100,"player_choice":"Pray","damage_taken":0,"max_hp_gain":0,"max_hp_loss":0,"event_name":"Golden Shrine","floor":38,"gold_loss":0},{"cards_removed":["Hololive_CallKiryuuCoco"],"damage_healed":0,"gold_gain":0,"player_choice":"Offered Uncommon","damage_taken":0,"max_hp_gain":0,"max_hp_loss":0,"event_name":"Bonfire Elementals","floor":47,"gold_loss":0}],"is_beta":false,"boss_relics":[{"not_picked":["Honey Jar","Black Star"],"picked":"Runic Pyramid"},{"not_picked":["Hololive_TopUpMoneyS","Kintsugi"],"picked":"Ring of Chaos"}],"items_purged_floors":[24],"is_endless":false,"potions_floor_spawned":[1,3,10,23,27,31,41,44,46,48],"ascension_level":0}}