{"host":"Jin","time":1609594093,"event":{"mods":["BaseMod","Better Altar","Better Match","Better Note","Better Sensory Stone","Better Skull","Better Third Choice","Highlight Path","Minty Spire (QoL Compilation)","Permanent Neow","Quick Restart","StSLib"],"gold_per_floor":[114,130,130,148,164,199,199,199,226,226,238,271,17,52,52,127,127,140,157,173,223,236,265,265,296,323,337,337,369,383,414,414,500,572,596,615,236,236,274,274,309,309,309,309,340,24,66,66,66,66],"floor_reached":51,"playtime":2264,"items_purged":["Go for the Eyes","Zap"],"score":1858,"play_id":"1706179a-eb2e-40ff-ab8f-6360493196d7","local_time":"20210102222813","is_ascension_mode":true,"campfire_choices":[{"data":"Electrodynamics","floor":7.0,"key":"SMITH"},{"floor":10.0,"key":"REST"},{"data":"Electrodynamics","floor":15.0,"key":"SMITH"},{"data":"Defragment","floor":24.0,"key":"SMITH"},{"data":"Tempest","floor":28.0,"key":"SMITH"},{"data":"Defragment","floor":32.0,"key":"SMITH"},{"data":"Hologram","floor":40,"key":"SMITH"},{"data":"Rainbow","floor":42,"key":"SMITH"},{"data":"Heatsinks","floor":44,"key":"SMITH"},{"floor":49,"key":"RECALL"}],"circlet_count":0,"master_deck":["AscendersBane","Dualcast+1","Force Field+1","Electrodynamics+1","Apotheosis+1","Electrodynamics+1","Meteor Strike+1","Defragment+1","Doom and Gloom+1","Tempest+1","Core Surge+1","Defragment+1","Rainbow+1","Hologram+1","Echo Form+1","Darkness+1","Fusion+1","All For One+1","Lockon+1","Heatsinks+1","Heatsinks+1","Echo Form+1","Coolheaded+1","Heatsinks+1","Machine Learning+1","Tempest+1","Echo Form+1"],"relics":["Snecko Eye","Toy Ornithopter","DataDisk","Bag of Preparation","Mummified Hand","Thread and Needle","SacredBark","Darkstone Periapt","PreservedInsect","Strawberry","Prayer Wheel","CeramicFish","Pandora\u0027s Box","FossilizedHelix","Bag of Marbles","Letter Opener","Happy Flower","Membership Card","Kunai","Meat on the Bone","Mark of the Bloom"],"acts_visited":["Exordium","TheCity","TheBeyond"],"potions_floor_usage":[],"damage_taken":[{"damage":19.0,"enemies":"Jaw Worm","floor":1.0,"turns":7.0},{"damage":9.0,"enemies":"2 Louse","floor":2.0,"turns":3.0},{"damage":0.0,"enemies":"Small Slimes","floor":4.0,"turns":3.0},{"damage":17.0,"enemies":"3 Louse","floor":5.0,"turns":5.0},{"damage":5.0,"enemies":"3 Sentries","floor":6.0,"turns":3.0},{"damage":0.0,"enemies":"Large Slime","floor":11.0,"turns":3.0},{"damage":12.0,"enemies":"Lagavulin","floor":12.0,"turns":7.0},{"damage":0.0,"enemies":"Gremlin Nob","floor":14.0,"turns":3.0},{"damage":0.0,"enemies":"The Guardian","floor":16.0,"turns":8.0},{"damage":0.0,"enemies":"Spheric Guardian","floor":18.0,"turns":2.0},{"damage":0.0,"enemies":"Shell Parasite","floor":19.0,"turns":3.0},{"damage":0.0,"enemies":"Snake Plant","floor":20.0,"turns":2.0},{"damage":0.0,"enemies":"3 Cultists","floor":22.0,"turns":3.0},{"damage":0.0,"enemies":"Book of Stabbing","floor":23.0,"turns":2.0},{"damage":17.0,"enemies":"Slavers","floor":25.0,"turns":3.0},{"damage":0.0,"enemies":"Chosen and Byrds","floor":27.0,"turns":2.0},{"damage":0.0,"enemies":"Gremlin Leader","floor":29.0,"turns":2.0},{"damage":0.0,"enemies":"Shelled Parasite and Fungi","floor":30.0,"turns":2.0},{"damage":0.0,"enemies":"Book of Stabbing","floor":31.0,"turns":2.0},{"damage":9,"enemies":"Automaton","floor":33,"turns":5},{"damage":0,"enemies":"Orb Walker","floor":35,"turns":1},{"damage":0,"enemies":"3 Shapes","floor":36,"turns":1},{"damage":0,"enemies":"Transient","floor":39,"turns":4},{"damage":0,"enemies":"Reptomancer","floor":41,"turns":2},{"damage":0,"enemies":"Nemesis","floor":45,"turns":1},{"damage":0,"enemies":"Giant Head","floor":47,"turns":3},{"damage":24,"enemies":"Time Eater","floor":50,"turns":3}],"seed_played":"-53009066888459080","potions_obtained":[{"floor":2.0,"key":"Strength Potion"},{"floor":4.0,"key":"DuplicationPotion"},{"floor":6.0,"key":"Dexterity Potion"},{"floor":14.0,"key":"LiquidBronze"},{"floor":22.0,"key":"PowerPotion"},{"floor":23.0,"key":"PotionOfCapacity"},{"floor":25.0,"key":"Block Potion"},{"floor":30.0,"key":"Explosive Potion"},{"floor":36,"key":"LiquidBronze"},{"floor":45,"key":"BlessingOfTheForge"},{"floor":47,"key":"EntropicBrew"}],"is_trial":false,"path_per_floor":["M","M","?","M","M","E","R","?","T","R","M","E","$","E","R","B",null,"M","M","M","?","M","E","R","E","T","M","R","E","M","E","R","B",null,"M","M","$","?","M","R","E","R","T","R","E","$","E","?","R","B",null],"character_chosen":"DEFECT","items_purchased":["Mummified Hand","FossilizedHelix","Membership Card","Kunai"],"campfire_rested":1,"item_purchase_floors":[13,37,46,46],"current_hp_per_floor":[45,36,36,36,19,14,14,14,14,35,35,23,23,28,28,28,60,60,65,65,65,65,70,70,53,60,60,60,60,65,75,75,66,75,75,75,75,75,75,75,75,75,75,75,75,75,75,75,75,51],"gold":66,"neow_bonus":"BOSS_RELIC","is_daily":false,"chose_seed":false,"campfire_upgraded":8,"win_rate":0.0,"timestamp":1609594093,"path_taken":["M","M","?","M","M","E","R","?","T","R","M","E","?","E","R","BOSS","M","M","M","?","M","E","R","E","T","M","R","E","M","E","R","BOSS","M","M","$","?","M","R","E","R","T","R","E","$","E","?","R","BOSS"],"items_purchased_type":["Relic","Relic","Relic","Relic"],"build_version":"2020-12-18","purchased_purges":2,"victory":true,"max_hp_per_floor":[71,71,71,71,71,71,71,71,71,71,71,71,71,71,71,71,71,71,71,71,71,71,71,71,71,78,78,78,78,78,78,78,78,78,78,78,78,78,78,78,78,78,78,78,78,78,78,78,78,78],"card_choices":[{"not_picked":["Redo","Scrape"],"picked":"Force Field","floor":1.0},{"not_picked":["Aggregate","Scrape","Force Field"],"picked":"SKIP","floor":2.0},{"not_picked":["Sweeping Beam","Beam Cell","Reinforced Body"],"picked":"SKIP","floor":4.0},{"not_picked":["Steam Power","Redo"],"picked":"Electrodynamics","floor":5.0},{"not_picked":["Gash","Hello World","Loop"],"picked":"SKIP","floor":6.0},{"not_picked":["Ball Lightning","Force Field","BootSequence"],"picked":"SKIP","floor":11.0},{"not_picked":["Recycle","Barrage"],"picked":"Electrodynamics","floor":12.0},{"not_picked":["Gash","Blizzard","Sweeping Beam"],"picked":"SKIP","floor":14.0},{"not_picked":["Reboot","All For One"],"picked":"Meteor Strike","floor":16.0},{"not_picked":["Leap","Ball Lightning"],"picked":"Defragment","floor":18.0},{"not_picked":["Redo","Turbo+1","Streamline"],"picked":"SKIP","floor":19.0},{"not_picked":["Sweeping Beam","Streamline"],"picked":"Doom and Gloom+1","floor":20.0},{"not_picked":["Ball Lightning+1","Go for the Eyes"],"picked":"Tempest","floor":22.0},{"not_picked":["Coolheaded","Redo"],"picked":"Core Surge","floor":23.0},{"not_picked":["Gash","Turbo","Steam Power"],"picked":"SKIP","floor":25.0},{"not_picked":["Leap","Stack","Ball Lightning"],"picked":"SKIP","floor":27.0},{"not_picked":["Rebound","Machine Learning"],"picked":"Defragment","floor":29.0},{"not_picked":["Barrage","Beam Cell"],"picked":"Rainbow","floor":30.0},{"not_picked":["Redo","Recycle"],"picked":"Hologram","floor":30.0},{"not_picked":["Redo+1","Undo","Barrage"],"picked":"SKIP","floor":31.0},{"not_picked":["All For One","Creative AI"],"picked":"Echo Form","floor":33},{"not_picked":["Redo+1","Stack"],"picked":"Coolheaded","floor":35},{"not_picked":["Steam+1","Double Energy","Gash"],"picked":"SKIP","floor":35},{"not_picked":["Leap","Redo+1"],"picked":"Heatsinks+1","floor":36},{"not_picked":["Scrape","Ball Lightning","Steam"],"picked":"SKIP","floor":36},{"not_picked":["Auto Shields","Capacitor"],"picked":"Machine Learning","floor":39},{"not_picked":["Consume+1","Coolheaded"],"picked":"Tempest+1","floor":39},{"not_picked":["Turbo","Conserve Battery","Auto Shields"],"picked":"SKIP","floor":41},{"not_picked":["Barrage","Undo","Rebound"],"picked":"SKIP","floor":45},{"not_picked":["Doom and Gloom","Beam Cell+1"],"picked":"Echo Form","floor":47}],"player_experience":765523,"relics_obtained":[{"floor":6.0,"key":"Toy Ornithopter"},{"floor":9.0,"key":"DataDisk"},{"floor":12.0,"key":"Bag of Preparation"},{"floor":14.0,"key":"Thread and Needle"},{"floor":23.0,"key":"Darkstone Periapt"},{"floor":25.0,"key":"PreservedInsect"},{"floor":26.0,"key":"Strawberry"},{"floor":29.0,"key":"Prayer Wheel"},{"floor":31.0,"key":"CeramicFish"},{"floor":41,"key":"Bag of Marbles"},{"floor":43,"key":"Letter Opener"},{"floor":45,"key":"Happy Flower"},{"floor":47,"key":"Meat on the Bone"}],"event_choices":[{"damage_healed":0.0,"max_hp_gain":0.0,"max_hp_loss":0.0,"gold_gain":1.0,"event_name":"betterStone:BetterStone","player_choice":"1","floor":3.0,"gold_loss":0.0,"damage_taken":0.0},{"damage_healed":14.0,"max_hp_gain":0.0,"max_hp_loss":71.0,"gold_gain":0.0,"event_name":"betterThird:BetterShining","player_choice":"Embrace","floor":8.0,"gold_loss":0.0,"damage_taken":0.0},{"damage_healed":0.0,"max_hp_gain":0.0,"max_hp_loss":0.0,"gold_gain":50.0,"event_name":"betterThird:BetterNest","player_choice":"Steal","floor":21.0,"gold_loss":0.0,"damage_taken":0.0},{"damage_healed":0,"gold_gain":0,"player_choice":"Ignored","damage_taken":0,"max_hp_gain":0,"max_hp_loss":0,"event_name":"Tomb of Lord Red Mask","floor":38,"gold_loss":0},{"damage_healed":0,"gold_gain":0,"player_choice":"Upgrade","damage_taken":0,"relics_obtained":["Mark of the Bloom"],"max_hp_gain":0,"max_hp_loss":0,"event_name":"MindBloom","floor":48,"gold_loss":0,"cards_upgraded":["Dualcast","Force Field","Apotheosis","Meteor Strike","Core Surge","Echo Form","Darkness","Fusion","All For One","Lockon","Heatsinks","Echo Form","Coolheaded","Machine Learning","Echo Form"]}],"is_beta":true,"boss_relics":[{"not_picked":["Tiny House","Runic Pyramid"],"picked":"SacredBark"},{"not_picked":["Fusion Hammer","Nuclear Battery"],"picked":"Pandora\u0027s Box"}],"items_purged_floors":[37,46],"is_endless":false,"potions_floor_spawned":[2,4,6,12,14,18,22,23,25,30,36,45,47],"ascension_level":15}}