{"host":"baymyijz6sxaqj5s","time":1609614545,"event":{"mods":["AchievementEnabler","BaseMod","Colored Map","Colored Powertips","DeckTracker","Highlight Path","KOR Keyword Fix","Keyboard Shortcuts","Minty Spire (QoL Compilation)","Quick Restart","StSLib","SuperFastMode"],"gold_per_floor":[115,115,134,151,116,116,116,116,116,163,163,175,190,137,137,232,232,245,255,274,274,22,22,22,22,22,36,36,36,36,53,53,150,150,163,180,38,38,53,69,69,88,156,256,269,287,301,320,320,320,320],"floor_reached":50,"playtime":1841,"items_purged":["Strike_B"],"score":438,"play_id":"17b224ef-9bf7-4fca-afff-6921aea81aee","local_time":"20210103040905","is_ascension_mode":false,"campfire_choices":[{"data":"Dualcast","floor":6,"key":"SMITH"},{"data":"Zap","floor":8,"key":"SMITH"},{"data":"Conserve Battery","floor":11,"key":"SMITH"},{"data":"Auto Shields","floor":15,"key":"SMITH"},{"data":"Echo Form","floor":23,"key":"SMITH"},{"data":"Redo","floor":28,"key":"SMITH"},{"floor":32,"key":"REST"},{"data":"Rainbow","floor":41,"key":"SMITH"},{"floor":49,"key":"REST"}],"circlet_count":0,"master_deck":["Strike_B","Strike_B","Defend_B","Defend_B","Defend_B","Defend_B","Zap+1","Dualcast+1","Coolheaded+1","Conserve Battery+1","Doom and Gloom","Auto Shields+1","Leap","Echo Form+1","Chaos","Redo+1","Storm","Rainbow+1","Double Energy","Defragment+1","Darkness","Madness","Madness","Parasite","Electrodynamics","Leap","Parasite","Fusion+1","Stack+1"],"relics":["Cracked Core","Kunai","Pen Nib","Omamori","Cursed Key","InkBottle","FossilizedHelix","Pantograph","SacredBark","The Courier"],"acts_visited":["Exordium","TheCity","TheBeyond"],"potions_floor_usage":[16,16,20,31,33,46,50,50,50],"damage_taken":[{"damage":6,"enemies":"Jaw Worm","floor":1,"turns":3},{"damage":4,"enemies":"2 Louse","floor":3,"turns":3},{"damage":0,"enemies":"Small Slimes","floor":4,"turns":3},{"damage":0,"enemies":"Looter","floor":12,"turns":3},{"damage":0,"enemies":"Red Slaver","floor":13,"turns":3},{"damage":35,"enemies":"Hexaghost","floor":16,"turns":10},{"damage":0,"enemies":"Shell Parasite","floor":18,"turns":5},{"damage":0,"enemies":"Chosen","floor":19,"turns":4},{"damage":0,"enemies":"Centurion and Healer","floor":20,"turns":8},{"damage":9,"enemies":"Shelled Parasite and Fungi","floor":27,"turns":7},{"damage":20,"enemies":"3 Cultists","floor":31,"turns":6},{"damage":39,"enemies":"Collector","floor":33,"turns":14},{"damage":11,"enemies":"3 Darklings","floor":35,"turns":8},{"damage":3,"enemies":"Orb Walker","floor":36,"turns":6},{"damage":0,"enemies":"Writhing Mass","floor":39,"turns":6},{"damage":0,"enemies":"Transient","floor":40,"turns":5},{"damage":0,"enemies":"Spire Growth","floor":42,"turns":5},{"damage":0,"enemies":"Sphere and 2 Shapes","floor":45,"turns":6},{"damage":19,"enemies":"3 Darklings","floor":46,"turns":5},{"damage":13,"enemies":"Transient","floor":47,"turns":5},{"damage":3,"enemies":"Sphere and 2 Shapes","floor":48,"turns":5},{"damage":100,"enemies":"Time Eater","floor":50,"turns":12}],"seed_played":"3448524340638567082","potions_obtained":[{"floor":4,"key":"Energy Potion"},{"floor":13,"key":"FocusPotion"},{"floor":16,"key":"Swift Potion"},{"floor":19,"key":"Block Potion"},{"floor":27,"key":"Regen Potion"},{"floor":33,"key":"Ancient Potion"},{"floor":36,"key":"FocusPotion"},{"floor":46,"key":"CultistPotion"},{"floor":47,"key":"BlessingOfTheForge"}],"is_trial":false,"path_per_floor":["M","?","M","M","?","R","?","R","T","T","R","M","M","$","R","B",null,"M","M","M","?","$","R","?","?","T","M","R","T","?","M","R","B",null,"M","M","$","?","M","M","R","M","T","?","M","M","M","M","R","B"],"character_chosen":"DEFECT","items_purchased":["Leap","InkBottle","Darkness"],"campfire_rested":2,"item_purchase_floors":[14,22,37],"current_hp_per_floor":[76,69,65,65,82,82,82,82,82,82,82,82,82,82,82,47,82,82,82,82,82,82,82,82,82,82,73,73,73,73,65,82,43,82,71,68,68,58,58,58,58,58,58,58,58,39,26,23,47,0,0],"gold":320,"neow_bonus":"TEN_PERCENT_HP_BONUS","is_daily":false,"chose_seed":false,"campfire_upgraded":7,"win_rate":0.0,"timestamp":1609614545,"path_taken":["M","?","M","M","?","R","?","R","T","?","R","M","M","$","R","BOSS","M","M","M","?","$","R","?","?","T","?","R","?","?","M","R","BOSS","M","M","$","?","M","M","R","M","T","?","?","M","M","M","R","BOSS"],"items_purchased_type":["Card","Relic","Card"],"build_version":"2020-12-22","purchased_purges":1,"victory":false,"max_hp_per_floor":[82,82,82,82,82,82,82,82,82,82,82,82,82,82,82,82,82,82,82,82,82,82,82,82,82,82,82,82,82,82,82,82,82,82,82,82,82,82,82,82,82,82,82,82,82,82,82,82,82,82,82],"card_choices":[{"not_picked":["Go for the Eyes","Hologram","Barrage"],"picked":"SKIP","floor":1},{"not_picked":["Reinforced Body","Barrage"],"picked":"Coolheaded","floor":3},{"not_picked":["Go for the Eyes","Consume"],"picked":"Conserve Battery","floor":4},{"not_picked":["White Noise","Steam Power"],"picked":"Doom and Gloom","floor":12},{"not_picked":["Lockon","Go for the Eyes"],"picked":"Auto Shields","floor":13},{"not_picked":["Hyperbeam","Creative AI"],"picked":"Echo Form","floor":16},{"not_picked":["Compile Driver","Streamline"],"picked":"Chaos","floor":18},{"not_picked":["Loop","Beam Cell+1","Melter"],"picked":"SKIP","floor":19},{"not_picked":["Beam Cell","Conserve Battery","Turbo"],"picked":"SKIP","floor":20},{"not_picked":["Steam","Static Discharge"],"picked":"Redo","floor":27},{"not_picked":["Gash","Genetic Algorithm+1","Redo"],"picked":"SKIP","floor":31},{"not_picked":["Multi-Cast","All For One"],"picked":"Rainbow","floor":33},{"not_picked":["Coolheaded+1","Beam Cell+1"],"picked":"Double Energy","floor":35},{"not_picked":["Loop+1","White Noise+1"],"picked":"Defragment+1","floor":36},{"not_picked":["Barrage","Compile Driver","Go for the Eyes+1"],"picked":"SKIP","floor":39},{"not_picked":["Go for the Eyes+1","Barrage+1"],"picked":"Electrodynamics","floor":40},{"not_picked":["Go for the Eyes","Turbo"],"picked":"Leap","floor":42},{"not_picked":["Sweeping Beam+1","Coolheaded+1","Consume+1"],"picked":"SKIP","floor":45},{"not_picked":["Chill+1","Echo Form","Storm+1"],"picked":"SKIP","floor":46},{"not_picked":["Tempest","Hello World"],"picked":"Fusion+1","floor":47},{"not_picked":["Genetic Algorithm+1","Defragment"],"picked":"Stack+1","floor":48}],"player_experience":298066,"relics_obtained":[{"floor":9,"key":"Pen Nib"},{"floor":10,"key":"Omamori"},{"floor":26,"key":"FossilizedHelix"},{"floor":29,"key":"Pantograph"},{"floor":43,"key":"The Courier"}],"event_choices":[{"cards_removed":["Strike_B"],"damage_healed":0,"gold_gain":0,"player_choice":"Card Removal","damage_taken":7,"max_hp_gain":0,"max_hp_loss":0,"event_name":"Golden Wing","floor":2,"gold_loss":0},{"damage_healed":20,"gold_gain":0,"player_choice":"Healed","damage_taken":0,"max_hp_gain":0,"max_hp_loss":0,"event_name":"The Cleric","floor":5,"gold_loss":35},{"damage_healed":0,"gold_gain":0,"player_choice":"Searched \u00271\u0027 times","damage_taken":0,"relics_obtained":["Kunai"],"max_hp_gain":0,"max_hp_loss":0,"event_name":"Dead Adventurer","floor":7,"gold_loss":0},{"damage_healed":0,"gold_gain":0,"player_choice":"Ignored","damage_taken":0,"max_hp_gain":0,"max_hp_loss":0,"event_name":"Vampires","floor":21,"gold_loss":0},{"damage_healed":0,"gold_gain":0,"player_choice":"Ignored","damage_taken":0,"max_hp_gain":0,"max_hp_loss":0,"event_name":"Ghosts","floor":24,"gold_loss":0},{"damage_healed":0,"gold_gain":0,"player_choice":"Forge","damage_taken":0,"max_hp_gain":0,"max_hp_loss":0,"event_name":"Accursed Blacksmith","floor":25,"gold_loss":0,"cards_upgraded":["Coolheaded"]},{"damage_healed":0,"gold_gain":0,"player_choice":"1 cards matched","damage_taken":0,"max_hp_gain":0,"max_hp_loss":0,"event_name":"Match and Keep!","floor":30,"gold_loss":0,"cards_obtained":["Storm"]},{"damage_healed":0,"gold_gain":0,"player_choice":"Embrace Madness","damage_taken":10,"max_hp_gain":0,"max_hp_loss":0,"event_name":"Winding Halls","floor":38,"gold_loss":0,"cards_obtained":["Madness","Madness"]},{"damage_healed":0,"gold_gain":100,"player_choice":"Pray","damage_taken":0,"max_hp_gain":0,"max_hp_loss":0,"event_name":"Golden Shrine","floor":44,"gold_loss":0}],"is_beta":false,"boss_relics":[{"not_picked":["Coffee Dripper","Ectoplasm"],"picked":"Cursed Key"},{"not_picked":["Busted Crown","Runic Dome"],"picked":"SacredBark"}],"items_purged_floors":[37],"is_endless":false,"potions_floor_spawned":[4,13,16,19,27,33,36,46,47,48],"killed_by":"Time Eater","ascension_level":0}}