{"host":"wl9at99caqxndrn4","time":1609584617,"event":{"mods":["BaseMod","BetterRewards","Colored Map","Colored Powertips","Downfall","Googly Eyes","Hermit","Lobotomy","Marisa（霧雨　魔理沙）","Minty Spire (QoL Compilation)","Quick Restart","Rare Cards Sparkle","Remilia（蕾米莉亚）","Shop Mod","StSLib","The Animator","The Construct","The Cursed","The Disciple","The Hierophant","The Necromancer","The Poker Player","The Runesmith"],"gold_per_floor":[114,114,130,180,20,48,48,48,75,23,23,51,51,83,83,182,182,182,182,182,107,107,107,57,57,57,57,57,57,57,57,57,57,57,57,35,35,35,35,35,35,35,35,35,35,0,0,0,0,0,0,0,0,0,0,0],"floor_reached":55,"playtime":33175,"items_purged":[],"score":715,"play_id":"45f58667-f3e3-4413-90f7-97f047abd0c9","local_time":"20210102185017","is_ascension_mode":false,"campfire_choices":[{"floor":7.0,"key":"REST"},{"floor":13.0,"key":"RECALL"},{"data":"Runesmith:Firestorm","floor":15.0,"key":"SMITH"},{"floor":25,"key":"REST"},{"data":"Runesmith:LithiumIon","floor":28,"key":"SMITH"},{"data":"expansioncontent:DefensiveStance","floor":32,"key":"SMITH"},{"floor":40,"key":"REST"},{"floor":42,"key":"REST"},{"data":"Runesmith:Permafrost","floor":45,"key":"SMITH"},{"data":"Runesmith:LastStand","floor":49,"key":"SMITH"},{"data":"expansioncontent:DashGenerateEvil","floor":52,"key":"SMITH"}],"circlet_count":0,"master_deck":["Runesmith:Defend_RS","Runesmith:Defend_RS","Runesmith:Defend_RS","Runesmith:CraftFirestone+1","Runesmith:Fortify","expansioncontent:DefensiveStance+1","Runesmith:RunicBlueprint","Runesmith:EnergizedChisel","Runesmith:Firestorm+1","Runesmith:ChiselStab","Runesmith:Superposition","Runesmith:CraftIncendium+1","Runesmith:CraftProtectio","Runesmith:Permafrost+1","Runesmith:LithiumIon+1","Runesmith:FissionHammer","Runesmith:CraftObretio+1","Runesmith:LithiumIon+1","Runesmith:HammerAndChisel","Runesmith:BackupBattery+1","Slimebound:Tackle+1","Slimebound:Tackle+1","Slimebound:Tackle+1","Runesmith:CraftMedicinae","Runesmith:CraftIncendium+1","Runesmith:ShiftingStrike+1","Runesmith:HeatExchange","Runesmith:RuneHurl","expansioncontent:DashGenerateEvil+1","Runesmith:CraftMagma+1","Runesmith:LastStand+1","Runesmith:NegativeSpace"],"relics":["Runesmith:BrokenRuby","construct:FoamFinger","Pen Nib","MealTicket","Bag of Preparation","Mango","Juzu Bracelet","Ectoplasm","Happy Flower","PreservedInsect","War Paint","Astrolabe","Gambling Chip","Red Mask","Vajra"],"acts_visited":["Exordium","TheCity","TheBeyond","TheEnding"],"potions_floor_usage":[23,33,39,39,50],"damage_taken":[{"damage":0.0,"enemies":"Cultist","floor":1.0,"turns":5.0},{"damage":0.0,"enemies":"Jaw Worm","floor":3.0,"turns":5.0},{"damage":38.0,"enemies":"3 Sentries","floor":6.0,"turns":7.0},{"damage":8.0,"enemies":"Lagavulin","floor":12.0,"turns":7.0},{"damage":9.0,"enemies":"3 Sentries","floor":14.0,"turns":7.0},{"damage":28,"enemies":"The Guardian","floor":16,"turns":9},{"damage":0,"enemies":"3 Byrds","floor":18,"turns":5},{"damage":9,"enemies":"2 Thieves","floor":21,"turns":4},{"damage":3,"enemies":"Cultist and Chosen","floor":22,"turns":6},{"damage":19,"enemies":"Slavers","floor":23,"turns":9},{"damage":5,"enemies":"Gremlin Leader","floor":27,"turns":7},{"damage":0,"enemies":"Snecko","floor":29,"turns":6},{"damage":27,"enemies":"Collector","floor":33,"turns":9},{"damage":31,"enemies":"3 Shapes","floor":35,"turns":5},{"damage":22,"enemies":"Orb Walker","floor":38,"turns":4},{"damage":22,"enemies":"Sphere and 2 Shapes","floor":39,"turns":5},{"damage":16,"enemies":"Mind Bloom Boss Battle","floor":41,"turns":6},{"damage":7,"enemies":"Transient","floor":47,"turns":5},{"damage":53,"enemies":"Awakened One","floor":50,"turns":13},{"damage":35,"enemies":"Shield and Spear","floor":54,"turns":5},{"damage":61,"enemies":"The Heart","floor":55,"turns":3}],"seed_played":"3520311734563202871","potions_obtained":[{"floor":1.0,"key":"Swift Potion"},{"floor":3.0,"key":"ColorlessPotion"},{"floor":16,"key":"SmokeBomb"},{"floor":18,"key":"DistilledChaos"},{"floor":27,"key":"DistilledChaos"},{"floor":33,"key":"Block Potion"},{"floor":38,"key":"AttackPotion"}],"is_trial":false,"path_per_floor":["M","T","M","T","$","E","R","?","T","$","?","E","R","E","R","B",null,"M","?","?","M","M","E","?","R","T","E","R","M","?","?","R","B",null,"M","$","?","M","M","R","?","R","T","$","R","?","M","?","R","B",null,"R","$","E","B"],"character_chosen":"RUNESMITH_CLASS","items_purchased":["Runesmith:Firestorm","Runesmith:ChiselStab","Runesmith:Superposition","Runesmith:CraftProtectio","Runesmith:RuneHurl"],"campfire_rested":4,"item_purchase_floors":[5,5,5,10,36],"current_hp_per_floor":[70,70,70,70,70,32,53,53,53,68,73,79,79,70,70,42,89,89,89,89,80,77,58,58,84,84,79,79,79,79,79,79,52,89,61,76,76,54,36,62,49,75,75,89,89,89,82,82,82,29,89,89,89,54,0,0],"gold":0,"neow_bonus":"RANDOM_COLORLESS","is_daily":false,"chose_seed":false,"campfire_upgraded":6,"win_rate":0.0,"timestamp":1609584617,"path_taken":["M","?","M","?","?","E","R","?","T","$","?","E","R","E","R","BOSS","M","?","?","M","M","E","?","R","T","E","R","M","?","?","R","BOSS","M","$","?","M","M","R","?","R","T","?","R","?","M","?","R","BOSS","R","$","E","BOSS"],"items_purchased_type":["Card","Card","Card","Card","Card"],"build_version":"2020-12-22","purchased_purges":0,"victory":false,"max_hp_per_floor":[70,70,70,70,70,70,70,70,70,70,75,89,89,89,89,89,89,89,89,89,89,89,89,89,89,89,89,89,89,89,89,89,89,89,89,89,89,89,89,89,89,89,89,89,89,89,89,89,89,89,89,89,89,89,89,89],"card_choices":[{"not_picked":["Swift Strike","expansioncontent:ManipulateTime"],"picked":"expansioncontent:DefensiveStance","floor":0.0},{"not_picked":["Runesmith:LithiumIon","Runesmith:ChargedHammer"],"picked":"Runesmith:RunicBlueprint","floor":1.0},{"not_picked":["Runesmith:HammerThrow","Runesmith:UnstableHammer"],"picked":"Runesmith:EnergizedChisel","floor":3.0},{"not_picked":["Runesmith:HeatedChisel","Runesmith:Augment"],"picked":"Runesmith:CraftIncendium","floor":6.0},{"not_picked":["Runesmith:CraftMagma","Runesmith:GoWithTheFlow"],"picked":"Runesmith:Permafrost","floor":12.0},{"not_picked":["Runesmith:Firestorm","Runesmith:BackupBattery"],"picked":"Runesmith:LithiumIon","floor":14.0},{"not_picked":["Runesmith:UnlimitedPower","Runesmith:MetallurgicalResearch"],"picked":"Runesmith:FissionHammer","floor":16},{"not_picked":["Runesmith:Firestorm+1","Runesmith:Overpower"],"picked":"Runesmith:Discharge","floor":18},{"not_picked":["Runesmith:ShiftingStrike","Runesmith:CraftProtectio"],"picked":"Runesmith:CraftObretio+1","floor":21},{"not_picked":["Runesmith:Retool","Runesmith:HammerThrow"],"picked":"Runesmith:LithiumIon+1","floor":22},{"not_picked":["Runesmith:ShiftingStrike","Runesmith:EarthShield"],"picked":"Runesmith:HammerAndChisel","floor":23},{"not_picked":["Runesmith:CraftProtectio","Runesmith:Repurpose"],"picked":"Runesmith:BackupBattery+1","floor":27},{"not_picked":["Runesmith:Grindstone+1","Runesmith:CraftReservo"],"picked":"Runesmith:UnstableHammer","floor":29},{"not_picked":["Runesmith:MetallurgicalResearch","Runesmith:LastStand"],"picked":"Runesmith:CraftMedicinae","floor":33},{"not_picked":["Runesmith:CraftIncendium","Runesmith:Grindstone+1"],"picked":"Runesmith:HeatExchange","floor":35},{"not_picked":["Impatience","Enlightenment"],"picked":"expansioncontent:DashGenerateEvil","floor":37},{"not_picked":["Runesmith:Terraform+1","Runesmith:UnstableHammer+1"],"picked":"Runesmith:CraftMagma+1","floor":38},{"not_picked":["Runesmith:NanitesCloud+1","Runesmith:HeatedChisel","Runesmith:WhiteBalance+1"],"picked":"SKIP","floor":39},{"not_picked":["Runesmith:StaticCage","Runesmith:EnergizedChisel"],"picked":"Runesmith:LastStand","floor":47},{"not_picked":["Runesmith:Discharge","Runesmith:BackupBattery"],"picked":"Runesmith:NegativeSpace","floor":54}],"player_experience":135690,"relics_obtained":[{"floor":2.0,"key":"construct:FoamFinger"},{"floor":4.0,"key":"Pen Nib"},{"floor":6.0,"key":"MealTicket"},{"floor":9.0,"key":"Bag of Preparation"},{"floor":12.0,"key":"Mango"},{"floor":14.0,"key":"Juzu Bracelet"},{"floor":23,"key":"Happy Flower"},{"floor":26,"key":"PreservedInsect"},{"floor":27,"key":"War Paint"},{"floor":41,"key":"Gambling Chip"},{"floor":54,"key":"Vajra"}],"event_choices":[{"damage_healed":0.0,"max_hp_gain":0.0,"max_hp_loss":0.0,"gold_gain":0.0,"event_name":"Golden Idol","player_choice":"Ignored","floor":8.0,"gold_loss":0.0,"damage_taken":0.0},{"damage_healed":0.0,"max_hp_gain":5.0,"max_hp_loss":0.0,"gold_gain":0.0,"event_name":"Big Fish","player_choice":"Donut","floor":11.0,"gold_loss":0.0,"damage_taken":0.0},{"damage_healed":0,"gold_gain":0,"player_choice":"Ignored","damage_taken":0,"max_hp_gain":0,"max_hp_loss":0,"event_name":"The Mausoleum","floor":19,"gold_loss":0},{"damage_healed":0,"gold_gain":99,"player_choice":"Stole From Cult","damage_taken":0,"max_hp_gain":0,"max_hp_loss":0,"event_name":"Nest","floor":20,"gold_loss":0},{"damage_healed":0,"gold_gain":100,"player_choice":"Bet on Murderer","damage_taken":0,"max_hp_gain":0,"max_hp_loss":0,"event_name":"The Joust","floor":24,"gold_loss":50},{"damage_healed":0,"gold_gain":0,"player_choice":"Ignored","damage_taken":0,"max_hp_gain":0,"max_hp_loss":0,"event_name":"Purifier","floor":30,"gold_loss":0},{"damage_healed":0,"gold_gain":0,"player_choice":"Memory 1","damage_taken":0,"max_hp_gain":0,"max_hp_loss":0,"event_name":"SensoryStone","floor":37,"gold_loss":0},{"damage_healed":0,"gold_gain":0,"player_choice":"Fight","damage_taken":0,"max_hp_gain":0,"max_hp_loss":0,"event_name":"MindBloom","floor":41,"gold_loss":0},{"damage_healed":0,"gold_gain":0,"player_choice":"Paid","damage_taken":0,"relics_obtained":["Red Mask"],"max_hp_gain":0,"max_hp_loss":0,"event_name":"Tomb of Lord Red Mask","floor":46,"gold_loss":35},{"cards_removed":["Runesmith:Firestorm"],"damage_healed":0,"gold_gain":0,"player_choice":"Removed Power","damage_taken":0,"max_hp_gain":0,"max_hp_loss":0,"event_name":"Falling","floor":48,"gold_loss":0}],"is_beta":false,"boss_relics":[{"not_picked":["Snecko Eye","Tiny House"],"picked":"Ectoplasm"},{"not_picked":["Runesmith:PocketReactor","Busted Crown"],"picked":"Astrolabe"}],"items_purged_floors":[],"is_endless":false,"potions_floor_spawned":[1,3,16,18,27,29,33,35,38],"killed_by":"The Heart","ascension_level":0}}