{"host":"2se5dq1do2gp0x9k","time":1609566884,"event":{"mods":["AchievementEnabler","BaseMod","Block Reminder","Colored Map","Colored Powertips","Minty Spire (QoL Compilation)","Relic Stats","StSLib","SuperFastMode"],"gold_per_floor":[118,118,42,53,53,53,72,101,125,125,125],"floor_reached":10,"playtime":281,"items_purged":[],"score":76,"play_id":"7223f8aa-2157-4092-960b-ae6727f68bdf","local_time":"20210101215444","is_ascension_mode":true,"campfire_choices":[{"data":"Meditate","floor":6,"key":"SMITH"}],"circlet_count":0,"master_deck":["Strike_P+1","Strike_P","Strike_P","Strike_P","Defend_P","Defend_P","Defend_P","Defend_P+1","Eruption","Vigilance","Meditate+1","Crescendo","FlyingSleeves","Protect","CutThroughFate","FollowUp"],"relics":["SlaversCollar","Bag of Preparation","Strawberry"],"acts_visited":["Exordium"],"potions_floor_usage":[],"damage_taken":[{"damage":5,"enemies":"Small Slimes","floor":1,"turns":3},{"damage":12,"enemies":"2 Louse","floor":4,"turns":4},{"damage":6,"enemies":"Cultist","floor":7,"turns":3},{"damage":20,"enemies":"Lagavulin","floor":8,"turns":10},{"damage":0,"enemies":"3 Sentries","floor":10,"turns":1}],"seed_played":"-256847199027619058","potions_obtained":[{"floor":8,"key":"Fire Potion"}],"is_trial":false,"path_per_floor":["M","?","$","M","?","R","M","E","T","E"],"character_chosen":"WATCHER","items_purchased":["Crescendo","FlyingSleeves"],"campfire_rested":0,"item_purchase_floors":[3,3],"current_hp_per_floor":[67,67,67,55,41,41,35,15,22,22,22],"gold":125,"neow_bonus":"BOSS_RELIC","is_daily":false,"chose_seed":false,"campfire_upgraded":1,"win_rate":0.0,"timestamp":1609566884,"path_taken":["M","?","$","M","?","R","M","E","T","E"],"items_purchased_type":["Card","Card"],"build_version":"2020-12-22","purchased_purges":0,"victory":false,"max_hp_per_floor":[72,72,72,72,72,72,72,72,79,79,79],"relic_stats":{"counters":[5,21],"Bag of Preparation":[2],"obtain_stats":[{"SlaversCollar":0,"Strawberry":9,"Bag of Preparation":8,"PureWater":0},{"SlaversCollar":0,"Strawberry":4,"Bag of Preparation":4,"PureWater":0},{"SlaversCollar":0,"Strawberry":20,"Bag of Preparation":20,"PureWater":0}]},"card_choices":[{"not_picked":["Consecrate","Halt"],"picked":"Meditate","floor":1},{"not_picked":["Crescendo","BowlingBash"],"picked":"Protect","floor":4},{"not_picked":["JustLucky","Pray"],"picked":"CutThroughFate","floor":7},{"not_picked":["Indignation","EmptyBody"],"picked":"FollowUp","floor":8}],"player_experience":3706667,"relics_obtained":[{"floor":8,"key":"Bag of Preparation"},{"floor":9,"key":"Strawberry"}],"event_choices":[{"damage_healed":0,"gold_gain":0,"player_choice":"Leave","damage_taken":0,"max_hp_gain":0,"max_hp_loss":0,"event_name":"The Cleric","floor":2,"gold_loss":0},{"damage_healed":0,"gold_gain":0,"player_choice":"Entered Light","damage_taken":14,"max_hp_gain":0,"max_hp_loss":0,"event_name":"Shining Light","floor":5,"gold_loss":0,"cards_upgraded":["Defend_P","Strike_P"]}],"is_beta":false,"boss_relics":[],"items_purged_floors":[],"is_endless":false,"potions_floor_spawned":[8],"killed_by":"3 Sentries","ascension_level":3}}