{"host":"vsdszi3rnxsdp24p","time":1609616639,"event":{"mods":["AchievementEnabler","BaseMod","Colored Map","Colored Powertips","Hermit","Highlight Path","Minty Spire (QoL Compilation)","Quick Restart","Relic Sorter","Relic Stats","StSLib","SuperFastMode","Synergy Search","The Cursed","The Mystic"],"gold_per_floor":[115,115,13,188,198,198,210,35,35,52,67,78,95,109,109,109,109],"floor_reached":16,"playtime":495,"items_purged":[],"score":96,"play_id":"94cdb137-6281-464a-8779-e946606ed5cb","local_time":"20210102204359","is_ascension_mode":false,"campfire_choices":[{"data":"Defragment","floor":6,"key":"SMITH"},{"floor":15,"key":"REST"}],"circlet_count":0,"master_deck":["Strike_B","Strike_B","Strike_B","Strike_B","Defend_B","Defend_B","Defend_B","Defend_B","Zap","Dualcast","Dramatic Entrance","Defragment+1","Pain","Self Repair","Hologram","Doubt","Gash","Turbo","Turbo","Loop","Force Field","Cold Snap","Blizzard","Fission","Hello World","Cold Snap"],"relics":["Cracked Core","WarpedTongs","Gremlin Horn"],"acts_visited":["Exordium"],"potions_floor_usage":[],"damage_taken":[{"damage":11,"enemies":"Jaw Worm","floor":1,"turns":2},{"damage":15,"enemies":"Cultist","floor":5,"turns":4},{"damage":11,"enemies":"Small Slimes","floor":7,"turns":3},{"damage":15,"enemies":"Exordium Wildlife","floor":10,"turns":2},{"damage":3,"enemies":"Gremlin Gang","floor":11,"turns":3},{"damage":15,"enemies":"Large Slime","floor":12,"turns":5},{"damage":0,"enemies":"3 Louse","floor":13,"turns":1},{"damage":12,"enemies":"Gremlin Gang","floor":14,"turns":3},{"damage":53,"enemies":"Slime Boss","floor":16,"turns":11}],"seed_played":"2639258234246242287","potions_obtained":[{"floor":10,"key":"Dexterity Potion"},{"floor":11,"key":"Strength Potion"}],"is_trial":false,"path_per_floor":["M","?","$","?","M","R","M","$","T","M","M","M","M","M","R","B"],"character_chosen":"DEFECT","items_purchased":["Self Repair","Hologram","Turbo","Loop","Force Field"],"campfire_rested":1,"item_purchase_floors":[3,3,8,8,8],"current_hp_per_floor":[64,64,64,64,56,56,55,55,55,40,44,36,43,31,53,0,0],"gold":109,"neow_bonus":"RANDOM_COLORLESS","is_daily":false,"chose_seed":false,"campfire_upgraded":1,"win_rate":0.0,"timestamp":1609616639,"path_taken":["M","?","$","?","M","R","M","?","T","M","M","M","M","?","R","BOSS"],"items_purchased_type":["Card","Card","Card","Card","Card"],"build_version":"2020-12-22","purchased_purges":0,"victory":false,"max_hp_per_floor":[75,75,75,75,75,75,75,75,75,75,75,75,75,75,75,75,75],"relic_stats":{"Gremlin Horn":[12,12],"counters":[9,33],"obtain_stats":[{"Gremlin Horn":9,"Cracked Core":0,"WarpedTongs":2},{"Gremlin Horn":3,"Cracked Core":0,"WarpedTongs":1},{"Gremlin Horn":9,"Cracked Core":0,"WarpedTongs":2}],"WarpedTongs":[31]},"card_choices":[{"not_picked":["Finesse","Deep Breath"],"picked":"Dramatic Entrance","floor":0},{"not_picked":["Steam","White Noise"],"picked":"Defragment","floor":1},{"not_picked":["Rip and Tear","Leap"],"picked":"Gash","floor":5},{"not_picked":["Steam","Chaos"],"picked":"Turbo","floor":7},{"not_picked":["Stack","Conserve Battery"],"picked":"Cold Snap","floor":10},{"not_picked":["Leap","Scrape"],"picked":"Blizzard","floor":11},{"not_picked":["Compile Driver","Go for the Eyes"],"picked":"Fission","floor":12},{"not_picked":["Scrape","Blizzard"],"picked":"Hello World","floor":13},{"not_picked":["Barrage","Conserve Battery"],"picked":"Cold Snap","floor":14}],"player_experience":121961,"relics_obtained":[{"floor":9,"key":"Gremlin Horn"}],"event_choices":[{"damage_healed":0,"gold_gain":0,"player_choice":"Rummage","damage_taken":0,"relics_obtained":["WarpedTongs"],"max_hp_gain":0,"max_hp_loss":0,"event_name":"Accursed Blacksmith","floor":2,"gold_loss":0,"cards_obtained":["Pain"]},{"damage_healed":0,"gold_gain":175,"player_choice":"AGREE","damage_taken":0,"max_hp_gain":0,"max_hp_loss":0,"event_name":"Liars Game","floor":4,"gold_loss":0,"cards_obtained":["Doubt"]}],"is_beta":false,"boss_relics":[],"items_purged_floors":[],"is_endless":false,"potions_floor_spawned":[10,11],"killed_by":"Slime Boss","ascension_level":0}}