{"host":"k6u7q08ihsmpx7o5","time":1609616812,"event":{"mods":["BaseMod","Bestiary","Minty Spire (QoL Compilation)","StSLib"],"gold_per_floor":[111,111,111,36,55,82,82,93,93,112,142,155,186,29,29,104,104,116,31,66,66,85,98,98,124,150,150,178,192,192,192],"floor_reached":30,"playtime":1833,"items_purged":["Strike_R","Defend_R"],"score":676,"play_id":"83ee9815-e4dc-4e17-9dea-78d2ebf61f5a","local_time":"20210102204652","is_ascension_mode":true,"campfire_choices":[{"data":"Bludgeon","floor":7,"key":"SMITH"},{"data":"Armaments","floor":15,"key":"SMITH"},{"floor":24,"key":"RECALL"},{"floor":27,"key":"REST"}],"circlet_count":0,"master_deck":["AscendersBane","Strike_R","Defend_R+1","Defend_R","Bash","Cleave","Bludgeon+1","Iron Wave","Shrug It Off","Armaments+1","Inflame","Shrug It Off","Limit Break","Ghostly Armor+1","Anger","Limit Break","Headbutt+1"],"relics":["Burning Blood","NeowsBlessing","Gambling Chip","Paper Frog","MealTicket","Letter Opener","Fusion Hammer","Dream Catcher","Red Mask","Incense Burner","War Paint"],"acts_visited":["Exordium","TheCity"],"potions_floor_usage":[13,16,18,18,20,25,25,30],"damage_taken":[{"damage":0,"enemies":"Jaw Worm","floor":1,"turns":1},{"damage":0,"enemies":"Small Slimes","floor":5,"turns":1},{"damage":0,"enemies":"Lagavulin","floor":6,"turns":1},{"damage":0,"enemies":"2 Louse","floor":8,"turns":2},{"damage":3,"enemies":"Blue Slaver","floor":10,"turns":4},{"damage":20,"enemies":"3 Sentries","floor":11,"turns":7},{"damage":5,"enemies":"Large Slime","floor":12,"turns":5},{"damage":0,"enemies":"Gremlin Nob","floor":13,"turns":2},{"damage":56,"enemies":"Hexaghost","floor":16,"turns":9},{"damage":7,"enemies":"3 Byrds","floor":18,"turns":4},{"damage":15,"enemies":"Masked Bandits","floor":20,"turns":4},{"damage":2,"enemies":"Chosen","floor":22,"turns":4},{"damage":0,"enemies":"Snake Plant","floor":23,"turns":3},{"damage":49,"enemies":"Book of Stabbing","floor":25,"turns":6},{"damage":19,"enemies":"Gremlin Leader","floor":28,"turns":6},{"damage":2,"enemies":"Snecko","floor":29,"turns":5},{"damage":36,"enemies":"Book of Stabbing","floor":30,"turns":4}],"seed_played":"-6954888001578386314","potions_obtained":[{"floor":1,"key":"DuplicationPotion"},{"floor":5,"key":"EntropicBrew"},{"floor":13,"key":"AttackPotion"},{"floor":18,"key":"ColorlessPotion"},{"floor":22,"key":"SkillPotion"},{"floor":28,"key":"SteroidPotion"}],"is_trial":false,"path_per_floor":["M","?","?","$","M","E","R","M","T","M","E","M","E","$","R","B",null,"M","?","?","?","M","M","R","E","T","R","E","M","E"],"character_chosen":"IRONCLAD","items_purchased":["Shrug It Off"],"campfire_rested":1,"item_purchase_floors":[14],"current_hp_per_floor":[74,67,67,67,73,75,75,75,75,75,61,62,68,75,75,25,63,62,62,53,53,57,63,63,20,20,42,29,33,0,0],"gold":192,"neow_bonus":"THREE_ENEMY_KILL","is_daily":false,"chose_seed":false,"campfire_upgraded":2,"win_rate":0.0,"timestamp":1609616812,"path_taken":["M","?","?","$","M","E","R","M","T","M","E","M","E","?","R","BOSS","M","?","?","?","M","M","R","E","T","R","E","M","E"],"items_purchased_type":["Card"],"build_version":"2020-12-22","purchased_purges":2,"victory":false,"max_hp_per_floor":[75,75,75,75,75,75,75,75,75,75,75,75,75,75,75,75,75,75,75,75,75,75,75,75,75,75,75,75,75,75,75],"card_choices":[{"not_picked":["Reckless Charge","Wild Strike"],"picked":"Cleave","floor":1},{"not_picked":["Clothesline","Cleave"],"picked":"Iron Wave","floor":5},{"not_picked":["Anger","Exhume","Havoc"],"picked":"SKIP","floor":6},{"not_picked":["Pummel","Body Slam"],"picked":"Shrug It Off","floor":8},{"not_picked":["Twin Strike","Warcry","Anger"],"picked":"SKIP","floor":10},{"not_picked":["Anger","Juggernaut"],"picked":"Armaments","floor":11},{"not_picked":["Flex","Rupture","Havoc"],"picked":"SKIP","floor":12},{"not_picked":["Shrug It Off","Flex"],"picked":"Inflame","floor":13},{"not_picked":["Juggernaut","Corruption"],"picked":"Limit Break","floor":16},{"not_picked":["Disarm","Clothesline","Thunderclap"],"picked":"SKIP","floor":18},{"not_picked":["Evolve","Warcry"],"picked":"Limit Break","floor":22},{"not_picked":["Spot Weakness","Pommel Strike","Searing Blow"],"picked":"SKIP","floor":23},{"not_picked":["Bloodletting","Fire Breathing","Sentinel"],"picked":"SKIP","floor":25},{"not_picked":["Bloodletting","Pommel Strike"],"picked":"Headbutt+1","floor":28},{"not_picked":["Reckless Charge","Feel No Pain","Sever Soul"],"picked":"SKIP","floor":29}],"player_experience":1930098,"relics_obtained":[{"floor":6,"key":"Gambling Chip"},{"floor":9,"key":"Paper Frog"},{"floor":11,"key":"MealTicket"},{"floor":13,"key":"Letter Opener"},{"floor":20,"key":"Red Mask"},{"floor":25,"key":"Incense Burner"},{"floor":28,"key":"War Paint"}],"event_choices":[{"cards_removed":["Strike_R"],"damage_healed":0,"gold_gain":0,"player_choice":"Card Removal","damage_taken":7,"max_hp_gain":0,"max_hp_loss":0,"event_name":"Golden Wing","floor":2,"gold_loss":0},{"damage_healed":0,"gold_gain":0,"cards_transformed":["Defend_R"],"player_choice":"Change","damage_taken":0,"max_hp_gain":0,"max_hp_loss":0,"event_name":"Living Wall","floor":3,"gold_loss":0,"cards_obtained":["Bludgeon"]},{"damage_healed":0,"gold_gain":0,"player_choice":"Obtained Relic","damage_taken":0,"relics_obtained":["Dream Catcher"],"max_hp_gain":0,"max_hp_loss":0,"event_name":"Addict","floor":19,"gold_loss":85},{"damage_healed":0,"gold_gain":0,"player_choice":"Fought Bandits","damage_taken":0,"max_hp_gain":0,"max_hp_loss":0,"event_name":"Masked Bandits","floor":20,"gold_loss":0},{"damage_healed":0,"gold_gain":0,"cards_transformed":["Strike_R","Strike_R"],"player_choice":"Became Test Subject","damage_taken":0,"max_hp_gain":0,"max_hp_loss":0,"event_name":"Drug Dealer","floor":21,"gold_loss":0,"cards_obtained":["Ghostly Armor","Anger"]}],"is_beta":false,"boss_relics":[{"not_picked":["Astrolabe","SacredBark"],"picked":"Fusion Hammer"}],"items_purged_floors":[4,14],"is_endless":false,"potions_floor_spawned":[1,5,10,13,18,22,28],"killed_by":"Book of Stabbing","ascension_level":20}}