{"host":"6999i8eg5ewbhdiq","time":1609610085,"event":{"mods":["AchievementEnabler","BaseMod","Colored Map","Colored Powertips","Highlight Path","Minty Spire (QoL Compilation)"],"gold_per_floor":[211,64,77,96,96,96,131,131,156,0,10,20,49,67,67,168,168,187,187,200,200,210,237,237,255,255,255,269,269,288,288,288,388,388,402,412,30,30,30,30,63,63,90,117,128,78,78,109,109,109],"floor_reached":51,"playtime":2416,"items_purged":["Defend_G","Strike_G"],"score":1016,"play_id":"23a811f1-dc5e-4bbe-9825-433735aae98d","local_time":"20210102185445","is_ascension_mode":true,"campfire_choices":[{"data":"Crippling Poison","floor":6.0,"key":"SMITH"},{"data":"Bane","floor":8.0,"key":"SMITH"},{"floor":15.0,"key":"REST"},{"floor":24.0,"key":"REST"},{"floor":27.0,"key":"REST"},{"floor":29.0,"key":"REST"},{"data":"Bouncing Flask","floor":32.0,"key":"SMITH"},{"data":"Secret Weapon","floor":40.0,"key":"SMITH"},{"data":"Neutralize","floor":47.0,"key":"SMITH"},{"data":"Poisoned Stab","floor":49.0,"key":"SMITH"}],"circlet_count":0,"master_deck":["Strike_G","Defend_G","Defend_G","Survivor","Neutralize+1","Deadly Poison","Crippling Poison+1","Bane+1","Deadly Poison","Corpse Explosion+1","Footwork+1","Endless Agony+1","Bane","Poisoned Stab+1","Bouncing Flask+1","Secret Weapon+1","Bouncing Flask+1"],"relics":["Ring of the Snake","Art of War","Happy Flower","Anchor","TwistedFunnel","Matryoshka","Astrolabe","Question Card","Blood Vial","Sundial","SlaversCollar","FossilizedHelix","Meat on the Bone","PreservedInsect","Strawberry","Smiling Mask","Oddly Smooth Stone"],"acts_visited":["Exordium","TheCity","TheBeyond"],"potions_floor_usage":[],"damage_taken":[{"damage":5.0,"enemies":"Small Slimes","floor":1.0,"turns":4.0},{"damage":0.0,"enemies":"Cultist","floor":3.0,"turns":4.0},{"damage":2.0,"enemies":"2 Louse","floor":4.0,"turns":3.0},{"damage":0.0,"enemies":"Lagavulin","floor":7.0,"turns":6.0},{"damage":4.0,"enemies":"Exordium Thugs","floor":11.0,"turns":4.0},{"damage":0.0,"enemies":"Gremlin Gang","floor":12.0,"turns":3.0},{"damage":34.0,"enemies":"Gremlin Nob","floor":13.0,"turns":4.0},{"damage":0.0,"enemies":"Looter","floor":14.0,"turns":2.0},{"damage":7.0,"enemies":"Slime Boss","floor":16.0,"turns":10.0},{"damage":13.0,"enemies":"Spheric Guardian","floor":18.0,"turns":4.0},{"damage":10.0,"enemies":"Shell Parasite","floor":20.0,"turns":4.0},{"damage":23.0,"enemies":"Sentry and Sphere","floor":22.0,"turns":4.0},{"damage":0.0,"enemies":"Slavers","floor":23.0,"turns":3.0},{"damage":4.0,"enemies":"Centurion and Healer","floor":25.0,"turns":4.0},{"damage":13.0,"enemies":"Snecko","floor":28.0,"turns":4.0},{"damage":0.0,"enemies":"Snake Plant","floor":30.0,"turns":3.0},{"damage":48.0,"enemies":"Champ","floor":33.0,"turns":10.0},{"damage":0.0,"enemies":"3 Shapes","floor":35.0,"turns":2.0},{"damage":12.0,"enemies":"3 Darklings","floor":36.0,"turns":3.0},{"damage":41.0,"enemies":"Giant Head","floor":41.0,"turns":7.0},{"damage":0.0,"enemies":"Reptomancer","floor":44.0,"turns":4.0},{"damage":0.0,"enemies":"Jaw Worm Horde","floor":45.0,"turns":2.0},{"damage":0.0,"enemies":"Giant Head","floor":48.0,"turns":6.0},{"damage":56,"enemies":"Donu and Deca","floor":50,"turns":6}],"seed_played":"5214429675825548079","potions_obtained":[{"floor":3.0,"key":"DistilledChaos"},{"floor":12.0,"key":"SpeedPotion"},{"floor":13.0,"key":"Dexterity Potion"},{"floor":14.0,"key":"CunningPotion"},{"floor":22.0,"key":"SteroidPotion"},{"floor":25.0,"key":"SteroidPotion"},{"floor":28.0,"key":"Energy Potion"},{"floor":33.0,"key":"Explosive Potion"},{"floor":36.0,"key":"EssenceOfSteel"},{"floor":41.0,"key":"Energy Potion"},{"floor":44.0,"key":"SkillPotion"}],"is_trial":false,"path_per_floor":["M","$","M","M","?","R","E","R","T","$","M","M","E","M","R","B",null,"M","?","M","?","M","E","R","M","T","R","M","R","M","?","R","B",null,"M","M","$","?","$","R","E","?","T","E","M","$","R","E","R","B",null],"character_chosen":"THE_SILENT","items_purchased":["Art of War","TwistedFunnel","FossilizedHelix"],"campfire_rested":4,"item_purchase_floors":[2,10,37],"current_hp_per_floor":[65,65,65,63,63,63,63,63,63,63,59,59,25,25,46,39,70,57,57,47,47,24,24,45,41,41,62,51,70,70,70,70,22,70,70,58,58,58,58,58,19,61,68,68,68,68,68,68,68,24],"gold":109,"neow_bonus":"HUNDRED_GOLD","is_daily":false,"chose_seed":false,"campfire_upgraded":6,"win_rate":0.0,"timestamp":1609610085,"path_taken":["M","$","M","M","?","R","E","R","T","$","M","M","E","M","R","BOSS","M","?","?","?","?","E","R","M","T","R","?","R","M","?","R","BOSS","M","M","$","?","$","R","E","?","T","E","M","$","R","E","R","BOSS"],"items_purchased_type":["Relic","Relic","Relic"],"build_version":"2020-12-22","purchased_purges":2,"victory":true,"max_hp_per_floor":[70,70,70,70,70,70,70,70,70,70,70,70,70,70,70,70,70,70,70,70,70,70,70,70,70,70,70,70,70,70,70,70,70,70,70,70,70,70,70,70,70,61,68,68,68,68,68,68,68,68],"card_choices":[{"not_picked":["Cloak And Dagger","Escape Plan"],"picked":"Deadly Poison","floor":1.0},{"not_picked":["Flying Knee","Blade Dance","PiercingWail"],"picked":"SKIP","floor":3.0},{"not_picked":["Slice","Bane"],"picked":"Crippling Poison","floor":4.0},{"not_picked":["Blade Dance","Dagger Throw"],"picked":"Bane","floor":7.0},{"not_picked":["Prepared","Quick Slash"],"picked":"Deadly Poison","floor":11.0},{"not_picked":["Blade Dance","Outmaneuver","Escape Plan"],"picked":"SKIP","floor":12.0},{"not_picked":["All Out Attack","Bullet Time","Concentrate"],"picked":"SKIP","floor":13.0},{"not_picked":["Escape Plan","Underhanded Strike","PiercingWail"],"picked":"SKIP","floor":14.0},{"not_picked":["PiercingWail","Deflect+1","Backstab"],"picked":"SKIP","floor":18.0},{"not_picked":["PiercingWail+1","Blade Dance","Prepared"],"picked":"SKIP","floor":20.0},{"not_picked":["Sucker Punch","Blade Dance","Envenom"],"picked":"SKIP","floor":22.0},{"not_picked":["Riddle With Holes+1","Predator","Backstab+1"],"picked":"SKIP","floor":23.0},{"not_picked":["Quick Slash","Blur+1","Riddle With Holes"],"picked":"Poisoned Stab","floor":25.0},{"not_picked":["Dagger Throw+1","Flying Knee","Slice","Concentrate"],"picked":"SKIP","floor":28.0},{"not_picked":["Dagger Throw+1","Acrobatics","Backstab"],"picked":"Bouncing Flask","floor":30.0},{"not_picked":["Flying Knee+1","Terror+1","Backflip","Quick Slash+1"],"picked":"SKIP","floor":35.0},{"not_picked":["Endless Agony","PiercingWail","Cloak And Dagger","Venomology"],"picked":"SKIP","floor":36.0},{"not_picked":["Chrysalis","The Bomb","Purity"],"picked":"Secret Weapon","floor":38.0},{"not_picked":["Backstab","Endless Agony","Caltrops"],"picked":"Bouncing Flask+1","floor":41.0},{"not_picked":["PiercingWail+1","Acrobatics+1","Outmaneuver+1","Accuracy"],"picked":"SKIP","floor":44.0},{"not_picked":["Acrobatics","Accuracy","Backstab","Calculated Gamble"],"picked":"SKIP","floor":45.0},{"not_picked":["Deflect+1","Cloak And Dagger+1","Infinite Blades","Storm of Steel"],"picked":"SKIP","floor":48.0}],"player_experience":114836,"relics_obtained":[{"floor":7.0,"key":"Happy Flower"},{"floor":9.0,"key":"Anchor"},{"floor":13.0,"key":"Matryoshka"},{"floor":23.0,"key":"Question Card"},{"floor":26.0,"key":"Blood Vial"},{"floor":26.0,"key":"Sundial"},{"floor":41.0,"key":"Meat on the Bone"},{"floor":43.0,"key":"PreservedInsect"},{"floor":43.0,"key":"Strawberry"},{"floor":44.0,"key":"Smiling Mask"},{"floor":48.0,"key":"Oddly Smooth Stone"}],"event_choices":[{"cards_removed":["Strike_G"],"damage_healed":0.0,"max_hp_gain":0.0,"max_hp_loss":0.0,"gold_gain":0.0,"event_name":"Wheel of Change","player_choice":"Card Removal","floor":5.0,"gold_loss":0.0,"damage_taken":0.0},{"damage_healed":0.0,"max_hp_gain":0.0,"max_hp_loss":0.0,"gold_gain":0.0,"event_name":"N\u0027loth","player_choice":"Ignored","floor":19.0,"gold_loss":0.0,"damage_taken":0.0},{"damage_healed":0.0,"max_hp_gain":0.0,"max_hp_loss":0.0,"gold_gain":0.0,"cards_transformed":["Defend_G"],"event_name":"Transmorgrifier","player_choice":"Transformed","floor":21.0,"gold_loss":0.0,"damage_taken":0.0,"cards_obtained":["Bane"]},{"damage_healed":0.0,"max_hp_gain":0.0,"max_hp_loss":0.0,"gold_gain":0.0,"event_name":"Ghosts","player_choice":"Ignored","floor":31.0,"gold_loss":0.0,"damage_taken":0.0},{"damage_healed":0.0,"max_hp_gain":0.0,"max_hp_loss":0.0,"gold_gain":0.0,"event_name":"SensoryStone","player_choice":"Memory 1","floor":38.0,"gold_loss":0.0,"damage_taken":0.0},{"damage_healed":61.0,"max_hp_gain":0.0,"max_hp_loss":9.0,"gold_gain":0.0,"event_name":"The Moai Head","player_choice":"Heal","floor":42.0,"gold_loss":0.0,"damage_taken":0.0}],"is_beta":false,"boss_relics":[{"not_picked":["Coffee Dripper","HoveringKite"],"picked":"Astrolabe"},{"not_picked":["SacredBark","Runic Dome"],"picked":"SlaversCollar"}],"items_purged_floors":[37,46],"is_endless":false,"potions_floor_spawned":[3,12,13,14,22,25,28,33,36,41,44],"ascension_level":3}}