{"host":"zig6x0mxqzam82fb","time":1609628126,"event":{"mods":["BaseMod","Block Reminder","Colored Map","Colored Powertips","Marisa????????","Minty Spire (QoL Compilation)","Relic Stats","StSLib","The Cursed","The Marked","Waifu the Spire"],"gold_per_floor":[114,37,53,70,70,104,104,121,121,146,146,164,164,178,178,298,298,298,298,69,69,69,69,69,69,69,69,29,29,29,29,29,29,29,29,29,29,29,29],"floor_reached":38,"playtime":2185,"items_purged":["theMarked:Defend"],"score":487,"play_id":"a3d46438-d754-4394-9f5d-041ee23bd588","local_time":"20210102175526","is_ascension_mode":true,"campfire_choices":[{"floor":7,"key":"REST"},{"floor":11,"key":"REST"},{"data":"theMarked:BanishingWave","floor":15,"key":"SMITH"},{"floor":24,"key":"REST"},{"data":"theMarked:ThrowWeapon","floor":27,"key":"SMITH"},{"data":"theMarked:StartUp","floor":30,"key":"SMITH"},{"data":"theMarked:GodGivenPower","floor":32,"key":"SMITH"}],"circlet_count":0,"master_deck":["theMarked:Strike","theMarked:Strike","theMarked:Strike","theMarked:Strike","theMarked:Strike","theMarked:Defend","theMarked:Defend","theMarked:Defend","theMarked:SoldierOfQuellstein+1","theMarked:EmpowerWeapon","theMarked:BanishingWave+1","theMarked:ChainLightning","theMarked:Improvise","theMarked:Standoff","theMarked:HeightenedSenses","theMarked:WastefulDefense","theMarked:StartUp+1","theMarked:Overthink","theMarked:Seal","theMarked:ReduceFriction","theMarked:ThrowWeapon+1","theMarked:TwofoldDefense","RitualDagger","theMarked:DispelDoubt","theMarked:FavorableWinds","theMarked:EmpowerWeapon","theMarked:ParalyzingBlade","theMarked:ParalyzingBlade+1","theMarked:GodGivenPower+1","theMarked:Abjuration","theMarked:ElectricStrings","theMarked:Opportunist+1","theMarked:WastefulDefense+1"],"relics":["theMarked:ArtifactOfAir","Bird Faced Urn","Dream Catcher","Art of War","Eternal Feather","Golden Idol","Ectoplasm","Chemical X","theMarked:DemonDagger","Gremlin Horn","Mummified Hand","Philosopher\u0027s Stone","Old Coin"],"acts_visited":["Exordium","TheCity","TheBeyond"],"potions_floor_usage":[10,16,23,23,31,33],"damage_taken":[{"damage":0,"enemies":"2 Louse","floor":1,"turns":2},{"damage":6,"enemies":"Small Slimes","floor":3,"turns":4},{"damage":4,"enemies":"Jaw Worm","floor":4,"turns":4},{"damage":25,"enemies":"3 Sentries","floor":6,"turns":5},{"damage":0,"enemies":"Gremlin Gang","floor":8,"turns":1},{"damage":33,"enemies":"Gremlin Nob","floor":10,"turns":4},{"damage":0,"enemies":"3 Louse","floor":12,"turns":4},{"damage":6,"enemies":"Looter","floor":14,"turns":3},{"damage":9,"enemies":"The Guardian","floor":16,"turns":11},{"damage":23,"enemies":"Shell Parasite","floor":18,"turns":3},{"damage":2,"enemies":"Chosen","floor":21,"turns":3},{"damage":0,"enemies":"Sentry and Sphere","floor":22,"turns":3},{"damage":32,"enemies":"Book of Stabbing","floor":23,"turns":5},{"damage":11,"enemies":"Centurion and Healer","floor":29,"turns":4},{"damage":0,"enemies":"Snake Plant","floor":31,"turns":2},{"damage":47,"enemies":"Champ","floor":33,"turns":10},{"damage":12,"enemies":"Orb Walker","floor":35,"turns":2},{"damage":16,"enemies":"3 Darklings","floor":36,"turns":5},{"damage":27,"enemies":"Mind Bloom Boss Battle","floor":37,"turns":5},{"damage":46,"enemies":"Maw","floor":38,"turns":6}],"seed_played":"-770073393582959849","potions_obtained":[{"floor":4,"key":"DuplicationPotion"},{"floor":6,"key":"BlessingOfTheForge"},{"floor":10,"key":"EssenceOfSteel"},{"floor":14,"key":"Swift Potion"},{"floor":16,"key":"SneckoOil"},{"floor":22,"key":"BlessingOfTheForge"},{"floor":23,"key":"ColorlessPotion"},{"floor":31,"key":"FairyPotion"},{"floor":37,"key":"Fire Potion"}],"is_trial":false,"path_per_floor":["M","$","M","M","?","E","R","M","T","E","R","M","?","M","R","B",null,"M","?","$","M","M","E","R","T","T","R","$","M","R","M","R","B",null,"M","M","?","M"],"character_chosen":"THE_DEFAULT","items_purchased":["theMarked:BanishingWave","Chemical X","theMarked:ParalyzingBlade"],"campfire_rested":3,"item_purchase_floors":[2,20,28],"current_hp_per_floor":[49,49,43,39,39,14,35,35,35,2,32,32,32,26,38,31,65,42,36,36,34,34,2,36,36,36,51,51,40,55,55,65,18,65,53,41,20,0,0],"gold":29,"neow_bonus":"ONE_RARE_RELIC","is_daily":false,"chose_seed":false,"campfire_upgraded":4,"win_rate":0.0,"timestamp":1609628126,"path_taken":["M","$","M","M","?","E","R","M","T","E","R","M","?","M","R","BOSS","M","?","$","M","M","E","R","?","T","R","$","M","R","M","R","BOSS","M","?","?","M"],"items_purchased_type":["Card","Relic","Card"],"build_version":"2020-12-22","purchased_purges":1,"victory":false,"max_hp_per_floor":[70,70,70,70,70,70,70,70,70,70,70,70,65,65,65,65,65,65,65,65,65,65,65,65,65,65,65,65,65,65,65,65,65,65,65,65,65,65,65],"relic_stats":{"Dream Catcher":3,"Gremlin Horn":[4,4],"counters":[20,86],"Golden Idol":103,"Mummified Hand":[11],"Bird Faced Urn":[18],"Eternal Feather":76,"Ectoplasm":747,"Art of War":[5],"Chemical X":[9],"obtain_stats":[{"theMarked:DemonDagger":23,"Gremlin Horn":25,"Golden Idol":13,"Eternal Feather":10,"Old Coin":37,"theMarked:ArtifactOfAir":0,"Dream Catcher":6,"Mummified Hand":26,"Bird Faced Urn":0,"Philosopher\u0027s Stone":34,"Ectoplasm":17,"Art of War":9,"Chemical X":20},{"theMarked:DemonDagger":13,"Gremlin Horn":13,"Golden Idol":7,"Eternal Feather":6,"Old Coin":19,"theMarked:ArtifactOfAir":0,"Dream Catcher":4,"Mummified Hand":13,"Bird Faced Urn":0,"Philosopher\u0027s Stone":16,"Ectoplasm":9,"Art of War":5,"Chemical X":10},{"theMarked:DemonDagger":52,"Gremlin Horn":52,"Golden Idol":24,"Eternal Feather":20,"Old Coin":80,"theMarked:ArtifactOfAir":0,"Dream Catcher":15,"Mummified Hand":52,"Bird Faced Urn":0,"Philosopher\u0027s Stone":68,"Ectoplasm":38,"Art of War":16,"Chemical X":41}]},"card_choices":[{"not_picked":["theMarked:ShockingTouch","theMarked:WastefulAttack"],"picked":"theMarked:EmpowerWeapon","floor":1},{"not_picked":["theMarked:TwofoldDefense","theMarked:RepellingDischarge"],"picked":"theMarked:ChainLightning","floor":3},{"not_picked":["theMarked:ShockingTouch","theMarked:Aftermath"],"picked":"theMarked:Improvise","floor":4},{"not_picked":["theMarked:ContemptForTheProud","theMarked:TunnelVision"],"picked":"theMarked:Standoff","floor":6},{"not_picked":["theMarked:Electrocute","theMarked:Parkour"],"picked":"theMarked:HeightenedSenses","floor":7},{"not_picked":["theMarked:Improvise","theMarked:Parkour"],"picked":"theMarked:WastefulDefense","floor":8},{"not_picked":["theMarked:SwordAndMagic","theMarked:WastefulDefense"],"picked":"theMarked:StartUp","floor":10},{"not_picked":["theMarked:RepellingDischarge","theMarked:MaelstromOfLightning"],"picked":"theMarked:Overthink","floor":11},{"not_picked":["theMarked:Parkour","theMarked:RepellingDischarge"],"picked":"theMarked:Seal","floor":12},{"not_picked":["theMarked:Overcharge","theMarked:ResourceFulStrike"],"picked":"theMarked:ReduceFriction","floor":14},{"not_picked":["theMarked:DispelDoubt","theMarked:TurnInvisible"],"picked":"theMarked:ThrowWeapon","floor":16},{"not_picked":["theMarked:WastefulAttack","theMarked:ChainLightning"],"picked":"theMarked:TwofoldDefense","floor":18},{"not_picked":["theMarked:Parry+1","theMarked:Parkour","theMarked:Static"],"picked":"SKIP","floor":21},{"not_picked":["theMarked:Static","theMarked:SwordAndMagic"],"picked":"theMarked:DispelDoubt","floor":22},{"not_picked":["theMarked:HeightenedSenses","theMarked:Improvise"],"picked":"theMarked:FavorableWinds","floor":23},{"not_picked":["theMarked:RepellingDischarge","theMarked:ShockingTouch"],"picked":"theMarked:EmpowerWeapon","floor":24},{"not_picked":["theMarked:ElectricStrings+1","theMarked:MaelstromOfLightning"],"picked":"theMarked:ParalyzingBlade+1","floor":29},{"not_picked":["theMarked:Improvise","theMarked:Static"],"picked":"theMarked:GodGivenPower","floor":31},{"not_picked":["theMarked:Challenge","theMarked:Snap"],"picked":"theMarked:Abjuration","floor":33},{"not_picked":["theMarked:ChainLightning+1","theMarked:Static"],"picked":"theMarked:ElectricStrings","floor":35},{"not_picked":["theMarked:HeightenedSenses","theMarked:Generate"],"picked":"theMarked:Opportunist+1","floor":36},{"not_picked":["theMarked:LightningStrikesTwice","theMarked:RepellingDischarge"],"picked":"theMarked:WastefulDefense+1","floor":37}],"player_experience":426016,"relics_obtained":[{"floor":6,"key":"Dream Catcher"},{"floor":9,"key":"Art of War"},{"floor":10,"key":"Eternal Feather"},{"floor":23,"key":"theMarked:DemonDagger"},{"floor":25,"key":"Gremlin Horn"},{"floor":26,"key":"Mummified Hand"},{"floor":37,"key":"Old Coin"}],"event_choices":[{"damage_healed":0,"gold_gain":0,"player_choice":"Grow","damage_taken":0,"max_hp_gain":0,"max_hp_loss":0,"event_name":"Living Wall","floor":5,"gold_loss":0,"cards_upgraded":["theMarked:SoldierOfQuellstein"]},{"damage_healed":0,"gold_gain":0,"player_choice":"Lose Max HP","damage_taken":0,"relics_obtained":["Golden Idol"],"max_hp_gain":0,"max_hp_loss":5,"event_name":"Golden Idol","floor":13,"gold_loss":0},{"damage_healed":0,"gold_gain":0,"player_choice":"Joined the Cult","damage_taken":6,"max_hp_gain":0,"max_hp_loss":0,"event_name":"Nest","floor":19,"gold_loss":0,"cards_obtained":["RitualDagger"]},{"damage_healed":0,"gold_gain":0,"player_choice":"Fight","damage_taken":0,"max_hp_gain":0,"max_hp_loss":0,"event_name":"MindBloom","floor":37,"gold_loss":0}],"is_beta":false,"boss_relics":[{"not_picked":["Astrolabe","theMarked:BronzeBlade"],"picked":"Ectoplasm"},{"not_picked":["Sozu","Tiny House"],"picked":"Philosopher\u0027s Stone"}],"items_purged_floors":[20],"is_endless":false,"potions_floor_spawned":[4,6,10,14,16,22,23,31,37],"killed_by":"Maw","ascension_level":4}}