{"host":"7yxt37kap0q16lk4","time":1609612201,"event":{"mods":["2.2 Compatiblity","Act Like it!","BaseMod","Better Third Choice","Better-Laid Plans","Colored Map","Custom Start","Highlight Path","Keyboard Shortcuts","Minty Spire (QoL Compilation)","Quick Restart","Rare Cards Sparkle","Relic Stats","Shop Mod","Slay the Relics Exporter","StSLib","SuperFastMode"],"gold_per_floor":[113,130,205,223,237,267,267,293,293,309,309,309,320,350,350,427,427,443,455,49,63,73,73,99,117,143,156,56,90,90,117,117,190,190,205,219,236,186,199,229,229,255,255,255,130,130,130,156,156,156,156,156,156,6,38,38,38],"floor_reached":56,"playtime":1604,"items_purged":["Zap","Defend_B","Defend_B","Defend_B"],"score":2339,"play_id":"a4e3c83e-1b8c-4cfe-9526-2020fff70d38","local_time":"20210103033001","is_ascension_mode":true,"campfire_choices":[{"floor":7.0,"key":"REST"},{"data":"Beam Cell","floor":11.0,"key":"SMITH"},{"data":"Coolheaded","floor":15.0,"key":"SMITH"},{"data":"Biased Cognition","floor":23.0,"key":"SMITH"},{"data":"Defend_B","floor":32.0,"key":"PURGE"},{"floor":41.0,"key":"RECALL"},{"floor":46.0,"key":"REST"},{"floor":49.0,"key":"REST"},{"data":"Coolheaded","floor":53.0,"key":"SMITH"}],"circlet_count":0,"master_deck":["AscendersBane","Dualcast","All For One","Gash","Gash","Gash","Gash","Gash","Sunder","Conserve Battery","Beam Cell+1","Gash","Glacier","Coolheaded+1","Recycle","Chill","CurseOfTheBell","FTL","Biased Cognition+1","Coolheaded+1","Echo Form","Skim+1","Meteor Strike","Recycle+1","Undo","Core Surge","Flash of Steel","Magnetism+1","Coolheaded+1"],"relics":["FrozenCore","StrikeDummy","Odd Mushroom","Matryoshka","Potion Belt","Calipers","PreservedInsect","Calling Bell","Bronze Scales","Pear","Lizard Tail","Peace Pipe","Unceasing Top","Strawberry","Bag of Preparation","Frozen Egg 2","Cables","Vajra","Nunchaku","Orichalcum","Gremlin Horn"],"acts_visited":["Exordium","TheCity","TheBeyond","TheEnding"],"potions_floor_usage":[56,56],"damage_taken":[{"damage":1.0,"enemies":"Cultist","floor":1.0,"turns":3.0},{"damage":13.0,"enemies":"Small Slimes","floor":2.0,"turns":2.0},{"damage":12.0,"enemies":"Jaw Worm","floor":4.0,"turns":2.0},{"damage":9.0,"enemies":"Red Slaver","floor":5.0,"turns":3.0},{"damage":15.0,"enemies":"3 Sentries","floor":6.0,"turns":4.0},{"damage":2.0,"enemies":"The Mushroom Lair","floor":8.0,"turns":3.0},{"damage":0.0,"enemies":"3 Louse","floor":10.0,"turns":3.0},{"damage":0.0,"enemies":"Large Slime","floor":13.0,"turns":2.0},{"damage":0.0,"enemies":"Gremlin Nob","floor":14.0,"turns":3.0},{"damage":10.0,"enemies":"The Guardian","floor":16.0,"turns":5.0},{"damage":4.0,"enemies":"Spheric Guardian","floor":18.0,"turns":3.0},{"damage":11.0,"enemies":"3 Byrds","floor":19.0,"turns":2.0},{"damage":13.0,"enemies":"Centurion and Healer","floor":21.0,"turns":5.0},{"damage":0.0,"enemies":"Cultist and Chosen","floor":22.0,"turns":4.0},{"damage":26.0,"enemies":"Book of Stabbing","floor":24.0,"turns":3.0},{"damage":13.0,"enemies":"Shelled Parasite and Fungi","floor":25.0,"turns":4.0},{"damage":1.0,"enemies":"Chosen and Byrds","floor":27.0,"turns":5.0},{"damage":0.0,"enemies":"Slavers","floor":29.0,"turns":3.0},{"damage":0.0,"enemies":"Gremlin Leader","floor":31.0,"turns":3.0},{"damage":22.0,"enemies":"Champ","floor":33.0,"turns":6.0},{"damage":21.0,"enemies":"3 Darklings","floor":35.0,"turns":3.0},{"damage":7.0,"enemies":"Orb Walker","floor":36.0,"turns":2.0},{"damage":1.0,"enemies":"Sphere and 2 Shapes","floor":37.0,"turns":6.0},{"damage":0.0,"enemies":"Maw","floor":39.0,"turns":6.0},{"damage":0.0,"enemies":"Reptomancer","floor":40.0,"turns":5.0},{"damage":3.0,"enemies":"Nemesis","floor":42.0,"turns":5.0},{"damage":0.0,"enemies":"Giant Head","floor":48.0,"turns":5.0},{"damage":0.0,"enemies":"Time Eater","floor":50.0,"turns":11.0},{"damage":5.0,"enemies":"Donu and Deca","floor":51.0,"turns":6.0},{"damage":31.0,"enemies":"Shield and Spear","floor":55.0,"turns":6.0},{"damage":114,"enemies":"The Heart","floor":56,"turns":6}],"seed_played":"-4318454900968315116","potions_obtained":[{"floor":2.0,"key":"GamblersBrew"},{"floor":6.0,"key":"AttackPotion"},{"floor":10.0,"key":"Regen Potion"},{"floor":14.0,"key":"AttackPotion"},{"floor":22.0,"key":"FearPotion"},{"floor":25.0,"key":"Explosive Potion"},{"floor":27.0,"key":"SteroidPotion"},{"floor":29.0,"key":"AttackPotion"},{"floor":33.0,"key":"Ancient Potion"},{"floor":35.0,"key":"Energy Potion"},{"floor":36.0,"key":"LiquidBronze"},{"floor":42.0,"key":"FocusPotion"}],"is_trial":false,"path_per_floor":["M","M","?","M","M","E","R","?","T","M","R","T","M","E","R","B",null,"M","M","$","M","M","R","E","M","T","M","$","E","?","E","R","B",null,"M","M","M","?","M","E","R","E","T","?","$","R","?","E","R","B","B",null,"R","$","E","B"],"character_chosen":"DEFECT","items_purchased":["Peace Pipe"],"campfire_rested":3,"item_purchase_floors":[20],"current_hp_per_floor":[63,50,39,27,18,3,24,22,22,22,22,22,22,22,22,26,70,66,55,55,42,42,42,16,3,10,9,9,9,9,9,9,34,75,54,47,46,46,46,46,46,43,43,30,30,56,46,46,72,72,67,83,83,83,52,0,0],"gold":38,"neow_bonus":"ONE_RANDOM_RARE_CARD","is_daily":false,"chose_seed":false,"campfire_upgraded":4,"win_rate":0.0,"timestamp":1609612201,"path_taken":["M","M","?","M","M","E","R","?","T","M","R","?","?","E","R","BOSS","M","M","$","M","M","R","E","M","T","M","$","E","?","E","R","BOSS","M","M","M","?","?","E","R","E","T","?","?","R","?","E","R","BOSS","BOSS","R","$","E","BOSS"],"items_purchased_type":["Relic"],"build_version":"2020-12-22","purchased_purges":4,"victory":false,"max_hp_per_floor":[71,71,71,71,71,71,71,71,71,71,71,71,71,71,71,71,81,81,81,81,81,81,81,81,81,88,88,88,88,88,88,88,88,88,88,88,88,88,88,88,88,88,88,88,88,88,88,88,88,88,88,88,88,88,88,88,88],"relic_stats":{"Gremlin Horn":[0,0],"counters":[31,129],"PreservedInsect":449,"Bag of Preparation":[26],"Orichalcum":[42],"FrozenCore":[14],"Cables":[33,0,31,0,2],"Peace Pipe":2,"Lizard Tail":44,"Nunchaku":[12],"Bronze Scales":[383],"obtain_stats":[{"Potion Belt":12,"Calipers":12,"Pear":17,"Gremlin Horn":55,"Vajra":42,"PreservedInsect":14,"Bag of Preparation":29,"Odd Mushroom":8,"Frozen Egg 2":31,"Orichalcum":48,"FrozenCore":34,"Cables":40,"Calling Bell":17,"Peace Pipe":20,"Lizard Tail":17,"Nunchaku":43,"Matryoshka":9,"Bronze Scales":17,"Strawberry":26,"Cracked Core":0,"StrikeDummy":6,"Unceasing Top":24},{"Potion Belt":7,"Calipers":7,"Pear":10,"Gremlin Horn":30,"Vajra":26,"PreservedInsect":9,"Bag of Preparation":18,"Odd Mushroom":6,"Frozen Egg 2":19,"Orichalcum":27,"FrozenCore":20,"Cables":25,"Calling Bell":10,"Peace Pipe":12,"Lizard Tail":10,"Nunchaku":26,"Matryoshka":6,"Bronze Scales":10,"Strawberry":16,"Cracked Core":0,"StrikeDummy":5,"Unceasing Top":15},{"Potion Belt":20,"Calipers":20,"Pear":30,"Gremlin Horn":123,"Vajra":95,"PreservedInsect":25,"Bag of Preparation":59,"Odd Mushroom":17,"Frozen Egg 2":62,"Orichalcum":100,"FrozenCore":68,"Cables":90,"Calling Bell":30,"Peace Pipe":35,"Lizard Tail":30,"Nunchaku":95,"Matryoshka":17,"Bronze Scales":30,"Strawberry":51,"Cracked Core":0,"StrikeDummy":14,"Unceasing Top":47}],"Unceasing Top":[16]},"card_choices":[{"not_picked":["Conserve Battery","Redo"],"picked":"Sunder","floor":1.0},{"not_picked":["Cold Snap","Chaos"],"picked":"Conserve Battery","floor":2.0},{"not_picked":["Double Energy","Turbo"],"picked":"Beam Cell","floor":4.0},{"not_picked":["Rebound","Consume"],"picked":"Gash","floor":5.0},{"not_picked":["Force Field","Fusion"],"picked":"Glacier","floor":6.0},{"not_picked":["Beam Cell","Barrage"],"picked":"Coolheaded","floor":8.0},{"not_picked":["Chaos","Turbo","Capacitor"],"picked":"SKIP","floor":10.0},{"not_picked":["Conserve Battery","Stack","Recycle"],"picked":"SKIP","floor":13.0},{"not_picked":["Conserve Battery","Stack"],"picked":"Recycle","floor":13.0},{"not_picked":["Steam Power","Melter"],"picked":"Chill","floor":14.0},{"not_picked":["Cold Snap","Conserve Battery"],"picked":"FTL","floor":18.0},{"not_picked":["Compile Driver","Ball Lightning","Rip and Tear+1"],"picked":"SKIP","floor":19.0},{"not_picked":["Loop","Streamline","Go for the Eyes"],"picked":"SKIP","floor":21.0},{"not_picked":["Barrage","Coolheaded"],"picked":"Biased Cognition","floor":22.0},{"not_picked":["Double Energy","Beam Cell+1","Doom and Gloom"],"picked":"SKIP","floor":24.0},{"not_picked":["Auto Shields","Rebound","Redo"],"picked":"SKIP","floor":25.0},{"not_picked":["Steam","Go for the Eyes"],"picked":"Coolheaded","floor":27.0},{"not_picked":["Recycle","Coolheaded"],"picked":"Echo Form","floor":29.0},{"not_picked":["Rip and Tear","Lockon+1"],"picked":"Skim","floor":31.0},{"not_picked":["Rainbow","Fission"],"picked":"Meteor Strike","floor":33.0},{"not_picked":["Darkness","Hologram"],"picked":"Recycle+1","floor":35.0},{"not_picked":["Steam+1","Turbo","Fusion"],"picked":"SKIP","floor":36.0},{"not_picked":["Sunder","Beam Cell","Gash"],"picked":"SKIP","floor":37.0},{"not_picked":["Scrape","Turbo"],"picked":"Undo","floor":39.0},{"not_picked":["Steam","Blizzard","BootSequence"],"picked":"SKIP","floor":40.0},{"not_picked":["Ball Lightning","Storm+1"],"picked":"Core Surge","floor":42.0},{"not_picked":["Violence","Swift Strike"],"picked":"Flash of Steel","floor":47.0},{"not_picked":["Forethought","Jack Of All Trades"],"picked":"Magnetism+1","floor":47.0},{"not_picked":["Barrage","Loop+1"],"picked":"Coolheaded+1","floor":48.0},{"not_picked":["Leap","Cold Snap","Auto Shields"],"picked":"SKIP","floor":55.0}],"player_experience":1036043,"relics_obtained":[{"floor":6.0,"key":"StrikeDummy"},{"floor":8.0,"key":"Odd Mushroom"},{"floor":9.0,"key":"Matryoshka"},{"floor":12.0,"key":"Potion Belt"},{"floor":12.0,"key":"Calipers"},{"floor":14.0,"key":"PreservedInsect"},{"floor":17.0,"key":"Bronze Scales"},{"floor":17.0,"key":"Pear"},{"floor":17.0,"key":"Lizard Tail"},{"floor":24.0,"key":"Unceasing Top"},{"floor":26.0,"key":"Strawberry"},{"floor":29.0,"key":"Bag of Preparation"},{"floor":31.0,"key":"Frozen Egg 2"},{"floor":40.0,"key":"Cables"},{"floor":42.0,"key":"Vajra"},{"floor":43.0,"key":"Nunchaku"},{"floor":48.0,"key":"Orichalcum"},{"floor":55.0,"key":"Gremlin Horn"}],"event_choices":[{"damage_healed":0.0,"max_hp_gain":0.0,"max_hp_loss":0.0,"gold_gain":75.0,"event_name":"betterThird:BetterGoop","player_choice":"Gold","floor":3.0,"gold_loss":0.0,"damage_taken":11.0},{"damage_healed":0.0,"max_hp_gain":0.0,"max_hp_loss":0.0,"gold_gain":0.0,"event_name":"Mushrooms","player_choice":"Fought Mushrooms","floor":8.0,"gold_loss":0.0,"damage_taken":0.0},{"damage_healed":0.0,"max_hp_gain":0.0,"max_hp_loss":0.0,"gold_gain":0.0,"event_name":"Vampires","player_choice":"Ignored","floor":30.0,"gold_loss":0.0,"damage_taken":0.0},{"damage_healed":0.0,"max_hp_gain":0.0,"max_hp_loss":0.0,"gold_gain":0.0,"event_name":"Designer","player_choice":"Upgrade","floor":38.0,"gold_loss":50.0,"damage_taken":0.0,"cards_upgraded":["Skim"]},{"damage_healed":0.0,"max_hp_gain":0.0,"max_hp_loss":0.0,"gold_gain":0.0,"event_name":"Wheel of Change","player_choice":"Damaged","floor":44.0,"gold_loss":0.0,"damage_taken":13.0},{"damage_healed":0.0,"max_hp_gain":0.0,"max_hp_loss":0.0,"gold_gain":0.0,"event_name":"SensoryStone","player_choice":"Memory 3","floor":47.0,"gold_loss":0.0,"damage_taken":10.0}],"is_beta":false,"boss_relics":[{"not_picked":["Cursed Key","Snecko Eye"],"picked":"Calling Bell"},{"not_picked":["Sozu","Runic Dome"],"picked":"FrozenCore"}],"items_purged_floors":[20,28,45,54],"is_endless":false,"potions_floor_spawned":[2,6,10,14,22,25,27,29,33,35,36,42],"killed_by":"The Heart","ascension_level":20}}