{"host":"6he3f0ic6yesrium","time":1609603452,"event":{"mods":["BaseMod","Better Altar","Better Match","Better Note","Better Sensory Stone","Better Skull","Better Third Choice","Colored Map","Conspire","Hubris","Marisa????????","Minty Spire (QoL Compilation)","Replay The Spire","StSLib","The Alterego","The Mystic","The Necromancer","The Runesmith"],"gold_per_floor":[109,23,23,23,36,68,68,81,81,81,92,124,124,140,140,245,245,255,180,180,197,197,222,222,222,222],"floor_reached":25,"playtime":1418,"items_purged":[],"score":254,"play_id":"daf54bb5-9c06-49af-bde4-1e0523029af8","local_time":"20210102110412","is_ascension_mode":false,"campfire_choices":[{"data":"Runesmith:Repurpose","floor":7,"key":"SMITH"},{"data":"alterego_mod:Rip","floor":13,"key":"SMITH"},{"floor":15,"key":"REST"},{"floor":24,"key":"REST"}],"circlet_count":0,"master_deck":["Runesmith:Strike_RS","Runesmith:Strike_RS","Runesmith:Defend_RS","Runesmith:Defend_RS","Runesmith:Defend_RS","Runesmith:Defend_RS","Runesmith:CraftFirestone","Runesmith:Fortify","Runesmith:Repurpose+1","Runesmith:EnergizedChisel","Runesmith:CraftMagma+1","CommonCold","Runesmith:HeatExchange","Runesmith:GoWithTheFlow","Runesmith:MakeshiftArmor","alterego_mod:Rip+1","Runesmith:CraftPrismatica","Runesmith:CraftMagma","Runesmith:FissionHammer","Runesmith:HammerThrow","Runesmith:ArcReactor+1","Runesmith:Discharge","Runesmith:ChiselStab+1","alterego_mod:MaintainEyeContact"],"relics":["Runesmith:BrokenRuby","NeowsBlessing","Ring of Fangs","hubris:DisguiseKit","Iron Hammer","ReplayFunnel","conspire:SlowCooker","Anchor"],"acts_visited":["Exordium","TheCity"],"potions_floor_usage":[12,12,23,23],"damage_taken":[{"damage":0,"enemies":"2 Louse","floor":1,"turns":1},{"damage":0,"enemies":"Small Slimes","floor":5,"turns":2},{"damage":0,"enemies":"Gremlin Nob","floor":6,"turns":1},{"damage":0,"enemies":"Cultist","floor":8,"turns":4},{"damage":0,"enemies":"3 Louse","floor":11,"turns":4},{"damage":9,"enemies":"3 Sentries","floor":12,"turns":6},{"damage":18,"enemies":"Large Slime","floor":14,"turns":5},{"damage":9,"enemies":"Slime Boss","floor":16,"turns":9},{"damage":3,"enemies":"Shell Parasite","floor":18,"turns":8},{"damage":19,"enemies":"conspire:FuzzyDice","floor":21,"turns":6},{"damage":13,"enemies":"conspire:Head Lice","floor":23,"turns":7},{"damage":71,"enemies":"Slavers","floor":25,"turns":4}],"seed_played":"6287370665275803114","potions_obtained":[{"floor":6,"key":"Strength Potion"},{"floor":8,"key":"LiquidMemories"},{"floor":11,"key":"Strength Potion"},{"floor":16,"key":"SneckoOil"},{"floor":18,"key":"SpeedPotion"}],"is_trial":false,"path_per_floor":["M","$","?","$","M","E","R","M","T","?","M","E","R","M","R","B",null,"M","?","?","M","?","E","R","E"],"character_chosen":"RUNESMITH_CLASS","items_purchased":["Runesmith:EnergizedChisel","Runesmith:CraftMagma+1"],"campfire_rested":2,"item_purchase_floors":[2,2],"current_hp_per_floor":[70,70,70,70,70,70,70,70,70,70,70,61,61,43,64,55,70,67,67,67,48,48,35,56,0,0],"gold":222,"neow_bonus":"THREE_ENEMY_KILL","is_daily":false,"chose_seed":false,"campfire_upgraded":2,"win_rate":0.0,"timestamp":1609603452,"path_taken":["M","$","?","$","M","E","R","M","T","?","?","E","R","M","R","BOSS","M","?","?","M","?","E","R","E"],"items_purchased_type":["Card","Card"],"build_version":"2020-12-22","purchased_purges":0,"victory":false,"max_hp_per_floor":[70,70,70,70,70,70,70,70,70,70,70,70,70,70,70,70,70,70,70,70,70,70,70,70,70,70],"card_choices":[{"not_picked":["Runesmith:CraftObretio","Runesmith:Grindstone"],"picked":"Runesmith:Repurpose","floor":1},{"not_picked":["Runesmith:EarthShield","Runesmith:NegativeSpace"],"picked":"Runesmith:HeatExchange","floor":5},{"not_picked":["Runesmith:MakeshiftArmor","Runesmith:Terraform"],"picked":"Runesmith:GoWithTheFlow","floor":6},{"not_picked":["Runesmith:Repurpose","Runesmith:Attraction","alterego_mod:Crossover"],"picked":"Runesmith:MakeshiftArmor","floor":8},{"not_picked":["Runesmith:Prism","Runesmith:EarthShield","Runesmith:ShiftingStrike"],"picked":"alterego_mod:Rip","floor":11},{"not_picked":["Runesmith:Electrocute","Runesmith:CraftMagma","alterego_mod:BiFurious"],"picked":"Runesmith:CraftPrismatica","floor":12},{"not_picked":["Runesmith:CraftProtectio","Runesmith:StaticCage","alterego_mod:MagicResistance"],"picked":"Runesmith:CraftMagma","floor":14},{"not_picked":["Runesmith:CraftMedicinae","Runesmith:LastStand","alterego_mod:RingBreak"],"picked":"Runesmith:FissionHammer","floor":16},{"not_picked":["Runesmith:StaticCage","Runesmith:UnstableHammer+1","alterego_mod:Birthday"],"picked":"Runesmith:HammerThrow","floor":18},{"not_picked":["Runesmith:LastStand+1","Runesmith:DuctTape+1","Runesmith:LightningRod+1"],"picked":"Runesmith:ArcReactor+1","floor":19},{"not_picked":["Runesmith:NegativeSpace","Runesmith:StaticCage","alterego_mod:BreastValley"],"picked":"Runesmith:ChiselStab+1","floor":21},{"not_picked":["Runesmith:Refine+1","Runesmith:Repurpose","Runesmith:MakeshiftArmor"],"picked":"alterego_mod:MaintainEyeContact","floor":23}],"player_experience":286714,"relics_obtained":[{"floor":3,"key":"Ring of Fangs"},{"floor":6,"key":"hubris:DisguiseKit"},{"floor":9,"key":"Iron Hammer"},{"floor":12,"key":"ReplayFunnel"},{"floor":23,"key":"Anchor"}],"event_choices":[{"cards_removed":["Runesmith:Strike_RS"],"damage_healed":0,"gold_gain":0,"player_choice":"Purged","damage_taken":0,"max_hp_gain":0,"max_hp_loss":0,"event_name":"Purifier","floor":10,"gold_loss":0},{"damage_healed":0,"gold_gain":0,"player_choice":"2","damage_taken":0,"max_hp_gain":0,"max_hp_loss":0,"event_name":"betterMatch:BetterMatch","floor":19,"gold_loss":0,"cards_obtained":["betterMatch:RareCard"]},{"damage_healed":0,"gold_gain":0,"cards_transformed":["Runesmith:Strike_RS"],"player_choice":"Transformed","damage_taken":0,"max_hp_gain":0,"max_hp_loss":0,"event_name":"Transmorgrifier","floor":20,"gold_loss":0,"cards_obtained":["Runesmith:Discharge"]},{"cards_removed":["Runesmith:Defend_RS"],"damage_healed":0,"gold_gain":0,"player_choice":"Give","damage_taken":0,"max_hp_gain":0,"max_hp_loss":0,"event_name":"betterNote:BetterNote","floor":22,"gold_loss":0,"cards_obtained":["alterego_mod:Antipathy"]}],"is_beta":false,"boss_relics":[{"not_picked":["hubris:BlackHole","Sozu"],"picked":"conspire:SlowCooker"}],"items_purged_floors":[],"is_endless":false,"potions_floor_spawned":[6,8,11,16,18],"killed_by":"Slavers","ascension_level":0}}