{"host":"g01l53quoe6lrer0","time":1609598177,"event":{"mods":["2.2 Compatiblity","AchievementEnabler","BaseMod","Colored Map","Highlight Path","Keyboard Shortcuts","Minty Spire (QoL Compilation)","Permanent Neow","Quick Restart","StSLib","SuperFastMode","everything is the same but u backflip on backflip"],"gold_per_floor":[115,44,59,59,59,84,84,104,104,133,115,115,142,168,168,263,263,253,272,27,37,37,37,37,37,37,54,70,87,87,187,187,282,282,298,298,298,298,71,71,47,64,64,97,97,107,58,58,58,58],"floor_reached":51,"playtime":1370,"items_purged":["Strike_R","Strike_R+1"],"score":812,"play_id":"ca1db30b-c423-43e6-8924-c35e8ce29144","local_time":"20210102233617","is_ascension_mode":true,"campfire_choices":[{"data":"Whirlwind","floor":7.0,"key":"SMITH"},{"data":"Seeing Red","floor":12.0,"key":"SMITH"},{"floor":15.0,"key":"REST"},{"data":"Bash","floor":23.0,"key":"SMITH"},{"data":"Intimidate","floor":24.0,"key":"SMITH"},{"data":"Immolate","floor":30,"key":"SMITH"},{"floor":32,"key":"REST"},{"floor":40,"key":"REST"},{"floor":45,"key":"REST"},{"floor":49,"key":"REST"}],"circlet_count":0,"master_deck":["Strike_R+1","Defend_R+1","Defend_R+1","Defend_R+1","Defend_R+1","Bash+1","Seeing Red+1","Whirlwind+1","Immolate+1","Headbutt+1","Exhume+1","Intimidate+1","Spot Weakness+1","Seeing Red+1","Thunderclap+1","Clothesline+1","Battle Trance+1","Berserk+1","Secret Weapon+1","Inflame+1","Flex+1","Flex+1"],"relics":["Burning Blood","StoneCalendar","Regal Pillow","Happy Flower","InkBottle","Orichalcum","WingedGreaves","Anchor","Empty Cage","DollysMirror","Meat on the Bone","FossilizedHelix","Frozen Egg 2","Fusion Hammer","HornCleat","Toy Ornithopter","Mark of the Bloom"],"acts_visited":["Exordium","TheCity","TheBeyond"],"potions_floor_usage":[28,33,44,50,50,50],"damage_taken":[{"damage":3.0,"enemies":"2 Louse","floor":1.0,"turns":3.0},{"damage":7.0,"enemies":"Jaw Worm","floor":3.0,"turns":3.0},{"damage":1.0,"enemies":"Cultist","floor":8.0,"turns":4.0},{"damage":32.0,"enemies":"Gremlin Nob","floor":10.0,"turns":4.0},{"damage":16.0,"enemies":"Exordium Thugs","floor":11.0,"turns":4.0},{"damage":11.0,"enemies":"Lagavulin","floor":13.0,"turns":7.0},{"damage":12.0,"enemies":"Gremlin Nob","floor":14.0,"turns":4.0},{"damage":54.0,"enemies":"The Guardian","floor":16.0,"turns":9.0},{"damage":11.0,"enemies":"2 Thieves","floor":18.0,"turns":4.0},{"damage":19.0,"enemies":"Chosen","floor":19.0,"turns":5.0},{"damage":25.0,"enemies":"Sentry and Sphere","floor":21.0,"turns":4.0},{"damage":0.0,"enemies":"Chosen and Byrds","floor":27.0,"turns":3.0},{"damage":5,"enemies":"Centurion and Healer","floor":28,"turns":4},{"damage":2,"enemies":"Shelled Parasite and Fungi","floor":29,"turns":3},{"damage":3,"enemies":"Colosseum Slavers","floor":31,"turns":2},{"damage":12,"enemies":"Colosseum Nobs","floor":31,"turns":3},{"damage":55,"enemies":"Automaton","floor":33,"turns":8},{"damage":19,"enemies":"3 Darklings","floor":35,"turns":4},{"damage":0,"enemies":"Orb Walker","floor":42,"turns":3},{"damage":11,"enemies":"Nemesis","floor":44,"turns":7},{"damage":9,"enemies":"3 Darklings","floor":46,"turns":2},{"damage":64,"enemies":"Donu and Deca","floor":50,"turns":6}],"seed_played":"-101863294493694210","potions_obtained":[{"floor":1.0,"key":"Regen Potion"},{"floor":3.0,"key":"Weak Potion"},{"floor":10.0,"key":"Explosive Potion"},{"floor":16.0,"key":"ColorlessPotion"},{"floor":18.0,"key":"Weak Potion"},{"floor":21.0,"key":"Dexterity Potion"},{"floor":27.0,"key":"Energy Potion"},{"floor":33,"key":"BloodPotion"},{"floor":35,"key":"FearPotion"},{"floor":42,"key":"EssenceOfSteel"}],"is_trial":false,"path_per_floor":["M","$","M","$","?","T","R","M","T","E","M","R","E","E","R","B",null,"M","M","$","M","?","R","R","?","T","M","M","M","R","?","R","B",null,"M","?","?","?","$","R","$","M","T","E","R","M","$","?","R","B",null],"character_chosen":"IRONCLAD","items_purchased":["Whirlwind","DollysMirror","Thunderclap","Inflame+1","Flex","Flex","Strength Potion"],"campfire_rested":5,"item_purchase_floors":[2,20,20,39,39,41,47],"current_hp_per_floor":[59,59,58,58,51,51,51,56,56,30,34,34,29,23,62,14,80,75,62,62,43,43,43,43,43,43,49,50,54,54,51,80,43,80,67,67,67,67,67,80,80,80,80,75,80,77,77,77,77,13],"gold":58,"neow_bonus":"ONE_RARE_RELIC","is_daily":false,"chose_seed":false,"campfire_upgraded":5,"win_rate":0.0,"timestamp":1609598177,"path_taken":["M","$","M","$","?","?","R","M","T","E","M","R","E","E","R","BOSS","M","M","$","?","?","R","R","?","T","M","?","?","R","?","R","BOSS","M","?","?","?","$","R","?","?","T","E","R","M","?","?","R","BOSS"],"items_purchased_type":["Card","Relic","Card","Card","Card","Card","Potion"],"build_version":"2020-12-22","purchased_purges":2,"victory":true,"max_hp_per_floor":[80,80,80,80,80,80,80,80,80,80,80,80,80,80,80,80,80,80,80,80,80,80,80,80,80,80,80,80,80,80,80,80,80,80,80,80,80,80,80,80,80,80,80,80,80,80,80,80,80,80],"card_choices":[{"not_picked":["Power Through","Cleave"],"picked":"Seeing Red","floor":1.0},{"not_picked":["Fire Breathing","Body Slam","Clash"],"picked":"SKIP","floor":3.0},{"not_picked":["Sever Soul","Heavy Blade","Body Slam"],"picked":"SKIP","floor":8.0},{"not_picked":["Clash","Rupture"],"picked":"Immolate","floor":10.0},{"not_picked":["Flame Barrier","Carnage","Sever Soul"],"picked":"SKIP","floor":11.0},{"not_picked":["Heavy Blade","Rupture"],"picked":"Headbutt","floor":13.0},{"not_picked":["Sword Boomerang","Metallicize","Perfected Strike"],"picked":"SKIP","floor":14.0},{"not_picked":["Juggernaut","Bludgeon"],"picked":"Exhume","floor":16.0},{"not_picked":["True Grit","Cleave"],"picked":"Intimidate","floor":18.0},{"not_picked":["Headbutt","True Grit"],"picked":"Spot Weakness+1","floor":19.0},{"not_picked":["Rage","Dual Wield+1"],"picked":"Clothesline+1","floor":21.0},{"not_picked":["Fire Breathing","Perfected Strike+1"],"picked":"Battle Trance+1","floor":27.0},{"not_picked":["Berserk","Perfected Strike","Sentinel"],"picked":"SKIP","floor":28},{"not_picked":["Heavy Blade","Thunderclap","Armaments"],"picked":"SKIP","floor":29},{"not_picked":["Corruption+1","Reaper"],"picked":"Berserk+1","floor":33},{"not_picked":["Armaments","Sword Boomerang+1","Iron Wave"],"picked":"SKIP","floor":35},{"not_picked":["Violence","Chrysalis"],"picked":"Secret Weapon","floor":36},{"not_picked":["Carnage+1","Cleave+1","Whirlwind"],"picked":"SKIP","floor":42},{"not_picked":["Searing Blow","Twin Strike+1","Sword Boomerang"],"picked":"SKIP","floor":44},{"not_picked":["Clothesline","Feed","Sword Boomerang+1"],"picked":"SKIP","floor":46}],"player_experience":23185,"relics_obtained":[{"floor":6.0,"key":"Happy Flower"},{"floor":9.0,"key":"InkBottle"},{"floor":10.0,"key":"Orichalcum"},{"floor":13.0,"key":"WingedGreaves"},{"floor":14.0,"key":"Anchor"},{"floor":26.0,"key":"Meat on the Bone"},{"floor":31,"key":"FossilizedHelix"},{"floor":31,"key":"Frozen Egg 2"},{"floor":43,"key":"HornCleat"},{"floor":44,"key":"Toy Ornithopter"}],"event_choices":[{"damage_healed":0.0,"max_hp_gain":0.0,"max_hp_loss":0.0,"gold_gain":0.0,"event_name":"Scrap Ooze","player_choice":"Success","floor":5.0,"gold_loss":0.0,"damage_taken":7.0,"relics_obtained":["Regal Pillow"]},{"damage_healed":0.0,"max_hp_gain":0.0,"max_hp_loss":0.0,"gold_gain":0.0,"event_name":"Vampires","player_choice":"Ignored","floor":22.0,"gold_loss":0.0,"damage_taken":0.0},{"damage_healed":0.0,"max_hp_gain":0.0,"max_hp_loss":0.0,"gold_gain":0.0,"event_name":"Back to Basics","player_choice":"Simplicity","floor":25.0,"gold_loss":0.0,"damage_taken":0.0,"cards_upgraded":["Strike_R","Strike_R","Defend_R","Defend_R","Defend_R","Defend_R"]},{"damage_healed":0,"gold_gain":0,"player_choice":"Fight","damage_taken":0,"max_hp_gain":0,"max_hp_loss":0,"event_name":"Colosseum","floor":31,"gold_loss":0},{"damage_healed":0,"gold_gain":0,"player_choice":"Fought Nobs","damage_taken":0,"max_hp_gain":0,"max_hp_loss":0,"event_name":"Colosseum","floor":31,"gold_loss":0},{"damage_healed":0,"gold_gain":0,"player_choice":"Memory 1","damage_taken":0,"max_hp_gain":0,"max_hp_loss":0,"event_name":"SensoryStone","floor":36,"gold_loss":0},{"damage_healed":0,"gold_gain":0,"player_choice":"Ignored","damage_taken":0,"max_hp_gain":0,"max_hp_loss":0,"event_name":"Mysterious Sphere","floor":37,"gold_loss":0},{"damage_healed":0,"gold_gain":0,"player_choice":"Ignored","damage_taken":0,"max_hp_gain":0,"max_hp_loss":0,"event_name":"Tomb of Lord Red Mask","floor":38,"gold_loss":0},{"damage_healed":0,"gold_gain":0,"player_choice":"Upgrade","damage_taken":0,"relics_obtained":["Mark of the Bloom"],"max_hp_gain":0,"max_hp_loss":0,"event_name":"MindBloom","floor":48,"gold_loss":0,"cards_upgraded":["Headbutt","Exhume","Thunderclap","Secret Weapon","Flex","Flex"]}],"is_beta":false,"boss_relics":[{"not_picked":["Snecko Eye","Runic Pyramid"],"picked":"Empty Cage"},{"not_picked":["Philosopher\u0027s Stone","Velvet Choker"],"picked":"Fusion Hammer"}],"items_purged_floors":[20,39],"is_endless":false,"potions_floor_spawned":[1,3,10,16,18,21,27,31,33,35,42],"ascension_level":3}}