{"host":"ltca6yxwulbhza25","time":1609570148,"event":{"mods":["BaseMod","Colored Map","Colored Powertips","Minty Spire (QoL Compilation)","Quick Restart","StSLib","The Blue Laboratory","The Cursed","The Forsaken","The Marked"],"gold_per_floor":[13,13,30,40,40,65,65,92,92,92,17,17,17,29,29,129,129,142,142,142,142,142,175,192,220,301,326,84,84,98,197,197,298,298,314,314,314,314,333,359,359,392,419,444,463,463,463],"floor_reached":46,"playtime":3306,"items_purged":["Regret"],"score":755,"play_id":"cd5301d6-6e0a-4328-bbf8-6b3374d7997e","local_time":"20210102144908","is_ascension_mode":true,"campfire_choices":[{"floor":7.0,"key":"RECALL"},{"data":"TheCursedMod:SpitefulPlan","floor":12.0,"key":"SMITH"},{"data":"TheCursedMod:OutForBlood","floor":15.0,"key":"SMITH"},{"data":"1","floor":29.0,"key":"LIFT"},{"data":"TheCursedMod:ManaCirculation","floor":32.0,"key":"SMITH"},{"data":"2","floor":41.0,"key":"LIFT"}],"circlet_count":0,"master_deck":["TheCursedMod:Strike_TheCursed+1","TheCursedMod:Strike_TheCursed+1","TheCursedMod:Defend_TheCursed+1","TheCursedMod:Defend_TheCursed+1","TheCursedMod:Defend_TheCursed+1","TheCursedMod:CursedWand+1","TheCursedMod:CleanUpWorkshop+1","TheCursedMod:Dregs","TheCursedMod:Grudge+1","TheCursedMod:SpitefulPlan+1","TheCursedMod:OutForBlood+1","TheCursedMod:VoidForm","TheCursedMod:SpitefulPray+1","TheCursedMod:VoidForm","TheCursedMod:CircleOfAmplification+1","TheCursedMod:Evocation+1","TheCursedMod:CircleOfFocus+1","Enlightenment+1","TheCursedMod:ManaCirculation+1","TheCursedMod:VoidForm","Writhe","Secret Technique+1","Purity+1","Chrysalis+1","TheCursedMod:RapidMovement+1"],"relics":["TheCursedMod:BlackMagic101","Gremlin Horn","Matryoshka","Toxic Egg 2","Bottled Tornado","White Beast Statue","Philosopher\u0027s Stone","Centennial Puzzle","Turnip","Mango","Ancient Tea Set","Bottled Lightning","Girya","Pen Nib","TheCursedMod:FourLeafCloverCharm","StoneCalendar","Orichalcum","Oddly Smooth Stone","Mummified Hand"],"acts_visited":["Exordium","TheCity","TheBeyond"],"potions_floor_usage":[45,46],"damage_taken":[{"damage":1.0,"enemies":"2 Louse","floor":1.0,"turns":3.0},{"damage":0.0,"enemies":"Jaw Worm","floor":3.0,"turns":3.0},{"damage":0.0,"enemies":"Cultist","floor":4.0,"turns":3.0},{"damage":0.0,"enemies":"3 Sentries","floor":6.0,"turns":4.0},{"damage":3.0,"enemies":"Gremlin Nob","floor":8.0,"turns":5.0},{"damage":0.0,"enemies":"Blue Slaver","floor":14.0,"turns":3.0},{"damage":8.0,"enemies":"Slime Boss","floor":16.0,"turns":13.0},{"damage":1.0,"enemies":"Shell Parasite","floor":18.0,"turns":4.0},{"damage":0.0,"enemies":"Book of Stabbing","floor":23.0,"turns":3.0},{"damage":0.0,"enemies":"Chosen","floor":24.0,"turns":3.0},{"damage":28.0,"enemies":"Slavers","floor":25.0,"turns":7.0},{"damage":6.0,"enemies":"Gremlin Leader","floor":27.0,"turns":4.0},{"damage":0.0,"enemies":"Snake Plant","floor":30.0,"turns":3.0},{"damage":7.0,"enemies":"Collector","floor":33.0,"turns":5.0},{"damage":40.0,"enemies":"3 Shapes","floor":35.0,"turns":3.0},{"damage":18.0,"enemies":"Orb Walker","floor":39.0,"turns":4.0},{"damage":0.0,"enemies":"Reptomancer","floor":40.0,"turns":5.0},{"damage":23.0,"enemies":"Giant Head","floor":42.0,"turns":6.0},{"damage":11.0,"enemies":"Reptomancer","floor":44.0,"turns":7.0},{"damage":11,"enemies":"Transient","floor":45,"turns":5},{"damage":21,"enemies":"Jaw Worm Horde","floor":46,"turns":3}],"seed_played":"-7715234860796519424","potions_obtained":[{"floor":1.0,"key":"blueLaboratory:ImpenetrablePotion"},{"floor":3.0,"key":"BlessingOfTheForge"},{"floor":4.0,"key":"SpeedPotion"},{"floor":14.0,"key":"Swift Potion"},{"floor":16.0,"key":"blueLaboratory:HummingbirdPotion"},{"floor":18.0,"key":"blueLaboratory:SavagePotion"},{"floor":23.0,"key":"Energy Potion"},{"floor":25.0,"key":"SpeedPotion"},{"floor":27.0,"key":"Weak Potion"},{"floor":30.0,"key":"blueLaboratory:EmptyBottle"},{"floor":33.0,"key":"blueLaboratory:Moonshine"},{"floor":35.0,"key":"PowerPotion"},{"floor":39.0,"key":"TheCursedMod:DregsPotion"},{"floor":40.0,"key":"SkillPotion"},{"floor":42.0,"key":"blueLaboratory:BubblePotion"},{"floor":44.0,"key":"blueLaboratory:PolymorphPotion"},{"floor":45,"key":"Fire Potion"}],"is_trial":false,"path_per_floor":["M","$","M","M","?","E","R","E","T","?","$","R","?","M","R","B",null,"M","$","?","?","T","E","M","E","T","E","$","R","M","?","R","B",null,"M","?","?","?","M","E","R","E","T","E","M","M"],"character_chosen":"THE_CURSED","items_purchased":["Pen Nib","Enlightenment+1"],"campfire_rested":0,"item_purchase_floors":[28,28],"current_hp_per_floor":[88,88,88,88,81,81,81,78,78,78,78,78,78,78,78,70,89,88,88,88,88,88,102,102,74,74,68,68,68,68,68,68,61,103,63,63,89,79,61,61,61,38,38,27,16,0,0],"gold":463,"neow_bonus":"TWENTY_PERCENT_HP_BONUS","is_daily":false,"chose_seed":false,"campfire_upgraded":3,"win_rate":0.0,"timestamp":1609570148,"path_taken":["M","?","M","M","?","E","R","E","T","?","$","R","?","M","R","BOSS","M","$","?","?","?","E","?","E","T","E","$","R","M","?","R","BOSS","M","?","?","?","M","E","R","E","T","E","M","M"],"items_purchased_type":["Relic","Card"],"build_version":"2020-12-22","purchased_purges":1,"victory":false,"max_hp_per_floor":[89,89,89,89,89,89,89,89,89,89,89,89,89,89,89,89,89,89,89,89,89,89,103,103,103,103,103,103,103,103,103,103,103,103,103,103,103,103,103,103,103,103,103,103,103,103,103],"card_choices":[{"not_picked":["TheCursedMod:CursedMace","TheCursedMod:WearCloak"],"picked":"TheCursedMod:Grudge","floor":1.0},{"not_picked":["TheCursedMod:FuryStrike","TheCursedMod:TacticalStrike"],"picked":"TheCursedMod:SpitefulPlan","floor":3.0},{"not_picked":["TheCursedMod:FleshFromBone","TheCursedMod:CursedAmulet","TheCursedMod:AbyssShockwave"],"picked":"SKIP","floor":4.0},{"not_picked":["TheCursedMod:Hemoplague","TheCursedMod:CursedShiv"],"picked":"TheCursedMod:OutForBlood","floor":6.0},{"not_picked":["TheCursedMod:CursedMace","TheCursedMod:VitalStrike","TheCursedMod:CursedStaff"],"picked":"SKIP","floor":8.0},{"not_picked":["TheCursedMod:Obscuration+1","TheCursedMod:SpreadPlague+1","TheCursedMod:CursedShiv"],"picked":"SKIP","floor":14.0},{"not_picked":["TheCursedMod:DemonSword","TheCursedMod:DarkBarrier+1"],"picked":"TheCursedMod:VoidForm","floor":16.0},{"not_picked":["TheCursedMod:AbyssShockwave+1","TheCursedMod:CircleOfFlame+1","TheCursedMod:SurpriseAttack"],"picked":"SKIP","floor":18.0},{"not_picked":["TheCursedMod:FuryStrike","TheCursedMod:WearCloak+1"],"picked":"TheCursedMod:Evocation+1","floor":23.0},{"not_picked":["TheCursedMod:CircleOfCorruption+1","TheCursedMod:HellfireBreathing+1"],"picked":"TheCursedMod:CircleOfFocus+1","floor":24.0},{"not_picked":["TheCursedMod:TacticalStrike","TheCursedMod:SoulReap","TheCursedMod:CircleOfAmplification+1"],"picked":"SKIP","floor":25.0},{"not_picked":["TheCursedMod:SpreadPlague+1","TheCursedMod:Obscuration+1","TheCursedMod:CursedAmulet+1"],"picked":"SKIP","floor":27.0},{"not_picked":["TheCursedMod:CursedBlade","TheCursedMod:Stretching+1"],"picked":"TheCursedMod:ManaCirculation","floor":30.0},{"not_picked":["TheCursedMod:CollectTribute","TheCursedMod:UltimatePain+1"],"picked":"TheCursedMod:VoidForm","floor":33.0},{"not_picked":["TheCursedMod:SpitefulStrike","TheCursedMod:SurpriseAttack","TheCursedMod:CursedBlade+1"],"picked":"SKIP","floor":35.0},{"not_picked":["The Bomb+1","Impatience+1"],"picked":"Secret Technique+1","floor":38.0},{"not_picked":["Dramatic Entrance","Secret Weapon+1"],"picked":"Purity+1","floor":38.0},{"not_picked":["Flash of Steel","Thinking Ahead+1"],"picked":"Chrysalis+1","floor":38.0},{"not_picked":["TheCursedMod:DoubleShield+1","TheCursedMod:Stretching+1"],"picked":"TheCursedMod:RapidMovement+1","floor":39.0},{"not_picked":["TheCursedMod:SpitefulStrike+1","TheCursedMod:TacticalStrike","TheCursedMod:ManaBullet+1"],"picked":"SKIP","floor":40.0},{"not_picked":["TheCursedMod:SpitefulPray+1","TheCursedMod:BloodBarrier+1","TheCursedMod:TacticalStrike"],"picked":"SKIP","floor":42.0},{"not_picked":["TheCursedMod:BloodBarrier+1","TheCursedMod:Stigma","TheCursedMod:CircleOfCorruption+1"],"picked":"SKIP","floor":44.0},{"not_picked":["TheCursedMod:WearCloak+1","TheCursedMod:BloodBarrier+1","TheCursedMod:BlessingInDisguise+1"],"picked":"SKIP","floor":45}],"player_experience":34061,"relics_obtained":[{"floor":6.0,"key":"Matryoshka"},{"floor":8.0,"key":"Toxic Egg 2"},{"floor":9.0,"key":"Bottled Tornado"},{"floor":22.0,"key":"Centennial Puzzle"},{"floor":22.0,"key":"Turnip"},{"floor":23.0,"key":"Mango"},{"floor":25.0,"key":"Ancient Tea Set"},{"floor":26.0,"key":"Bottled Lightning"},{"floor":27.0,"key":"Girya"},{"floor":40.0,"key":"StoneCalendar"},{"floor":42.0,"key":"Orichalcum"},{"floor":43.0,"key":"Oddly Smooth Stone"},{"floor":44.0,"key":"Mummified Hand"}],"event_choices":[{"damage_healed":0.0,"max_hp_gain":0.0,"max_hp_loss":0.0,"gold_gain":0.0,"event_name":"Scrap Ooze","player_choice":"Success","floor":5.0,"gold_loss":0.0,"damage_taken":7.0,"relics_obtained":["Gremlin Horn"]},{"damage_healed":0.0,"max_hp_gain":0.0,"max_hp_loss":0.0,"gold_gain":0.0,"event_name":"Big Fish","player_choice":"Box","floor":10.0,"gold_loss":0.0,"damage_taken":0.0,"relics_obtained":["White Beast Statue"],"cards_obtained":["Regret"]},{"damage_healed":0.0,"max_hp_gain":0.0,"max_hp_loss":0.0,"gold_gain":0.0,"event_name":"The Library","player_choice":"Read","floor":20.0,"gold_loss":0.0,"damage_taken":0.0,"cards_obtained":["TheCursedMod:SpitefulPray"]},{"damage_healed":0.0,"max_hp_gain":0.0,"max_hp_loss":0.0,"gold_gain":0.0,"cards_transformed":["TheCursedMod:Defend_TheCursed","TheCursedMod:Strike_TheCursed"],"event_name":"Drug Dealer","player_choice":"Became Test Subject","floor":21.0,"gold_loss":0.0,"damage_taken":0.0,"cards_obtained":["TheCursedMod:VoidForm","TheCursedMod:CircleOfAmplification"]},{"damage_healed":0.0,"max_hp_gain":0.0,"max_hp_loss":0.0,"gold_gain":99.0,"event_name":"Nest","player_choice":"Stole From Cult","floor":31.0,"gold_loss":0.0,"damage_taken":0.0},{"cards_removed":["TheCursedMod:Strike_TheCursed"],"damage_healed":0.0,"max_hp_gain":0.0,"max_hp_loss":0.0,"gold_gain":0.0,"event_name":"Falling","player_choice":"Removed Attack","floor":36.0,"gold_loss":0.0,"damage_taken":0.0},{"damage_healed":26.0,"max_hp_gain":0.0,"max_hp_loss":0.0,"gold_gain":0.0,"event_name":"Winding Halls","player_choice":"Writhe","floor":37.0,"gold_loss":0.0,"damage_taken":0.0,"cards_obtained":["Writhe"]},{"damage_healed":0.0,"max_hp_gain":0.0,"max_hp_loss":0.0,"gold_gain":0.0,"event_name":"SensoryStone","player_choice":"Memory 3","floor":38.0,"gold_loss":0.0,"damage_taken":10.0}],"is_beta":false,"boss_relics":[{"not_picked":["Calling Bell","Sozu"],"picked":"Philosopher\u0027s Stone"},{"not_picked":["Tiny House","Velvet Choker"],"picked":"TheCursedMod:FourLeafCloverCharm"}],"items_purged_floors":[11],"is_endless":false,"potions_floor_spawned":[1,3,4,14,16,18,23,24,25,27,30,33,35,39,40,42,44,45],"killed_by":"Jaw Worm Horde","ascension_level":1}}