{"host":"mruvby243fwgm3bp","time":1609582090,"event":{"mods":["AchievementEnabler","BaseMod","Colored Map","Colored Powertips","Minty Spire (QoL Compilation)","Permanent Neow","Random Character Button","StSLib"],"gold_per_floor":[112,123,146,3,15,15,15,15,42,76,88,100,100],"floor_reached":12,"playtime":365,"items_purged":[],"score":99,"play_id":"6454618c-3e18-41be-a02b-0353dc5a1d27","local_time":"20210102020810","is_ascension_mode":true,"campfire_choices":[{"data":"Dark Embrace","floor":6,"key":"SMITH"},{"data":"Forethought","floor":8,"key":"SMITH"},{"data":"Blood for Blood","floor":11,"key":"SMITH"}],"circlet_count":0,"master_deck":["Strike_R","Strike_R","Strike_R","Strike_R","Strike_R","Defend_R","Defend_R","Defend_R","Defend_R","Bash","Forethought+1","Intimidate","Dark Embrace+1","Dark Embrace","Blood for Blood+1"],"relics":["Burning Blood","Centennial Puzzle","Omamori","Shuriken","MawBank"],"acts_visited":["Exordium"],"potions_floor_usage":[10,10],"damage_taken":[{"damage":6,"enemies":"Cultist","floor":1,"turns":4},{"damage":10,"enemies":"Jaw Worm","floor":2,"turns":4},{"damage":7,"enemies":"Small Slimes","floor":5,"turns":3},{"damage":59,"enemies":"Gremlin Nob","floor":10,"turns":6},{"damage":32,"enemies":"Lagavulin","floor":12,"turns":7}],"seed_played":"6266227127564729594","potions_obtained":[{"floor":1,"key":"FearPotion"},{"floor":2,"key":"BloodPotion"},{"floor":5,"key":"EssenceOfSteel"}],"is_trial":false,"path_per_floor":["M","M","T","$","M","R","?","R","T","E","R","E"],"character_chosen":"IRONCLAD","items_purchased":["Omamori"],"campfire_rested":0,"item_purchase_floors":[4],"current_hp_per_floor":[72,68,68,68,67,67,67,67,67,30,30,0,0],"gold":100,"neow_bonus":"RANDOM_COLORLESS","is_daily":false,"chose_seed":false,"campfire_upgraded":3,"win_rate":0.0,"timestamp":1609582090,"path_taken":["M","M","?","$","M","R","?","R","T","E","R","E"],"items_purchased_type":["Relic"],"build_version":"2020-12-22","purchased_purges":0,"victory":false,"max_hp_per_floor":[80,80,80,80,80,80,80,80,80,80,80,80,80],"card_choices":[{"not_picked":["Impatience","Trip"],"picked":"Forethought","floor":0},{"not_picked":["Cleave","Fire Breathing"],"picked":"Intimidate","floor":1},{"not_picked":["Shrug It Off","Inflame"],"picked":"Dark Embrace","floor":2},{"not_picked":["Combust","Wild Strike"],"picked":"Dark Embrace","floor":5},{"not_picked":["Clothesline","Whirlwind"],"picked":"Blood for Blood","floor":10}],"player_experience":364679,"relics_obtained":[{"floor":3,"key":"Centennial Puzzle"},{"floor":10,"key":"MawBank"}],"event_choices":[{"damage_healed":0,"gold_gain":0,"player_choice":"Gave Potion","damage_taken":0,"relics_obtained":["Shuriken"],"max_hp_gain":0,"max_hp_loss":0,"event_name":"WeMeetAgain","floor":7,"gold_loss":0}],"is_beta":false,"boss_relics":[],"items_purged_floors":[],"is_endless":false,"potions_floor_spawned":[1,2,5],"killed_by":"Lagavulin","ascension_level":6}}