{"host":"mytek2nu1hrzdnew","time":1609631233,"event":{"mods":["Aspiration","BaseMod","Conspire","Evolution","GifTheSpireLib","Gold Saver","Hubris","Minty Spire (QoL Compilation)","Replay The Spire","StSLib","Stuff the Spire","Uncapped"],"gold_per_floor":[1179,1061,904,921,254,280,280,311,337,337,353,370,405,427,427,523,523,534,549,3,3,21,53,53,53],"floor_reached":24,"playtime":1726,"items_purged":["Dualcast","Strike_B"],"score":281,"play_id":"9207c8ae-b520-47af-8915-c82e5296f238","local_time":"20210102184713","is_ascension_mode":true,"campfire_choices":[{"floor":7,"key":"REST"},{"floor":10,"key":"REST"},{"floor":15,"key":"REST"}],"circlet_count":0,"master_deck":["Strike_B","Strike_B","Strike_B+1","Defend_B","Defend_B+1","Defend_B","Defend_B","Zap","Capacitor","Cold Snap","StuffTheSpire:Synthwave","Sweeping Beam","Defragment","Machine Learning","Sweeping Beam","Coolheaded","Buffer","Blizzard","Doom and Gloom","Fission","Ball Lightning","Cold Snap","BootSequence","Barrage","Storm","ReplayTheSpireMod:Private Reserves","StuffTheSpire:CelestialWarden","Gash","Coolheaded+1","Redo+1"],"relics":["Cracked Core","EVO:Axolotl","Prayer Wheel","Replay:Antivirus Software","Quantum Egg","HornCleat","FossilizedHelix","Centennial Puzzle","Simple Rune","StuffTheSpire:Gunfinga","Odd Mushroom","aspiration:SecretTechniqueScroll","Gremlin Horn","StuffTheSpire:GrapeVine"],"acts_visited":["Exordium","TheCity"],"potions_floor_usage":[16,16,23,23],"damage_taken":[{"damage":30,"enemies":"Small Slimes","floor":1,"turns":4},{"damage":0,"enemies":"Cultist","floor":4,"turns":3},{"damage":24,"enemies":"3 Sentries","floor":6,"turns":5},{"damage":25,"enemies":"Gremlin Nob","floor":8,"turns":6},{"damage":0,"enemies":"Jaw Worm","floor":11,"turns":4},{"damage":6,"enemies":"2 Fungi Beasts","floor":12,"turns":3},{"damage":8,"enemies":"3 Sentries","floor":13,"turns":7},{"damage":12,"enemies":"The Mushroom Lair","floor":14,"turns":5},{"damage":10,"enemies":"The Guardian","floor":16,"turns":10},{"damage":2,"enemies":"Spheric Guardian","floor":18,"turns":5},{"damage":30,"enemies":"3 Byrds","floor":19,"turns":5},{"damage":11,"enemies":"Cultist and Chosen","floor":22,"turns":5},{"damage":7,"enemies":"Book of Stabbing","floor":23,"turns":5}],"seed_played":"3933093165462696372","potions_obtained":[{"floor":8,"key":"Languid Potion"},{"floor":13,"key":"CultistPotion"},{"floor":16,"key":"DistilledChaos"},{"floor":22,"key":"Adrenaline Potion"}],"is_trial":false,"path_per_floor":["M","?","$","M","$","E","R","E","T","R","M","M","E","?","R","B",null,"M","M","$","?","M","E","?"],"character_chosen":"DEFECT","items_purchased":["StuffTheSpire:Synthwave","Quantum Egg","Defragment","HornCleat","Gremlin Horn","Storm","StuffTheSpire:GrapeVine","ReplayTheSpireMod:Private Reserves"],"campfire_rested":3,"item_purchase_floors":[3,5,5,5,20,20,20,20],"current_hp_per_floor":[45,45,45,45,45,21,43,18,18,40,40,34,26,14,36,26,75,73,43,43,28,17,10,0,0],"gold":53,"neow_bonus":"ONE_RANDOM_RARE_CARD","is_daily":false,"chose_seed":false,"campfire_upgraded":0,"win_rate":0.0,"timestamp":1609631233,"path_taken":["M","?","$","M","$","E","R","E","T","R","M","?","E","?","R","BOSS","M","M","$","?","M","E","?"],"items_purchased_type":["Card","Relic","Card","Relic","Relic","Card","Relic","Card"],"build_version":"2020-12-22","purchased_purges":2,"victory":false,"max_hp_per_floor":[75,75,75,75,75,75,75,75,75,75,75,75,75,75,75,75,75,75,75,75,75,75,75,75,75],"card_choices":[{"not_picked":["Auto Shields","conspire:Rain"],"picked":"Capacitor","floor":1},{"not_picked":["BasicCrystalCard","Stack"],"picked":"Cold Snap","floor":1},{"not_picked":["Beam Cell","conspire:Rain"],"picked":"Sweeping Beam","floor":4},{"not_picked":["Turbo","Recycle","Panic Button"],"picked":"SKIP","floor":4},{"not_picked":["Compile Driver","ReplayTheSpireMod:System Scan"],"picked":"Machine Learning","floor":6},{"not_picked":["Streamline","Steam"],"picked":"Sweeping Beam","floor":8},{"not_picked":["Panic Button","Barrage"],"picked":"Coolheaded","floor":11},{"not_picked":["Streamline","StuffTheSpire:LoadUp","conspire:Rain"],"picked":"SKIP","floor":11},{"not_picked":["Leap","BasicCrystalCard"],"picked":"Buffer","floor":12},{"not_picked":["Ball Lightning","conspire:Rain"],"picked":"Blizzard","floor":12},{"not_picked":["Stack","hubris:PowerSurge","Melter"],"picked":"SKIP","floor":13},{"not_picked":["BasicCrystalCard","FTL"],"picked":"Doom and Gloom","floor":14},{"not_picked":["Meteor Strike","hubris:Prefetch"],"picked":"Fission","floor":16},{"not_picked":["Turbo","Tempest"],"picked":"Ball Lightning","floor":18},{"not_picked":["Redo+1","hubris:Ukulele"],"picked":"Cold Snap","floor":18},{"not_picked":["BasicCrystalCard","Panic Button+1"],"picked":"BootSequence","floor":19},{"not_picked":["StuffTheSpire:CleanHardDrive","StuffTheSpire:LoadUp"],"picked":"Barrage","floor":19},{"not_picked":["Crystallizer","hubris:Ukulele+1"],"picked":"Gash","floor":22},{"not_picked":["Consume+1","Beam Cell"],"picked":"Coolheaded+1","floor":22},{"not_picked":["hubris:Ukulele","BasicCrystalCard"],"picked":"Redo+1","floor":23}],"player_experience":1008713,"relics_obtained":[{"floor":6,"key":"FossilizedHelix"},{"floor":8,"key":"Centennial Puzzle"},{"floor":9,"key":"Simple Rune"},{"floor":13,"key":"StuffTheSpire:Gunfinga"},{"floor":14,"key":"Odd Mushroom"}],"event_choices":[{"damage_healed":0,"gold_gain":0,"player_choice":"Paid Gold","damage_taken":0,"relics_obtained":["Replay:Antivirus Software"],"max_hp_gain":0,"max_hp_loss":0,"event_name":"WeMeetAgain","floor":2,"gold_loss":118},{"damage_healed":0,"gold_gain":0,"player_choice":"Fought Mushrooms","damage_taken":0,"max_hp_gain":0,"max_hp_loss":0,"event_name":"Mushrooms","floor":14,"gold_loss":0}],"is_beta":false,"boss_relics":[{"not_picked":["Astrolabe","aspiration:RitualDagger"],"picked":"aspiration:SecretTechniqueScroll"}],"items_purged_floors":[3,5],"is_endless":false,"potions_floor_spawned":[6,8,13,16,22],"ascension_level":4}}