{"host":"tbhNathan","time":1609563304,"event":{"mods":["AchievementEnabler","Astrologer","BaseMod","Better Third Choice","Googly Eyes","Highlight Path","Jorbs\u0027s Wanderer Trilogy","Minty Spire (QoL Compilation)","Robot Space Explorer","StSLib","The Bug Knight","The Disciple","The Hierophant","The Mystic"],"gold_per_floor":[110,120,220,53,71,104,104,123,192,206,236,251,326,341,341,438,438,448,461,472,472,486,486,486],"floor_reached":23,"playtime":4854,"items_purged":[],"score":207,"play_id":"fa187e62-de6d-4a93-b5d1-3b93c00a9380","local_time":"20210102045504","is_ascension_mode":false,"campfire_choices":[{"floor":7,"key":"REST"},{"data":"HollowMod:HowlingWraiths","floor":15,"key":"SMITH"}],"circlet_count":0,"master_deck":["HollowMod:NailStrikeStart","HollowMod:NailStrikeStart","HollowMod:NailStrikeStart","HollowMod:NailStrikeStart","HollowMod:QuickDashStart","HollowMod:QuickDashStart","HollowMod:QuickDashStart","HollowMod:QuickDashStart","HollowMod:FocusHealStart","HollowMod:PogoStrike","HollowMod:CycloneSlash","HollowMod:CloakDash","HollowMod:AbyssShriek","HollowMod:DoubleDash","HollowMod:DreamGate+1","HollowMod:PerfectDash+1","HollowMod:InfectionAssault","HollowMod:HeavyBlow","HollowMod:CycloneSlash","HollowMod:ChannelNail","HollowMod:HowlingWraiths+1","HollowMod:SoulSplash","HollowMod:Weaversong","HollowMod:CloakDash","HollowMod:HeavyBlow+1","HollowMod:MantisMark","HollowMod:DoubleDash"],"relics":["HollowMod:VesselMask","StoneCalendar","Matryoshka","War Paint","Black Star","CultistMask"],"acts_visited":["Exordium","TheCity"],"potions_floor_usage":[6,11,16,16,23],"damage_taken":[{"damage":2,"enemies":"2 Louse","floor":1,"turns":3},{"damage":1,"enemies":"Cultist","floor":2,"turns":4},{"damage":4,"enemies":"Jaw Worm","floor":5,"turns":4},{"damage":37,"enemies":"Lagavulin","floor":6,"turns":9},{"damage":0,"enemies":"Lots of Slimes","floor":8,"turns":3},{"damage":4,"enemies":"Gremlin Gang","floor":10,"turns":3},{"damage":13,"enemies":"Gremlin Nob","floor":11,"turns":5},{"damage":0,"enemies":"2 Fungi Beasts","floor":12,"turns":3},{"damage":0,"enemies":"Large Slime","floor":14,"turns":5},{"damage":27,"enemies":"Hexaghost","floor":16,"turns":8},{"damage":18,"enemies":"3 Byrds","floor":18,"turns":4},{"damage":0,"enemies":"Spheric Guardian","floor":19,"turns":4},{"damage":42,"enemies":"Shelled Parasite and Fungi","floor":20,"turns":7},{"damage":25,"enemies":"Snake Plant","floor":22,"turns":6},{"damage":10,"enemies":"Sentry and Sphere","floor":23,"turns":3}],"seed_played":"7003974211977104703","potions_obtained":[{"floor":5,"key":"BlessingOfTheForge"},{"floor":10,"key":"LiquidBronze"},{"floor":12,"key":"Block Potion"},{"floor":14,"key":"SneckoOil"},{"floor":22,"key":"BlessingOfTheForge"}],"is_trial":false,"path_per_floor":["M","M","?","$","M","E","R","M","T","M","E","M","?","M","R","B",null,"M","M","M","?","M","M"],"character_chosen":"THE_BUGKNIGHT","items_purchased":["HollowMod:AbyssShriek","HollowMod:DoubleDash","HollowMod:DreamGate"],"campfire_rested":1,"item_purchase_floors":[4,4,4],"current_hp_per_floor":[80,81,81,81,77,46,70,76,76,78,65,71,60,60,60,43,82,64,64,28,28,3,0,0],"gold":486,"neow_bonus":"TEN_PERCENT_HP_BONUS","is_daily":false,"chose_seed":false,"campfire_upgraded":1,"win_rate":0.0,"timestamp":1609563304,"path_taken":["M","M","?","$","M","E","R","?","T","M","E","M","?","M","R","BOSS","M","M","M","?","?","M"],"items_purchased_type":["Card","Card","Card"],"build_version":"2020-12-18","purchased_purges":0,"victory":false,"max_hp_per_floor":[82,82,82,82,82,82,82,82,82,82,82,82,82,82,82,82,82,82,82,82,82,82,82,82],"card_choices":[{"not_picked":["HollowMod:SoulStrike","HollowMod:DashSlash"],"picked":"HollowMod:CycloneSlash","floor":1},{"not_picked":["HollowMod:CornifersMapStart","HollowMod:NewInfectedGuardian"],"picked":"HollowMod:CloakDash","floor":2},{"not_picked":["HollowMod:CloakDash","HollowMod:SharpenedNail"],"picked":"HollowMod:PerfectDash","floor":5},{"not_picked":["HollowMod:SharpenedNail","HollowMod:MothsMistake"],"picked":"HollowMod:InfectionAssault","floor":6},{"not_picked":["HollowMod:DescendingDark","HollowMod:ShapeofUnn"],"picked":"HollowMod:HeavyBlow","floor":8},{"not_picked":["HollowMod:DashSlash","HollowMod:VengefulSpirit"],"picked":"HollowMod:CycloneSlash","floor":10},{"not_picked":["HollowMod:VengefulSpirit","HollowMod:SharpenedShadows"],"picked":"HollowMod:ChannelNail","floor":11},{"not_picked":["HollowMod:DungDefenderAura","HollowMod:ShadowDash"],"picked":"HollowMod:HowlingWraiths","floor":12},{"not_picked":["HollowMod:FallenFury","HollowMod:Grubsong"],"picked":"HollowMod:SoulSplash","floor":14},{"not_picked":["HollowMod:Hiveblood","HollowMod:VoidDash"],"picked":"HollowMod:Weaversong","floor":16},{"not_picked":["HollowMod:MonarchWings","HollowMod:AbyssShriek"],"picked":"HollowMod:CloakDash","floor":18},{"not_picked":["HollowMod:SoulStrike+1","HollowMod:AbyssShriek"],"picked":"HollowMod:HeavyBlow+1","floor":19},{"not_picked":["HollowMod:NewGlowingWomb","HollowMod:CloakDash"],"picked":"HollowMod:MantisMark","floor":20},{"not_picked":["HollowMod:DesolateDive","HollowMod:Grubsong"],"picked":"HollowMod:DoubleDash","floor":22}],"player_experience":191923,"relics_obtained":[{"floor":6,"key":"StoneCalendar"},{"floor":9,"key":"Matryoshka"},{"floor":11,"key":"War Paint"}],"event_choices":[{"damage_healed":0,"gold_gain":100,"player_choice":"Pray","damage_taken":0,"max_hp_gain":0,"max_hp_loss":0,"event_name":"Golden Shrine","floor":3,"gold_loss":0},{"damage_healed":0,"gold_gain":75,"player_choice":"Gold","damage_taken":11,"max_hp_gain":0,"max_hp_loss":0,"event_name":"betterThird:BetterGoop","floor":13,"gold_loss":0},{"damage_healed":0,"gold_gain":0,"player_choice":"Trade","damage_taken":0,"relics_obtained":["CultistMask"],"max_hp_gain":0,"max_hp_loss":0,"event_name":"FaceTrader","floor":21,"gold_loss":0}],"is_beta":true,"boss_relics":[{"not_picked":["Runic Dome","Empty Cage"],"picked":"Black Star"}],"items_purged_floors":[],"is_endless":false,"potions_floor_spawned":[5,10,12,14,22],"killed_by":"Sentry and Sphere","ascension_level":0}}