{"host":"baymyijz6sxaqj5s","time":1609597571,"event":{"mods":["AchievementEnabler","BaseMod","Colored Map","Colored Powertips","DeckTracker","Highlight Path","KOR Keyword Fix","Keyboard Shortcuts","Minty Spire (QoL Compilation)","Quick Restart","StSLib","SuperFastMode"],"gold_per_floor":[119,119,119,133,53,53,63,63,63,63,63,73,85,103,103,207,207,147,159,159,171,181,181,197,197,197],"floor_reached":25,"playtime":923,"items_purged":[],"score":249,"play_id":"921387c8-d916-4e94-aa29-b750bdee1462","local_time":"20210102232611","is_ascension_mode":true,"campfire_choices":[{"data":"Noxious Fumes","floor":6,"key":"SMITH"},{"data":"Leg Sweep","floor":8,"key":"SMITH"},{"data":"Survivor","floor":10,"key":"SMITH"},{"floor":15,"key":"REST"},{"floor":23,"key":"REST"}],"circlet_count":0,"master_deck":["Strike_G","Strike_G","Strike_G","Strike_G","Defend_G","Defend_G","Defend_G","Defend_G","Defend_G","Survivor+1","Neutralize","Leg Sweep+1","Deadly Poison","Noxious Fumes+1","Dodge and Roll","Tactician","Bane+1","Outmaneuver","Corpse Explosion","Dash+1","Heel Hook+1","Backflip+1","Poisoned Stab+1"],"relics":["Ring of the Snake","Pear","The Specimen","Molten Egg 2","HoveringKite"],"acts_visited":["Exordium","TheCity"],"potions_floor_usage":[16,18,21,22,22,25,25,25],"damage_taken":[{"damage":0,"enemies":"2 Louse","floor":1,"turns":4},{"damage":0,"enemies":"Jaw Worm","floor":4,"turns":5},{"damage":4,"enemies":"Small Slimes","floor":7,"turns":4},{"damage":10,"enemies":"Gremlin Gang","floor":12,"turns":7},{"damage":1,"enemies":"2 Fungi Beasts","floor":13,"turns":5},{"damage":0,"enemies":"3 Louse","floor":14,"turns":4},{"damage":11,"enemies":"Hexaghost","floor":16,"turns":11},{"damage":12,"enemies":"2 Thieves","floor":18,"turns":4},{"damage":22,"enemies":"3 Byrds","floor":19,"turns":5},{"damage":15,"enemies":"Centurion and Healer","floor":21,"turns":4},{"damage":1,"enemies":"Snake Plant","floor":22,"turns":5},{"damage":14,"enemies":"3 Cultists","floor":24,"turns":4},{"damage":56,"enemies":"Gremlin Leader","floor":25,"turns":3}],"seed_played":"4329911127761636938","potions_obtained":[{"floor":13,"key":"DuplicationPotion"},{"floor":14,"key":"Block Potion"},{"floor":19,"key":"Poison Potion"},{"floor":21,"key":"EntropicBrew"},{"floor":24,"key":"Fire Potion"}],"is_trial":false,"path_per_floor":["M","?","T","M","$","R","M","R","T","R","?","M","M","M","R","B",null,"M","M","?","M","M","R","M","E"],"character_chosen":"THE_SILENT","items_purchased":["Noxious Fumes"],"campfire_rested":2,"item_purchase_floors":[5],"current_hp_per_floor":[77,80,80,80,80,80,76,76,76,76,76,66,65,65,87,76,87,75,53,53,38,37,63,49,0,0],"gold":197,"neow_bonus":"TEN_PERCENT_HP_BONUS","is_daily":false,"chose_seed":false,"campfire_upgraded":3,"win_rate":0.0,"timestamp":1609597571,"path_taken":["M","?","?","M","$","R","M","R","T","R","?","M","M","M","R","BOSS","M","?","?","M","M","R","M","E"],"items_purchased_type":["Card"],"build_version":"2020-12-22","purchased_purges":0,"victory":false,"max_hp_per_floor":[77,87,87,87,87,87,87,87,87,87,87,87,87,87,87,87,87,87,87,87,87,87,87,87,87,87],"card_choices":[{"not_picked":["Prepared","PiercingWail"],"picked":"Leg Sweep","floor":1},{"not_picked":["Escape Plan","Quick Slash"],"picked":"Deadly Poison","floor":4},{"not_picked":["Predator","Finisher"],"picked":"Dodge and Roll","floor":7},{"not_picked":["Flying Knee+1","All Out Attack+1"],"picked":"Tactician","floor":12},{"not_picked":["PiercingWail","Wraith Form v2"],"picked":"Bane+1","floor":13},{"not_picked":["Poisoned Stab+1","Concentrate"],"picked":"Outmaneuver","floor":14},{"not_picked":["Adrenaline","Unload+1"],"picked":"Corpse Explosion","floor":16},{"not_picked":["Underhanded Strike+1","Deadly Poison"],"picked":"Dash+1","floor":18},{"not_picked":["Flying Knee+1","Dagger Spray+1"],"picked":"Heel Hook+1","floor":19},{"not_picked":["Calculated Gamble+1","Bane+1"],"picked":"Backflip+1","floor":21},{"not_picked":["Flechettes+1","Infinite Blades","PiercingWail"],"picked":"SKIP","floor":22},{"not_picked":["Predator+1","Flying Knee+1"],"picked":"Poisoned Stab+1","floor":24}],"player_experience":291352,"relics_obtained":[{"floor":3,"key":"The Specimen"},{"floor":9,"key":"Molten Egg 2"}],"event_choices":[{"damage_healed":0,"gold_gain":0,"player_choice":"Success","damage_taken":7,"relics_obtained":["Pear"],"max_hp_gain":0,"max_hp_loss":0,"event_name":"Scrap Ooze","floor":2,"gold_loss":0},{"cards_removed":["Strike_G"],"damage_healed":0,"gold_gain":0,"player_choice":"Purged","damage_taken":0,"max_hp_gain":0,"max_hp_loss":0,"event_name":"Purifier","floor":11,"gold_loss":0},{"damage_healed":0,"gold_gain":0,"player_choice":"Ignored","damage_taken":0,"max_hp_gain":0,"max_hp_loss":0,"event_name":"Ghosts","floor":20,"gold_loss":0}],"is_beta":false,"boss_relics":[{"not_picked":["Tiny House","Astrolabe"],"picked":"HoveringKite"}],"items_purged_floors":[],"is_endless":false,"potions_floor_spawned":[13,14,19,21,24],"killed_by":"Gremlin Leader","ascension_level":3}}