{"host":"6pfj0wha12yu6wq3","time":1609601354,"event":{"mods":["BaseMod","Colored Map","Colored Powertips","Curses Come First","DeckTracker","Minty Spire (QoL Compilation)","RNG Fix","Relic Sorter","Relic Stats","StSLib","ojb\u0027s Better Paths Mod","ojb\u0027s Info Mod"],"gold_per_floor":[119,119,134,145,156,484,484,75,75,75,75,108,127,147,147,221,221,238,251,251,263,6,37,48,59,59,73,53,88,101,114,114,187,187,200,210,210,210,110,143,143,175,175,193,242,260,5,22,22,22,22,22,22,22,52,52],"floor_reached":57,"playtime":6428,"items_purged":["Strike_G","Strike_G"],"score":2961,"play_id":"73f089aa-c92f-4372-b209-d67a47bfcb52","local_time":"20210102102914","is_ascension_mode":true,"campfire_choices":[{"data":"Neutralize","floor":7.0,"key":"SMITH"},{"data":"Predator","floor":10.0,"key":"SMITH"},{"data":"Wraith Form v2","floor":15.0,"key":"SMITH"},{"floor":32.0,"key":"REST"},{"floor":41.0,"key":"RECALL"},{"data":"Survivor","floor":49.0,"key":"SMITH"},{"data":"Underhanded Strike","floor":53,"key":"SMITH"}],"circlet_count":0,"master_deck":["AscendersBane","Strike_G","Strike_G","Defend_G","Defend_G","Defend_G","Defend_G","Defend_G","Survivor+1","Neutralize+1","Heel Hook","Predator+1","Dagger Throw","Underhanded Strike+1","Quick Slash","Wraith Form v2+1","Corpse Explosion+1","Leg Sweep+1","Ghostly+1","Ghostly+1","Ghostly+1","Terror+1","Crippling Poison+1","PiercingWail+1","Tactician+1","Dagger Throw","Blur+1","Outmaneuver+1","Outmaneuver+1","PiercingWail+1","Malaise+1","Malaise+1","Bouncing Flask+1","Doppelganger+1","Flechettes+1","Acrobatics+1","Night Terror+1"],"relics":["Ring of the Snake","Lantern","Old Coin","Pocketwatch","Toxic Egg 2","Matryoshka","Velvet Choker","Orrery","Calipers","Orichalcum","Bottled Lightning","MealTicket","Snecko Eye","White Beast Statue","Smiling Mask","Bag of Preparation","Du-Vu Doll","Membership Card","Snake Skull","Vajra"],"acts_visited":["Exordium","TheCity","TheBeyond","TheEnding"],"potions_floor_usage":[51,56],"damage_taken":[{"damage":7.0,"enemies":"Small Slimes","floor":1.0,"turns":4.0},{"damage":0.0,"enemies":"Cultist","floor":3.0,"turns":4.0},{"damage":3.0,"enemies":"2 Louse","floor":4.0,"turns":3.0},{"damage":0.0,"enemies":"Exordium Wildlife","floor":5.0,"turns":3.0},{"damage":22.0,"enemies":"3 Sentries","floor":6.0,"turns":11.0},{"damage":0.0,"enemies":"Gremlin Nob","floor":12.0,"turns":3.0},{"damage":2.0,"enemies":"Gremlin Gang","floor":13.0,"turns":4.0},{"damage":0.0,"enemies":"2 Fungi Beasts","floor":14.0,"turns":3.0},{"damage":1.0,"enemies":"Slime Boss","floor":16.0,"turns":8.0},{"damage":0.0,"enemies":"3 Byrds","floor":18.0,"turns":2.0},{"damage":3.0,"enemies":"Shell Parasite","floor":19.0,"turns":6.0},{"damage":0.0,"enemies":"Snecko","floor":21.0,"turns":6.0},{"damage":1.0,"enemies":"Slavers","floor":23.0,"turns":4.0},{"damage":2.0,"enemies":"Shelled Parasite and Fungi","floor":24.0,"turns":6.0},{"damage":0.0,"enemies":"Centurion and Healer","floor":25.0,"turns":5.0},{"damage":12.0,"enemies":"Snake Plant","floor":27.0,"turns":3.0},{"damage":0.0,"enemies":"Book of Stabbing","floor":29.0,"turns":6.0},{"damage":0.0,"enemies":"Shelled Parasite and Fungi","floor":30.0,"turns":5.0},{"damage":0.0,"enemies":"Centurion and Healer","floor":31.0,"turns":5.0},{"damage":1.0,"enemies":"Champ","floor":33.0,"turns":20.0},{"damage":0.0,"enemies":"3 Darklings","floor":35.0,"turns":3.0},{"damage":0.0,"enemies":"3 Shapes","floor":36.0,"turns":3.0},{"damage":0.0,"enemies":"Giant Head","floor":40.0,"turns":9.0},{"damage":4.0,"enemies":"Reptomancer","floor":42.0,"turns":6.0},{"damage":0.0,"enemies":"Jaw Worm Horde","floor":44.0,"turns":3.0},{"damage":0.0,"enemies":"2 Orb Walkers","floor":45.0,"turns":3.0},{"damage":0.0,"enemies":"Writhing Mass","floor":46.0,"turns":6.0},{"damage":0.0,"enemies":"Spire Growth","floor":48.0,"turns":4.0},{"damage":0.0,"enemies":"Donu and Deca","floor":50.0,"turns":6.0},{"damage":23,"enemies":"Time Eater","floor":51,"turns":13},{"damage":1,"enemies":"Shield and Spear","floor":55,"turns":8},{"damage":19,"enemies":"The Heart","floor":56,"turns":14}],"seed_played":"119200665424583669","potions_obtained":[{"floor":1.0,"key":"Weak Potion"},{"floor":6.0,"key":"Strength Potion"},{"floor":12.0,"key":"Poison Potion"},{"floor":14.0,"key":"Strength Potion"},{"floor":18.0,"key":"Energy Potion"},{"floor":21.0,"key":"Energy Potion"},{"floor":28.0,"key":"LiquidBronze"},{"floor":30.0,"key":"Block Potion"},{"floor":31.0,"key":"Block Potion"},{"floor":33.0,"key":"SpeedPotion"},{"floor":36.0,"key":"Strength Potion"},{"floor":42.0,"key":"GamblersBrew"},{"floor":45.0,"key":"Block Potion"},{"floor":46.0,"key":"GamblersBrew"},{"floor":48.0,"key":"EntropicBrew"}],"is_trial":false,"path_per_floor":["M","?","M","M","M","E","R","$","T","R","?","E","M","M","R","B",null,"M","M","?","M","$","E","M","M","T","M","?","E","M","M","R","B",null,"M","M","?","?","$","E","R","E","T","M","?","M","$","M","R","B","B",null,"R","$","E","B",null],"character_chosen":"THE_SILENT","items_purchased":["Pocketwatch","Orrery","Blur+1","Membership Card","Snake Skull"],"campfire_rested":1,"item_purchase_floors":[8,22,22,47,47],"current_hp_per_floor":[52,45,45,42,42,20,20,20,20,20,20,20,18,18,18,17,54,54,51,33,33,33,32,30,30,30,18,18,18,18,18,27,26,31,31,31,31,31,31,31,31,27,27,27,27,27,31,31,31,31,8,25,25,31,30,11],"gold":52,"neow_bonus":"RANDOM_COMMON_RELIC","is_daily":false,"chose_seed":false,"campfire_upgraded":5,"win_rate":0.0,"timestamp":1609601354,"path_taken":["M","?","M","M","M","E","R","$","T","R","?","E","M","?","R","BOSS","M","M","?","M","$","E","M","?","T","M","?","E","M","M","R","BOSS","M","M","?","?","$","E","R","E","T","M","?","M","$","?","R","BOSS","BOSS","R","$","E","BOSS"],"items_purchased_type":["Relic","Relic","Card","Relic","Relic"],"build_version":"2020-12-22","purchased_purges":2,"victory":true,"max_hp_per_floor":[66,66,66,66,66,66,66,66,66,66,66,66,66,66,66,66,66,66,66,33,33,33,33,33,33,33,33,33,33,33,33,33,33,33,33,33,33,31,31,31,31,31,31,31,31,31,31,31,31,31,31,31,31,31,31,31],"relic_stats":{"counters":[32,189],"Snecko Eye":[166,173,174,163],"MealTicket":10,"Snake Skull":[48],"Bag of Preparation":[8],"Orichalcum":[372],"Smiling Mask":0,"obtain_stats":[{"Lantern":0,"Calipers":23,"Velvet Choker":17,"Vajra":55,"Snake Skull":47,"Bag of Preparation":43,"Orichalcum":26,"Smiling Mask":42,"White Beast Statue":40,"Old Coin":6,"Du-Vu Doll":45,"Matryoshka":12,"Orrery":22,"Snecko Eye":34,"MealTicket":29,"Bottled Lightning":26,"Membership Card":47,"Toxic Egg 2":9,"Ring of the Snake":0,"Pocketwatch":8},{"Lantern":0,"Calipers":13,"Velvet Choker":9,"Vajra":31,"Snake Skull":27,"Bag of Preparation":24,"Orichalcum":15,"Smiling Mask":24,"White Beast Statue":23,"Old Coin":5,"Du-Vu Doll":26,"Matryoshka":6,"Orrery":12,"Snecko Eye":20,"MealTicket":17,"Bottled Lightning":15,"Membership Card":27,"Toxic Egg 2":5,"Ring of the Snake":0,"Pocketwatch":5},{"Lantern":0,"Calipers":61,"Velvet Choker":43,"Vajra":175,"Snake Skull":144,"Bag of Preparation":132,"Orichalcum":72,"Smiling Mask":132,"White Beast Statue":126,"Old Coin":25,"Du-Vu Doll":138,"Matryoshka":28,"Orrery":57,"Snecko Eye":111,"MealTicket":81,"Bottled Lightning":72,"Membership Card":144,"Toxic Egg 2":25,"Ring of the Snake":0,"Pocketwatch":25}],"Ring of the Snake":[64],"Pocketwatch":[261]},"card_choices":[{"not_picked":["Concentrate","Flechettes"],"picked":"Heel Hook","floor":1.0},{"not_picked":["Poisoned Stab","Distraction"],"picked":"Predator","floor":3.0},{"not_picked":["Outmaneuver","Dagger Spray"],"picked":"Dagger Throw","floor":4.0},{"not_picked":["Tactician","Acrobatics"],"picked":"Underhanded Strike","floor":5.0},{"not_picked":["Infinite Blades","Dagger Spray"],"picked":"Quick Slash","floor":6.0},{"not_picked":["Deadly Poison+1","Dagger Throw"],"picked":"Dash","floor":12.0},{"not_picked":["Dagger Throw","Underhanded Strike"],"picked":"Wraith Form v2","floor":13.0},{"not_picked":["Escape Plan+1","Prepared+1","Poisoned Stab"],"picked":"SKIP","floor":14.0},{"not_picked":["Burst+1","Venomology+1"],"picked":"Corpse Explosion+1","floor":16.0},{"not_picked":["Sucker Punch","Concentrate+1"],"picked":"Leg Sweep+1","floor":18.0},{"not_picked":["All Out Attack","Endless Agony","Blade Dance+1"],"picked":"SKIP","floor":19.0},{"not_picked":["Sucker Punch","Dodge and Roll+1","Envenom"],"picked":"SKIP","floor":21.0},{"not_picked":["Predator","Masterful Stab"],"picked":"Terror+1","floor":22.0},{"not_picked":["Phantasmal Killer+1","PiercingWail+1"],"picked":"Crippling Poison+1","floor":22.0},{"not_picked":["Quick Slash","Poisoned Stab"],"picked":"PiercingWail+1","floor":22.0},{"not_picked":["Caltrops+1","Reflex+1"],"picked":"Tactician+1","floor":22.0},{"not_picked":["Poisoned Stab","Dagger Spray"],"picked":"Dagger Throw","floor":22.0},{"not_picked":["Calculated Gamble+1","Reflex+1"],"picked":"Outmaneuver+1","floor":23.0},{"not_picked":["Poisoned Stab","Underhanded Strike","Dagger Spray"],"picked":"SKIP","floor":24.0},{"not_picked":["Dodge and Roll+1","A Thousand Cuts"],"picked":"Outmaneuver+1","floor":25.0},{"not_picked":["Expertise+1","Blade Dance+1"],"picked":"PiercingWail+1","floor":27.0},{"not_picked":["Slice","Outmaneuver+1","Dagger Throw"],"picked":"SKIP","floor":29.0},{"not_picked":["Dodge and Roll+1","Poisoned Stab"],"picked":"Malaise+1","floor":30.0},{"not_picked":["Underhanded Strike","Blade Dance+1","Dodge and Roll+1"],"picked":"SKIP","floor":31.0},{"not_picked":["Unload","Glass Knife"],"picked":"Malaise+1","floor":33.0},{"not_picked":["PiercingWail+1","Flying Knee"],"picked":"Bouncing Flask+1","floor":35.0},{"not_picked":["Slice","Bane"],"picked":"Doppelganger+1","floor":36.0},{"not_picked":["Deflect+1","Dagger Throw","Endless Agony"],"picked":"SKIP","floor":40.0},{"not_picked":["Cloak And Dagger+1","Infinite Blades","Quick Slash"],"picked":"SKIP","floor":42.0},{"not_picked":["Outmaneuver+1","Quick Slash+1"],"picked":"Flechettes+1","floor":44.0},{"not_picked":["Flying Knee","Backflip+1"],"picked":"Acrobatics+1","floor":46.0},{"not_picked":["Flying Knee+1","Underhanded Strike","Distraction+1"],"picked":"SKIP","floor":48.0},{"not_picked":["Cloak And Dagger+1","PiercingWail+1"],"picked":"Night Terror+1","floor":55}],"player_experience":81409,"relics_obtained":[{"floor":6.0,"key":"Old Coin"},{"floor":9.0,"key":"Toxic Egg 2"},{"floor":12.0,"key":"Matryoshka"},{"floor":23.0,"key":"Calipers"},{"floor":26.0,"key":"Orichalcum"},{"floor":26.0,"key":"Bottled Lightning"},{"floor":29.0,"key":"MealTicket"},{"floor":40.0,"key":"White Beast Statue"},{"floor":42.0,"key":"Smiling Mask"},{"floor":43.0,"key":"Bag of Preparation"},{"floor":45.0,"key":"Du-Vu Doll"},{"floor":55,"key":"Vajra"}],"event_choices":[{"cards_removed":["Strike_G"],"damage_healed":0.0,"max_hp_gain":0.0,"max_hp_loss":0.0,"gold_gain":0.0,"event_name":"Golden Wing","player_choice":"Card Removal","floor":2.0,"gold_loss":0.0,"damage_taken":7.0},{"damage_healed":0.0,"max_hp_gain":0.0,"max_hp_loss":0.0,"gold_gain":0.0,"event_name":"Liars Game","player_choice":"Ignored","floor":11.0,"gold_loss":0.0,"damage_taken":0.0},{"damage_healed":0.0,"max_hp_gain":0.0,"max_hp_loss":33.0,"gold_gain":0.0,"event_name":"Ghosts","player_choice":"Became a Ghost","floor":20.0,"gold_loss":0.0,"damage_taken":0.0,"cards_obtained":["Ghostly","Ghostly","Ghostly"]},{"damage_healed":0.0,"max_hp_gain":0.0,"max_hp_loss":0.0,"gold_gain":0.0,"event_name":"The Woman in Blue","player_choice":"Bought 1 Potion","floor":28.0,"gold_loss":0.0,"damage_taken":0.0},{"cards_removed":["Dash"],"damage_healed":0.0,"max_hp_gain":0.0,"max_hp_loss":0.0,"gold_gain":0.0,"event_name":"Falling","player_choice":"Removed Attack","floor":37.0,"gold_loss":0.0,"damage_taken":0.0},{"damage_healed":0.0,"max_hp_gain":0.0,"max_hp_loss":2.0,"gold_gain":0.0,"event_name":"Winding Halls","player_choice":"Max HP","floor":38.0,"gold_loss":0.0,"damage_taken":0.0},{"damage_healed":0.0,"max_hp_gain":0.0,"max_hp_loss":0.0,"gold_gain":0.0,"event_name":"Mysterious Sphere","player_choice":"Fight","floor":45.0,"gold_loss":0.0,"damage_taken":0.0}],"is_beta":false,"boss_relics":[{"not_picked":["SlaversCollar","Calling Bell"],"picked":"Velvet Choker"},{"not_picked":["Tiny House","Philosopher\u0027s Stone"],"picked":"Snecko Eye"}],"items_purged_floors":[8,39],"is_endless":false,"potions_floor_spawned":[1,6,12,13,14,18,21,25,30,31,33,36,40,42,44,45,46,48,55],"ascension_level":20}}