{"host":"jtlvi4oh1uvp31nc","time":1609605542,"event":{"mods":["Abigail Mod","BaseMod","CapriCore","Marisa£¨Ùöéë¡¡Øª×âÞÞ£©","Minty Spire (QoL Compilation)","Prisma Mod","StSLib","The Immortal","WarShipGirlsR/??á´Ò³R mod"],"gold_per_floor":[153,153,153,208,208,299,299,299],"floor_reached":7,"playtime":428,"items_purged":[],"score":130,"play_id":"27859693-2db2-4c99-b8fe-c7c02f234b9f","local_time":"20210103013902","daily_mods":["Draft","Heirloom","Time Dilation","Flight","DeadlyEvents","Elite Swarm","Lethality","Midas"],"is_ascension_mode":true,"campfire_choices":[],"circlet_count":0,"master_deck":["rmod:fletcherpendant","rmod:aviationdawn","rmod:steelsupply","rmod:ammunitionsupply","rmod:robin","rmod:fuelsupply","rmod:mineteam","rmod:wife","rmod:diamondstrike+1","rmod:supportaircraftcarrier","rmod:intelligenceanalysis","rmod:aluminumsupply","rmod:victimresponsibility","rmod:advancebysurprise","rmod:openingtorpedo","rmod:aviationdawn","Injury"],"relics":["rmod:firstchargereward","Girya","Golden Idol","Mango","Letter Opener"],"acts_visited":["Exordium"],"potions_floor_usage":[],"damage_taken":[{"damage":0,"enemies":"Jaw Worm","floor":1,"turns":1},{"damage":0,"enemies":"Small Slimes","floor":4,"turns":1},{"damage":0,"enemies":"Gremlin Nob","floor":6,"turns":2},{"damage":84,"enemies":"Lagavulin","floor":7,"turns":6}],"seed_played":"-41155860080212906","potions_obtained":[{"floor":6,"key":"Weak Potion"}],"is_trial":true,"path_per_floor":["M","?","?","M","?","E","E"],"character_chosen":"PRAEFECT","items_purchased":[],"campfire_rested":0,"item_purchase_floors":[],"current_hp_per_floor":[75,75,75,75,71,71,0,0],"gold":299,"neow_bonus":"","is_daily":false,"chose_seed":false,"campfire_upgraded":0,"win_rate":0.0,"timestamp":1609605542,"path_taken":["M","?","?","M","?","E","E"],"items_purchased_type":[],"build_version":"2020-12-22","purchased_purges":0,"victory":false,"max_hp_per_floor":[75,75,75,75,89,89,89,89],"card_choices":[{"not_picked":["rmod:highspeedshooting","rmod:combined"],"picked":"rmod:fletcherpendant","floor":0},{"not_picked":["rmod:rockthrower","rmod:diamondstrike"],"picked":"rmod:aviationdawn","floor":0},{"not_picked":["rmod:unsinkable","rmod:capitalist"],"picked":"rmod:steelsupply","floor":0},{"not_picked":["rmod:fuelsupply","rmod:luckystar"],"picked":"rmod:ammunitionsupply","floor":0},{"not_picked":["rmod:circuitoustactics","rmod:smokecover"],"picked":"rmod:robin","floor":0},{"not_picked":["rmod:launchingtorpedo","rmod:diaomin"],"picked":"rmod:fuelsupply","floor":0},{"not_picked":["rmod:steelsupply","rmod:firesupport"],"picked":"rmod:mineteam","floor":0},{"not_picked":["rmod:punchline","rmod:bulid"],"picked":"rmod:wife","floor":0},{"not_picked":["rmod:tearstotiara","rmod:unsinkable"],"picked":"rmod:diamondstrike","floor":0},{"not_picked":["rmod:overbreakdown","rmod:wasp"],"picked":"rmod:supportaircraftcarrier","floor":0},{"not_picked":["rmod:ammunitionsupply","rmod:luckystar"],"picked":"rmod:intelligenceanalysis","floor":0},{"not_picked":["rmod:tearstotiara","rmod:fuelsupply"],"picked":"rmod:aluminumsupply","floor":0},{"not_picked":["rmod:luckystar","rmod:unsinkable"],"picked":"rmod:victimresponsibility","floor":0},{"not_picked":["rmod:diamondstrike","rmod:fletcherpendant"],"picked":"rmod:advancebysurprise","floor":0},{"not_picked":["rmod:highspeedshooting","rmod:advancebysurprise"],"picked":"rmod:openingtorpedo","floor":0},{"not_picked":["rmod:victimresponsibility","rmod:wife"],"picked":"rmod:aviationdawn","floor":1},{"not_picked":["rmod:salvage","rmod:tearstotiara","rmod:victimresponsibility"],"picked":"SKIP","floor":4},{"not_picked":["rmod:lastglory","rmod:seals","rmod:supriseattacks"],"picked":"SKIP","floor":6}],"player_experience":595753,"relics_obtained":[{"floor":6,"key":"Letter Opener"}],"event_choices":[{"damage_healed":0,"gold_gain":0,"player_choice":"Take Wound","damage_taken":0,"relics_obtained":["Golden Idol"],"max_hp_gain":0,"max_hp_loss":0,"event_name":"Golden Idol","floor":2,"gold_loss":0,"cards_obtained":["Injury"]},{"damage_healed":0,"gold_gain":0,"player_choice":"Grow","damage_taken":0,"max_hp_gain":0,"max_hp_loss":0,"event_name":"Living Wall","floor":3,"gold_loss":0,"cards_upgraded":["rmod:diamondstrike"]},{"damage_healed":0,"gold_gain":0,"player_choice":"Success","damage_taken":18,"relics_obtained":["Mango"],"max_hp_gain":0,"max_hp_loss":0,"event_name":"Scrap Ooze","floor":5,"gold_loss":0}],"is_beta":false,"boss_relics":[],"items_purged_floors":[],"is_endless":true,"potions_floor_spawned":[6],"killed_by":"Lagavulin","ascension_level":1}}