{"host":"os9owiyb0rak6c8n","time":1609614616,"event":{"mods":["AchievementEnabler","BaseMod","Beaked The Cultist","Better Third Choice","Block Reminder","Colored Map","Colored Powertips","Dio Mod","Minty Spire (QoL Compilation)","Robot Space Explorer","Spicy Shops","StSLib","The Death Knight","The Dragon Tamer"],"gold_per_floor":[119,185,185,185,112,112,138,138,138,163,163,183,6,38,38,140,140,129,228,3,21,21,51,64,64,88,119,119,147,161,177,177,274,274,292,292,292,311,321,321,346,346,346,346,346,103,123,151,151,151],"floor_reached":51,"playtime":1904,"items_purged":["Normality","DeathKnight:Strike_DeathKnight","DeathKnight:Defend_DeathKnight","DeathKnight:Defend_DeathKnight"],"score":1007,"play_id":"652b1ab8-5a99-4d8b-b82e-f1d02a177d0d","local_time":"20210102201016","is_ascension_mode":true,"campfire_choices":[{"data":"Feed","floor":6,"key":"SMITH"},{"data":"DeathKnight:RuneTap","floor":8,"key":"SMITH"},{"data":"DeathKnight:FoulBulwark","floor":11,"key":"SMITH"},{"data":"DeathKnight:RuneStrike","floor":15,"key":"SMITH"},{"floor":25,"key":"REST"},{"floor":28,"key":"REST"},{"data":"DeathKnight:Defile","floor":32,"key":"SMITH"},{"floor":40,"key":"REST"},{"floor":42,"key":"REST"},{"data":"DeathKnight:Contagion","floor":49,"key":"SMITH"}],"circlet_count":0,"master_deck":["DeathKnight:Strike_DeathKnight","DeathKnight:Strike_DeathKnight","DeathKnight:Strike_DeathKnight","DeathKnight:Strike_DeathKnight","DeathKnight:Defend_DeathKnight+1","DeathKnight:Defend_DeathKnight+1","DeathKnight:RuneTap+1","DeathKnight:RuneStrike+1","DeathKnight:IcyTouch+1","Feed+1","DeathKnight:Razorice+1","DeathKnight:FoulBulwark+1","DeathKnight:DeathAndDecay","DeathKnight:Defile+1","DeathKnight:MutagenicPlague+1","DeathKnight:PlagueStrike+1","DeathKnight:Outbreak+1","DeathKnight:BloodEchoes+1","DeathKnight:BloodBoil+1","DeathKnight:FrosPresence+1","DeathKnight:BloodBoil","DeathKnight:Contagion+1"],"relics":["DeathKnight:BrokenRuneblade","PreservedInsect","Anchor","Bottled Lightning","Unceasing Top","Ancient Tea Set","StrikeDummy","Shuriken","Black Star","Meat on the Bone","TungstenRod","DeathKnight:JainasLocket","Blood Vial","DeathKnight:ScourgePlagueSample","War Paint","Akabeko","Busted Crown","DeathKnight:LightbringersTabard","Oddly Smooth Stone","White Beast Statue","Art of War","Eternal Feather"],"acts_visited":["Exordium","TheCity","TheBeyond"],"potions_floor_usage":[14,21,23,31,33,39,48,50],"damage_taken":[{"damage":3,"enemies":"2 Louse","floor":1,"turns":4},{"damage":10,"enemies":"3 Sentries","floor":7,"turns":8},{"damage":5,"enemies":"Gremlin Nob","floor":10,"turns":4},{"damage":3,"enemies":"Small Slimes","floor":12,"turns":6},{"damage":7,"enemies":"Lagavulin","floor":14,"turns":5},{"damage":22,"enemies":"Hexaghost","floor":16,"turns":9},{"damage":2,"enemies":"2 Thieves","floor":18,"turns":4},{"damage":16,"enemies":"Spheric Guardian","floor":21,"turns":5},{"damage":27,"enemies":"Slavers","floor":23,"turns":4},{"damage":42,"enemies":"Shelled Parasite and Fungi","floor":24,"turns":4},{"damage":26,"enemies":"Book of Stabbing","floor":27,"turns":4},{"damage":0,"enemies":"Slavers","floor":29,"turns":3},{"damage":0,"enemies":"Centurion and Healer","floor":30,"turns":4},{"damage":4,"enemies":"Snake Plant","floor":31,"turns":3},{"damage":15,"enemies":"Champ","floor":33,"turns":5},{"damage":5,"enemies":"Orb Walker","floor":35,"turns":2},{"damage":6,"enemies":"3 Darklings","floor":38,"turns":3},{"damage":31,"enemies":"Sphere and 2 Shapes","floor":39,"turns":6},{"damage":29,"enemies":"Giant Head","floor":41,"turns":6},{"damage":0,"enemies":"Transient","floor":47,"turns":5},{"damage":21,"enemies":"Reptomancer","floor":48,"turns":4},{"damage":44,"enemies":"Time Eater","floor":50,"turns":5}],"seed_played":"4373446829020829479","potions_obtained":[{"floor":7,"key":"Block Potion"},{"floor":12,"key":"Explosive Potion"},{"floor":16,"key":"Dexterity Potion"},{"floor":18,"key":"ColorlessPotion"},{"floor":24,"key":"LiquidBronze"},{"floor":30,"key":"CultistPotion"},{"floor":38,"key":"Block Potion"},{"floor":47,"key":"Swift Potion"},{"floor":48,"key":"Swift Potion"}],"is_trial":false,"path_per_floor":["M","?","?","?","$","R","E","R","T","E","R","M","$","E","R","B",null,"M","?","$","M","$","E","M","R","T","E","R","E","M","M","R","B",null,"M","?","?","M","M","R","E","R","T","?","?","$","M","E","R","B",null],"character_chosen":"DEATH_KNIGHT","items_purchased":["DeathKnight:Razorice","StrikeDummy","DeathKnight:Contagion"],"campfire_rested":4,"item_purchase_floors":[5,13,46],"current_hp_per_floor":[72,72,64,64,64,64,58,58,58,53,53,54,54,51,51,33,91,93,93,93,77,77,50,24,53,53,39,68,74,76,78,78,65,107,102,71,71,67,50,82,55,87,87,87,87,87,89,70,82,52],"gold":151,"neow_bonus":"RANDOM_COMMON_RELIC","is_daily":false,"chose_seed":false,"campfire_upgraded":6,"win_rate":0.0,"timestamp":1609614616,"path_taken":["M","?","?","?","$","R","E","R","T","E","R","M","$","E","R","BOSS","M","?","$","M","$","E","M","R","T","E","R","E","M","M","R","BOSS","M","?","?","?","?","R","E","R","T","?","?","$","M","E","R","BOSS"],"items_purchased_type":["Card","Relic","Card"],"build_version":"2020-12-22","purchased_purges":4,"victory":true,"max_hp_per_floor":[75,75,75,75,75,75,79,79,79,79,79,83,83,87,87,91,91,95,95,95,95,95,95,99,99,99,99,99,103,103,107,107,107,107,107,107,107,107,107,107,107,107,107,102,102,102,102,102,102,102],"card_choices":[{"not_picked":["DeathKnight:BoneSpear","DeathKnight:Lichborne"],"picked":"DeathKnight:IcyTouch","floor":1},{"not_picked":["DeathKnight:BloodTap","DeathKnight:DreadStrike","DeathKnight:DeathRune"],"picked":"SKIP","floor":7},{"not_picked":["DeathKnight:Hemostasis","DeathKnight:BladedArmor"],"picked":"DeathKnight:FoulBulwark","floor":10},{"not_picked":["DeathKnight:Hysteria","DeathKnight:IcyTouch"],"picked":"DeathKnight:DeathAndDecay","floor":12},{"not_picked":["DeathKnight:RuneShock","DeathKnight:DeathRune","DeathKnight:Hemostasis"],"picked":"SKIP","floor":14},{"not_picked":["DeathKnight:UnholyExperiment","DeathKnight:Razorice"],"picked":"DeathKnight:Defile","floor":16},{"not_picked":["DeathKnight:DeathCoil","DeathKnight:DeathGrip"],"picked":"DeathKnight:MutagenicPlague+1","floor":18},{"not_picked":["DeathKnight:DeathCoil","DeathKnight:DeathGrip+1"],"picked":"DeathKnight:PlagueStrike+1","floor":21},{"not_picked":["DeathKnight:Runeguard","DeathKnight:DarkSuccor"],"picked":"DeathKnight:Outbreak","floor":23},{"not_picked":["DeathKnight:BloodEchoes","DeathKnight:Ossuary","DeathKnight:RuneShock"],"picked":"SKIP","floor":24},{"not_picked":["DeathKnight:BoneSpear","DeathKnight:RunicCorruption+1","DeathKnight:UnholyAssault"],"picked":"SKIP","floor":27},{"not_picked":["DeathKnight:Frostscythe","DeathKnight:PillarOfFrost"],"picked":"DeathKnight:BloodEchoes+1","floor":29},{"not_picked":["DeathKnight:HartStrike","DeathKnight:DeathAndDecay","DeathKnight:ThirstingStrike"],"picked":"SKIP","floor":30},{"not_picked":["DeathKnight:RaiseAlly+1","DeathKnight:Pestilence"],"picked":"DeathKnight:BloodBoil+1","floor":31},{"not_picked":[],"picked":"DeathKnight:FrosPresence+1","floor":35},{"not_picked":["DeathKnight:Ossuary+1"],"picked":"SKIP","floor":38},{"not_picked":["DeathKnight:Pestilence+1"],"picked":"SKIP","floor":39},{"not_picked":["DeathKnight:Parry+1"],"picked":"SKIP","floor":41},{"not_picked":["DeathKnight:ShatteringStrikes"],"picked":"SKIP","floor":47},{"not_picked":["DeathKnight:BloodStrike"],"picked":"SKIP","floor":48}],"player_experience":532531,"relics_obtained":[{"floor":7,"key":"Bottled Lightning"},{"floor":9,"key":"Unceasing Top"},{"floor":10,"key":"Ancient Tea Set"},{"floor":14,"key":"Shuriken"},{"floor":23,"key":"Meat on the Bone"},{"floor":23,"key":"TungstenRod"},{"floor":26,"key":"DeathKnight:JainasLocket"},{"floor":27,"key":"Blood Vial"},{"floor":27,"key":"DeathKnight:ScourgePlagueSample"},{"floor":29,"key":"War Paint"},{"floor":29,"key":"Akabeko"},{"floor":41,"key":"DeathKnight:LightbringersTabard"},{"floor":41,"key":"Oddly Smooth Stone"},{"floor":43,"key":"White Beast Statue"},{"floor":48,"key":"Art of War"},{"floor":48,"key":"Eternal Feather"}],"event_choices":[{"damage_healed":0,"gold_gain":66,"player_choice":"Gained Gold","damage_taken":0,"max_hp_gain":0,"max_hp_loss":0,"event_name":"Golden Wing","floor":2,"gold_loss":0},{"damage_healed":0,"gold_gain":0,"player_choice":"Leave","damage_taken":0,"max_hp_gain":0,"max_hp_loss":0,"event_name":"The Cleric","floor":4,"gold_loss":0},{"damage_healed":0,"gold_gain":99,"player_choice":"Steal","damage_taken":0,"max_hp_gain":0,"max_hp_loss":0,"event_name":"betterThird:BetterNest","floor":19,"gold_loss":0},{"damage_healed":0,"gold_gain":0,"player_choice":"0 cards matched","damage_taken":0,"max_hp_gain":0,"max_hp_loss":0,"event_name":"Match and Keep!","floor":37,"gold_loss":0,"cards_obtained":[]},{"damage_healed":0,"gold_gain":0,"player_choice":"Max HP","damage_taken":0,"max_hp_gain":0,"max_hp_loss":5,"event_name":"Winding Halls","floor":44,"gold_loss":0},{"damage_healed":0,"gold_gain":0,"cards_transformed":["DeathKnight:Defend_DeathKnight"],"player_choice":"Transformed","damage_taken":0,"max_hp_gain":0,"max_hp_loss":0,"event_name":"Transmorgrifier","floor":45,"gold_loss":0,"cards_obtained":["DeathKnight:BloodBoil"]}],"is_beta":false,"boss_relics":[{"not_picked":["Philosopher\u0027s Stone","Runic Dome"],"picked":"Black Star"},{"not_picked":["beaked:SacredDeck","Pandora\u0027s Box"],"picked":"Busted Crown"}],"items_purged_floors":[13,20,20,46],"is_endless":false,"potions_floor_spawned":[7,12,16,18,24,30,38,47,48],"ascension_level":4}}