{"host":"yks98ofmy52hj7my","time":1609619384,"event":{"mods":["BaseMod","Block Reminder","Colored Powertips","Halation","Hubris","Minty Spire (QoL Compilation)","Rare Cards Sparkle","Replay The Spire","StSLib"],"gold_per_floor":[112,112,112,124,124,153,153,187,214,242,277,277,277,292,292,391,391,408,256,275,290,307,307,307],"floor_reached":23,"playtime":956,"items_purged":[],"score":389,"play_id":"040a5a0c-54fc-48b2-a547-4fdead6bd355","local_time":"20210102182944","is_ascension_mode":true,"campfire_choices":[{"data":"Regret","floor":12,"key":"PURGE"},{"data":"1","floor":15,"key":"LIFT"}],"circlet_count":0,"master_deck":["AscendersBane","Strike_R","Strike_R","Strike_R","Strike_R","Strike_R","Defend_R","Defend_R","Defend_R","Defend_R","Bash","Perfected Strike","Berserk+1","hubris:StunningStrike","ReplayTheSpireMod:Limb From Limb","Fire Breathing","ReplayTheSpireMod:LeadingStrike","Berserk","Spot Weakness","Perfected Strike"],"relics":["Burning Blood","NeowsBlessing","halation:PinkSoulGem","Peace Pipe","Question Card","Girya","ReplayTheSpireMod:TigerMarble","Odd Mushroom","Juzu Bracelet","Painkiller Herb","ReplayFunnel"],"acts_visited":["Exordium","TheCity"],"potions_floor_usage":[11,16,16,21,22],"damage_taken":[{"damage":0,"enemies":"Cultist","floor":1,"turns":1},{"damage":0,"enemies":"Jaw Worm","floor":4,"turns":1},{"damage":0,"enemies":"3 Sentries","floor":6,"turns":2},{"damage":26,"enemies":"Gremlin Nob","floor":8,"turns":3},{"damage":4,"enemies":"The Mushroom Lair","floor":10,"turns":2},{"damage":46,"enemies":"Lagavulin","floor":11,"turns":5},{"damage":1,"enemies":"Small Slimes","floor":14,"turns":3},{"damage":15,"enemies":"Fading Forest","floor":16,"turns":11},{"damage":1,"enemies":"3 Byrds","floor":18,"turns":5},{"damage":35,"enemies":"Shell Parasite","floor":20,"turns":5},{"damage":38,"enemies":"Shelled Parasite and Fungi","floor":21,"turns":5},{"damage":0,"enemies":"Chosen and Byrds","floor":22,"turns":2},{"damage":15,"enemies":"Replay:Snechameleon","floor":23,"turns":1}],"seed_played":"-3615816688619457496","potions_obtained":[{"floor":6,"key":"FearPotion"},{"floor":8,"key":"Energy Potion"},{"floor":10,"key":"Adrenaline Potion"},{"floor":14,"key":"Venom Potion"},{"floor":16,"key":"SpeedPotion"},{"floor":20,"key":"Venom Potion"}],"is_trial":false,"path_per_floor":["M","?","?","M","$","E","?","E","T","?","E","R","?","M","R","B",null,"?","T","?","?","?","E"],"character_chosen":"IRONCLAD","items_purchased":["ReplayFunnel"],"campfire_rested":0,"item_purchase_floors":[19],"current_hp_per_floor":[78,78,78,80,80,80,80,60,60,62,22,22,22,27,27,18,65,70,70,41,9,15,0,0],"gold":307,"neow_bonus":"THREE_ENEMY_KILL","is_daily":false,"chose_seed":false,"campfire_upgraded":0,"win_rate":0.0,"timestamp":1609619384,"path_taken":["M","?","?","M","?","E","?","E","T","?","E","R","?","M","R","BOSS","?","T","?","?","?","E"],"items_purchased_type":["Relic"],"build_version":"2020-12-22","purchased_purges":0,"victory":false,"max_hp_per_floor":[80,80,80,80,80,80,80,80,80,80,80,80,80,80,80,80,80,80,80,80,80,80,80,80],"card_choices":[{"not_picked":["Headbutt","Heavy Blade"],"picked":"Perfected Strike","floor":1},{"not_picked":["Clothesline","hubris:ReadiedAction","ReplayTheSpireMod:LeadingStrike"],"picked":"SKIP","floor":4},{"not_picked":["ReplayTheSpireMod:Stacked","Dark Embrace"],"picked":"Berserk","floor":6},{"not_picked":["Twin Strike","Replay:Undeath\u0027s Touch","ReplayTheSpireMod:Strike From Hell"],"picked":"hubris:StunningStrike","floor":8},{"not_picked":["Twin Strike","Anger","Carnage"],"picked":"ReplayTheSpireMod:Limb From Limb","floor":10},{"not_picked":["Blood for Blood","Dark Embrace","Bloodletting"],"picked":"Fire Breathing","floor":11},{"not_picked":["Shrug It Off","Heavy Blade","Iron Wave"],"picked":"ReplayTheSpireMod:LeadingStrike","floor":14},{"not_picked":["Double Tap","Offering","Replay:Many Hands"],"picked":"Berserk","floor":16},{"not_picked":["Carnage","Second Wind+1","Twin Strike"],"picked":"Spot Weakness","floor":18},{"not_picked":["Thunderclap+1","ReplayTheSpireMod:LeadingStrike+1","Body Slam"],"picked":"Perfected Strike","floor":20},{"not_picked":["ReplayTheSpireMod:Limb From Limb","Massacre","Warcry","Havoc"],"picked":"SKIP","floor":21},{"not_picked":["Warcry","Havoc","Run Through","Bloodletting+1"],"picked":"SKIP","floor":22}],"player_experience":462572,"relics_obtained":[{"floor":6,"key":"Peace Pipe"},{"floor":8,"key":"Girya"},{"floor":9,"key":"ReplayTheSpireMod:TigerMarble"},{"floor":10,"key":"Odd Mushroom"},{"floor":11,"key":"Juzu Bracelet"}],"event_choices":[{"damage_healed":0,"gold_gain":0,"player_choice":"Ignored","damage_taken":0,"max_hp_gain":0,"max_hp_loss":0,"event_name":"Golden Wing","floor":2,"gold_loss":0},{"damage_healed":0,"gold_gain":0,"player_choice":"Box","damage_taken":0,"relics_obtained":["Question Card"],"max_hp_gain":0,"max_hp_loss":0,"event_name":"Big Fish","floor":7,"gold_loss":0,"cards_obtained":["Regret"]},{"damage_healed":0,"gold_gain":0,"player_choice":"Fought Mushrooms","damage_taken":0,"max_hp_gain":0,"max_hp_loss":0,"event_name":"Mushrooms","floor":10,"gold_loss":0}],"is_beta":false,"boss_relics":[{"not_picked":["Runic Cube","Empty Cage"],"picked":"Painkiller Herb"}],"items_purged_floors":[],"is_endless":false,"potions_floor_spawned":[6,8,10,14,16,20],"killed_by":"Replay:Snechameleon","ascension_level":10}}