{"host":"5dn9v6uqcruncej8","time":1609602150,"event":{"mods":["Act Like it!","BaseMod","Colored Powertips","Gensokyo","Koishi","Lobotomy","LobotomyExtend","Marisa£®ÏF”Í°°ƒß¿Ì…≥£©","Minty Spire (QoL Compilation)","Reimu£®≤©¿ˆ¡È√Œ£©","Remilia£®¿Ÿ√◊¿Ú—«£©","Shop Mod","StSLib"],"gold_per_floor":[115,115,115,15,33,60,60,72,97,68,82,82,99,431,431,581,581],"floor_reached":16,"playtime":1765,"items_purged":[],"score":115,"play_id":"a8945196-0fcd-4da2-80e1-84541624df14","local_time":"20210102234230","is_ascension_mode":true,"campfire_choices":[{"data":"RainPray2:ReiMu","floor":7,"key":"SMITH"},{"floor":15,"key":"REST"}],"circlet_count":0,"master_deck":["Strike_Lin:ReiMu","Strike_Lin:ReiMu","Strike_Lin:ReiMu","Strike_Lin:ReiMu","Defend_Lin:ReiMu","Defend_Lin:ReiMu","Defend_Lin:ReiMu","Defend_Lin:ReiMu","NB:ReiMu","RainPray2:ReiMu+1","Mountainwind:ReiMu","Conquer:ReiMu","SealNeedle:ReiMu","SpreadBorder2:ReiMu","OrbThrow:ReiMu","FantasyMoon:ReiMu"],"relics":["FlyPower:ReiMu","LetterFromLob","Gensokyo:OccultBall","Gensokyo:Justice","HornCleat","Pantograph","Centennial Puzzle","Old Coin"],"acts_visited":["Gensokyo:Gensokyo"],"potions_floor_usage":[],"damage_taken":[{"damage":13,"enemies":"Gensokyo:Python","floor":1,"turns":8},{"damage":0,"enemies":"Gensokyo:3_Fairies","floor":5,"turns":3},{"damage":15,"enemies":"Gensokyo:Cirno","floor":6,"turns":6},{"damage":0,"enemies":"Gensokyo:Gryphon","floor":8,"turns":2},{"damage":0,"enemies":"Gensokyo:2_Rabbits","floor":11,"turns":3},{"damage":0,"enemies":"Gensokyo:Kitsune","floor":13,"turns":4},{"damage":10,"enemies":"Gensokyo:Aya","floor":14,"turns":7},{"damage":61,"enemies":"Gensokyo:Yukari","floor":16,"turns":14}],"seed_played":"3349477612390855967","potions_obtained":[{"floor":8,"key":"Block Potion"},{"floor":11,"key":"Swift Potion"},{"floor":13,"key":"AttackPotion"}],"is_trial":false,"path_per_floor":["M","?","?","?","M","E","R","M","T","COS","M","E","M","E","R","B"],"character_chosen":"REIMU","items_purchased":[],"campfire_rested":1,"item_purchase_floors":[],"current_hp_per_floor":[34,34,34,34,34,19,19,19,19,19,19,19,19,9,28,0,0],"gold":581,"neow_bonus":"RANDOM_COLORLESS_2","is_daily":false,"chose_seed":false,"campfire_upgraded":1,"win_rate":0.0,"timestamp":1609602150,"path_taken":["M","?","?","?","M","E","R","M","T","COS","M","E","?","E","R","BOSS"],"items_purchased_type":[],"build_version":"2020-12-22","purchased_purges":0,"victory":false,"max_hp_per_floor":[65,65,65,65,65,65,65,65,65,65,65,65,65,65,65,65,65],"card_choices":[{"not_picked":["Apotheosis","HandOfGreed"],"picked":"Magnetism","floor":0},{"not_picked":["SubAcupoint:ReiMu","BarrageOfMoneybags:ReiMu"],"picked":"RainPray2:ReiMu","floor":1},{"not_picked":["SubAcupoint:ReiMu","LovePray:ReiMu"],"picked":"Mountainwind:ReiMu","floor":5},{"not_picked":["TakeOff:ReiMu","Enchanting:ReiMu"],"picked":"Conquer:ReiMu","floor":6},{"not_picked":["Enchanting:ReiMu","CollectionFlower2:ReiMu"],"picked":"SealNeedle:ReiMu","floor":8},{"not_picked":["AlertArray:ReiMu","Intuition:ReiMu"],"picked":"SpreadBorder2:ReiMu","floor":11},{"not_picked":["EmergencyTakeOff:ReiMu","AirManeuver:ReiMu"],"picked":"OrbThrow:ReiMu","floor":13},{"not_picked":["BarrageOfMoneybags:ReiMu","Meditation:ReiMu"],"picked":"FantasyMoon:ReiMu","floor":14}],"player_experience":148890,"relics_obtained":[{"floor":1,"key":"LetterFromLob"},{"floor":6,"key":"Pantograph"},{"floor":9,"key":"Centennial Puzzle"},{"floor":14,"key":"Old Coin"}],"event_choices":[],"is_beta":false,"boss_relics":[],"items_purged_floors":[],"is_endless":false,"potions_floor_spawned":[8,11,13,14],"killed_by":"Gensokyo:Yukari","ascension_level":1}}