{"host":"usqe6yg0e0rryp0e","time":1609613407,"event":{"mods":["BaseMod","Colored Map","Colored Powertips","Minty Spire (QoL Compilation)","Relic Stats"],"gold_per_floor":[111,127,127,127,145,176,187,187,187,215,231,244,519,539,539,613,613,632,700,700,718,366,392,392,425,498,510,528,145,165,165,165,241,241,256,256,256,267,93,93,122,140,140,140,174,174,7,52,52,52,52],"floor_reached":50,"playtime":10218,"items_purged":["Regret","Strike_G","All Out Attack"],"score":1200,"play_id":"6d6b7828-5e40-4076-b229-654fdc458f67","local_time":"20210102195007","is_ascension_mode":true,"campfire_choices":[{"floor":8.0,"key":"REST"},{"data":"Burst","floor":15.0,"key":"SMITH"},{"floor":24.0,"key":"REST"},{"data":"Catalyst","floor":32.0,"key":"SMITH"},{"data":"Leg Sweep","floor":40.0,"key":"SMITH"},{"data":"Ghostly","floor":46.0,"key":"SMITH"},{"floor":49,"key":"RECALL"}],"circlet_count":0,"master_deck":["AscendersBane","Defend_G","Defend_G","Defend_G","Defend_G","Defend_G","Survivor","Neutralize","Deadly Poison","Poisoned Stab","Bouncing Flask","Malaise","Quick Slash","Backflip","Burst+1","Escape Plan","Acrobatics","Dagger Spray","Corpse Explosion","PiercingWail+1","RitualDagger","Catalyst+1","Concentrate","PiercingWail+1","Cloak And Dagger+1","Ghostly","Ghostly","Ghostly+1","Bullet Time","Dodge and Roll+1","Calculated Gamble","Noxious Fumes","Leg Sweep+1","Escape Plan+1","Underhanded Strike+1","Terror"],"relics":["Ring of the Snake","Dream Catcher","Meat on the Bone","Letter Opener","Runic Pyramid","Blue Candle","Kunai","Unceasing Top","Eternal Feather","Sundial","Art of War","SlaversCollar","Pen Nib","Omamori","Turnip"],"acts_visited":["TheCity","TheBeyond"],"potions_floor_usage":[],"damage_taken":[{"damage":1.0,"enemies":"Cultist","floor":1.0,"turns":5.0},{"damage":0.0,"enemies":"Small Slimes","floor":2.0,"turns":4.0},{"damage":3.0,"enemies":"2 Louse","floor":5.0,"turns":3.0},{"damage":9.0,"enemies":"Lagavulin","floor":6.0,"turns":6.0},{"damage":1.0,"enemies":"Red Slaver","floor":7.0,"turns":4.0},{"damage":17.0,"enemies":"3 Sentries","floor":10.0,"turns":6.0},{"damage":7.0,"enemies":"2 Fungi Beasts","floor":11.0,"turns":3.0},{"damage":12.0,"enemies":"Exordium Wildlife","floor":12.0,"turns":3.0},{"damage":11.0,"enemies":"3 Louse","floor":14.0,"turns":4.0},{"damage":37.0,"enemies":"Hexaghost","floor":16.0,"turns":8.0},{"damage":19.0,"enemies":"2 Thieves","floor":18.0,"turns":4.0},{"damage":4.0,"enemies":"Chosen","floor":21.0,"turns":4.0},{"damage":33.0,"enemies":"Slavers","floor":23.0,"turns":4.0},{"damage":21.0,"enemies":"Gremlin Leader","floor":25.0,"turns":7.0},{"damage":10.0,"enemies":"Centurion and Healer","floor":27.0,"turns":5.0},{"damage":16.0,"enemies":"Chosen and Byrds","floor":28.0,"turns":5.0},{"damage":1.0,"enemies":"Cultist and Chosen","floor":30.0,"turns":7.0},{"damage":1.0,"enemies":"Collector","floor":33.0,"turns":7.0},{"damage":1.0,"enemies":"3 Darklings","floor":35.0,"turns":2.0},{"damage":0.0,"enemies":"3 Shapes","floor":38.0,"turns":3.0},{"damage":8.0,"enemies":"Reptomancer","floor":41.0,"turns":7.0},{"damage":3.0,"enemies":"Jaw Worm Horde","floor":42.0,"turns":5.0},{"damage":6.0,"enemies":"Nemesis","floor":45.0,"turns":7.0},{"damage":7.0,"enemies":"2 Orb Walkers","floor":48.0,"turns":6.0},{"damage":33,"enemies":"Time Eater","floor":50,"turns":7}],"seed_played":"7270334978892589453","potions_obtained":[{"floor":1.0,"key":"Explosive Potion"},{"floor":5.0,"key":"DistilledChaos"},{"floor":6.0,"key":"CunningPotion"},{"floor":16.0,"key":"SteroidPotion"},{"floor":18.0,"key":"Strength Potion"},{"floor":21.0,"key":"Block Potion"},{"floor":42.0,"key":"Regen Potion"}],"is_trial":false,"path_per_floor":["M","M","?","?","M","E","M","R","T","E","M","M","?","M","R","B",null,"M","T","?","M","$","E","R","E","T","M","M","$","M","?","R","B",null,"M","?","?","M","$","R","E","M","T","?","E","R","$","?","R","B"],"character_chosen":"THE_SILENT","items_purchased":["Kunai","Art of War","SteroidPotion","Dexterity Potion","Noxious Fumes","Leg Sweep","Terror"],"campfire_rested":2,"item_purchase_floors":[22,29,29,29,39,39,47],"current_hp_per_floor":[43,43,36,36,33,24,23,42,42,37,42,42,42,43,43,18,54,35,35,29,37,37,16,35,26,26,28,24,24,35,33,33,32,33,32,31,31,31,31,31,23,20,20,20,26,31,31,24,31,0,0],"gold":52,"neow_bonus":"TRANSFORM_TWO_CARDS","is_daily":false,"chose_seed":false,"campfire_upgraded":4,"win_rate":0.0,"timestamp":1609613407,"path_taken":["M","M","?","?","M","E","M","R","T","E","M","?","?","M","R","BOSS","M","?","?","M","$","E","R","E","T","?","M","$","M","?","R","BOSS","M","?","?","M","$","R","E","M","T","?","E","R","$","?","R","BOSS"],"items_purchased_type":["Relic","Relic","Potion","Potion","Card","Card","Card"],"build_version":"2020-12-22","purchased_purges":3,"victory":false,"max_hp_per_floor":[66,66,66,66,66,66,66,66,66,66,66,66,66,66,66,66,66,66,66,66,66,66,66,66,66,66,66,66,66,66,33,33,33,33,33,31,31,31,31,31,31,31,31,31,31,31,31,31,31,31,31],"relic_stats":{"counters":[25,126],"Blue Candle":[1],"Eternal Feather":12,"Pen Nib":[2],"Letter Opener":[473],"Dream Catcher":2,"Sundial":[0],"Turnip":[2],"Art of War":[20],"Kunai":[8],"obtain_stats":[{"Blue Candle":19,"Eternal Feather":25,"Pen Nib":41,"Omamori":45,"Letter Opener":10,"SlaversCollar":34,"Dream Catcher":6,"Sundial":26,"Turnip":48,"Art of War":29,"Kunai":22,"Unceasing Top":23,"Ring of the Snake":0,"Meat on the Bone":9,"Runic Pyramid":17},{"Blue Candle":11,"Eternal Feather":14,"Pen Nib":21,"Omamori":23,"Letter Opener":6,"SlaversCollar":18,"Dream Catcher":4,"Sundial":14,"Turnip":24,"Art of War":16,"Kunai":12,"Unceasing Top":13,"Ring of the Snake":0,"Meat on the Bone":5,"Runic Pyramid":10},{"Blue Candle":50,"Eternal Feather":65,"Pen Nib":101,"Omamori":113,"Letter Opener":28,"SlaversCollar":89,"Dream Catcher":18,"Sundial":65,"Turnip":119,"Art of War":75,"Kunai":54,"Unceasing Top":58,"Ring of the Snake":0,"Meat on the Bone":22,"Runic Pyramid":46}],"Unceasing Top":[0],"Ring of the Snake":[50],"Meat on the Bone":144},"card_choices":[{"not_picked":["Accuracy","Deflect"],"picked":"Caltrops","floor":1.0},{"not_picked":["PiercingWail","Outmaneuver"],"picked":"Poisoned Stab","floor":2.0},{"not_picked":["Deflect","Predator"],"picked":"Bouncing Flask","floor":5.0},{"not_picked":["Dodge and Roll","Concentrate"],"picked":"Malaise","floor":6.0},{"not_picked":["Prepared","Finisher"],"picked":"Quick Slash","floor":7.0},{"not_picked":["Bane","Poisoned Stab"],"picked":"Backflip","floor":8.0},{"not_picked":["Backflip","Calculated Gamble"],"picked":"Burst","floor":10.0},{"not_picked":["Dodge and Roll","Bane"],"picked":"Escape Plan","floor":11.0},{"not_picked":["Backflip","Flying Knee"],"picked":"Acrobatics","floor":12.0},{"not_picked":["Concentrate","Flying Knee"],"picked":"Dagger Spray","floor":14.0},{"not_picked":["After Image","Adrenaline"],"picked":"Corpse Explosion","floor":16.0},{"not_picked":["Poisoned Stab","Heel Hook"],"picked":"PiercingWail+1","floor":18.0},{"not_picked":["Infinite Blades","PiercingWail"],"picked":"Catalyst","floor":21.0},{"not_picked":["Flying Knee","Dodge and Roll","Cloak And Dagger"],"picked":"SKIP","floor":23.0},{"not_picked":["Skewer","Outmaneuver"],"picked":"Concentrate","floor":24.0},{"not_picked":["Deflect","Reflex+1"],"picked":"PiercingWail+1","floor":25.0},{"not_picked":["Concentrate","Backstab","Backflip"],"picked":"SKIP","floor":27.0},{"not_picked":["Predator","Quick Slash","All Out Attack+1"],"picked":"SKIP","floor":28.0},{"not_picked":["Deadly Poison","Acrobatics+1"],"picked":"Cloak And Dagger+1","floor":30.0},{"not_picked":["Unload","Adrenaline"],"picked":"Bullet Time","floor":33.0},{"not_picked":["Bane","Deadly Poison"],"picked":"Dodge and Roll+1","floor":35.0},{"not_picked":["Predator+1","Escape Plan"],"picked":"Calculated Gamble","floor":38.0},{"not_picked":["Accuracy","Slice","Leg Sweep"],"picked":"SKIP","floor":41.0},{"not_picked":["Underhanded Strike+1","Acrobatics"],"picked":"Escape Plan+1","floor":42.0},{"not_picked":["Heel Hook+1","Bane"],"picked":"Underhanded Strike+1","floor":45.0}],"player_experience":1075611,"relics_obtained":[{"floor":6.0,"key":"Dream Catcher"},{"floor":9.0,"key":"Meat on the Bone"},{"floor":10.0,"key":"Letter Opener"},{"floor":19.0,"key":"Blue Candle"},{"floor":23.0,"key":"Unceasing Top"},{"floor":25.0,"key":"Eternal Feather"},{"floor":26.0,"key":"Sundial"},{"floor":41.0,"key":"Pen Nib"},{"floor":45.0,"key":"Omamori"},{"floor":48.0,"key":"Turnip"}],"event_choices":[{"cards_removed":["Strike_G"],"damage_healed":0.0,"max_hp_gain":0.0,"max_hp_loss":0.0,"gold_gain":0.0,"event_name":"Golden Wing","player_choice":"Card Removal","floor":3.0,"gold_loss":0.0,"damage_taken":7.0},{"cards_removed":["Strike_G"],"damage_healed":0.0,"max_hp_gain":0.0,"max_hp_loss":0.0,"gold_gain":0.0,"event_name":"Purifier","player_choice":"Purged","floor":4.0,"gold_loss":0.0,"damage_taken":0.0},{"damage_healed":0.0,"max_hp_gain":0.0,"max_hp_loss":0.0,"gold_gain":275.0,"event_name":"Golden Shrine","player_choice":"Desecrate","floor":13.0,"gold_loss":0.0,"damage_taken":0.0,"cards_obtained":["Regret"]},{"damage_healed":0.0,"max_hp_gain":0.0,"max_hp_loss":0.0,"gold_gain":0.0,"event_name":"Nest","player_choice":"Joined the Cult","floor":20.0,"gold_loss":0.0,"damage_taken":6.0,"cards_obtained":["RitualDagger"]},{"damage_healed":0.0,"max_hp_gain":0.0,"max_hp_loss":33.0,"gold_gain":0.0,"event_name":"Ghosts","player_choice":"Became a Ghost","floor":31.0,"gold_loss":0.0,"damage_taken":0.0,"cards_obtained":["Ghostly","Ghostly","Ghostly"]},{"damage_healed":0.0,"max_hp_gain":0.0,"max_hp_loss":2.0,"gold_gain":0.0,"event_name":"Winding Halls","player_choice":"Max HP","floor":36.0,"gold_loss":0.0,"damage_taken":0.0},{"damage_healed":0.0,"max_hp_gain":0.0,"max_hp_loss":0.0,"gold_gain":0.0,"event_name":"Tomb of Lord Red Mask","player_choice":"Ignored","floor":37.0,"gold_loss":0.0,"damage_taken":0.0},{"cards_removed":["Caltrops"],"damage_healed":0.0,"max_hp_gain":0.0,"max_hp_loss":0.0,"gold_gain":0.0,"event_name":"Falling","player_choice":"Removed Power","floor":44.0,"gold_loss":0.0,"damage_taken":0.0},{"damage_healed":0.0,"max_hp_gain":0.0,"max_hp_loss":0.0,"gold_gain":0.0,"event_name":"Mysterious Sphere","player_choice":"Fight","floor":48.0,"gold_loss":0.0,"damage_taken":0.0}],"is_beta":false,"boss_relics":[{"not_picked":["SacredBark","Empty Cage"],"picked":"Runic Pyramid"},{"not_picked":["Snecko Eye","HoveringKite"],"picked":"SlaversCollar"}],"items_purged_floors":[22,29,47],"is_endless":false,"potions_floor_spawned":[1,5,6,16,18,21,30,33,41,42,45],"killed_by":"Time Eater","ascension_level":20}}