{"host":"qwttrqaysb380yri","time":1609613228,"event":{"mods":["BaseMod","Custom Start","Minty Spire (QoL Compilation)","Permanent Neow","Puzzle Mod","Relic Stats","StSLib","The Hierophant"],"gold_per_floor":[14,30,50,50,68,103,123,123,123,134,134,151,151,184,184,184,184],"floor_reached":16,"playtime":381,"items_purged":[],"score":200,"play_id":"c8833f53-d7fe-4544-a2f5-661fe50b4fb6","local_time":"20210102194708","is_ascension_mode":true,"campfire_choices":[{"floor":8,"key":"REST"},{"floor":15,"key":"REST"}],"circlet_count":0,"master_deck":["AscendersBane","Strike_G","Strike_G","Strike_G","Strike_G","Strike_G","Defend_G","Defend_G","Defend_G","Defend_G","Survivor","Neutralize","Die Die Die","Masterful Stab","Underhanded Strike","Deadly Poison","Slice","Deflect","Predator","Unload","Dagger Throw","Prepared"],"relics":["Ring of the Snake","Frozen Egg 2","Ornamental Fan","White Beast Statue","Paper Crane"],"acts_visited":["Exordium"],"potions_floor_usage":[6,14,16],"damage_taken":[{"damage":0,"enemies":"2 Louse","floor":1,"turns":1},{"damage":4,"enemies":"Jaw Worm","floor":2,"turns":3},{"damage":3,"enemies":"Small Slimes","floor":3,"turns":2},{"damage":5,"enemies":"3 Louse","floor":5,"turns":2},{"damage":18,"enemies":"Gremlin Nob","floor":6,"turns":4},{"damage":1,"enemies":"Blue Slaver","floor":7,"turns":3},{"damage":6,"enemies":"Red Slaver","floor":10,"turns":2},{"damage":0,"enemies":"Lots of Slimes","floor":12,"turns":1},{"damage":19,"enemies":"Lagavulin","floor":14,"turns":5},{"damage":24,"enemies":"The Guardian","floor":16,"turns":9}],"seed_played":"-3526155752104809657","potions_obtained":[{"floor":3,"key":"Weak Potion"},{"floor":10,"key":"Dexterity Potion"},{"floor":14,"key":"Weak Potion"}],"is_trial":false,"path_per_floor":["M","M","M","?","M","E","M","R","T","M","?","M","?","E","R","B"],"character_chosen":"THE_SILENT","items_purchased":[],"campfire_rested":2,"item_purchase_floors":[],"current_hp_per_floor":[59,55,52,45,40,22,21,40,40,34,34,34,23,4,23,0,0],"gold":184,"neow_bonus":"THREE_RARE_CARDS","is_daily":false,"chose_seed":false,"campfire_upgraded":0,"win_rate":0.0,"timestamp":1609613228,"path_taken":["M","M","M","?","M","E","M","R","T","M","?","M","?","E","R","BOSS"],"items_purchased_type":[],"build_version":"2020-12-22","purchased_purges":0,"victory":false,"max_hp_per_floor":[66,66,66,66,66,66,66,66,66,66,66,66,66,66,66,66,66],"relic_stats":{"counters":[10,32],"Ornamental Fan":[36],"obtain_stats":[{"Ornamental Fan":9,"Frozen Egg 2":6,"Paper Crane":14,"White Beast Statue":13,"Ring of the Snake":0},{"Ornamental Fan":6,"Frozen Egg 2":5,"Paper Crane":9,"White Beast Statue":8,"Ring of the Snake":0},{"Ornamental Fan":15,"Frozen Egg 2":12,"Paper Crane":23,"White Beast Statue":18,"Ring of the Snake":0}],"Ring of the Snake":[20]},"card_choices":[{"not_picked":["Night Terror","Corpse Explosion"],"picked":"Die Die Die","floor":0},{"not_picked":["PiercingWail","Concentrate"],"picked":"Masterful Stab","floor":1},{"not_picked":["Concentrate","Dagger Spray"],"picked":"Underhanded Strike","floor":2},{"not_picked":["Blur","Setup"],"picked":"Deadly Poison","floor":3},{"not_picked":["Dodge and Roll","Crippling Poison"],"picked":"Slice","floor":5},{"not_picked":["Concentrate","Distraction"],"picked":"Deflect","floor":6},{"not_picked":["Masterful Stab","Choke"],"picked":"Predator","floor":7},{"not_picked":["Underhanded Strike","Quick Slash"],"picked":"Unload","floor":10},{"not_picked":["Blur","Setup"],"picked":"Dagger Throw","floor":12},{"not_picked":["Underhanded Strike","Eviscerate"],"picked":"Prepared","floor":14}],"player_experience":1976057,"relics_obtained":[{"floor":6,"key":"Frozen Egg 2"},{"floor":9,"key":"Ornamental Fan"},{"floor":14,"key":"Paper Crane"}],"event_choices":[{"cards_removed":["Defend_G"],"damage_healed":0,"gold_gain":0,"player_choice":"Card Removal","damage_taken":7,"max_hp_gain":0,"max_hp_loss":0,"event_name":"Golden Wing","floor":4,"gold_loss":0},{"damage_healed":0,"gold_gain":0,"player_choice":"Ignored","damage_taken":0,"max_hp_gain":0,"max_hp_loss":0,"event_name":"Shining Light","floor":11,"gold_loss":0},{"damage_healed":0,"gold_gain":0,"player_choice":"Success","damage_taken":11,"relics_obtained":["White Beast Statue"],"max_hp_gain":0,"max_hp_loss":0,"event_name":"Scrap Ooze","floor":13,"gold_loss":0}],"is_beta":false,"boss_relics":[],"items_purged_floors":[],"is_endless":false,"potions_floor_spawned":[3,10,14],"killed_by":"The Guardian","ascension_level":15}}