{"host":"00hnegvzcini4bfc","time":1609583909,"event":{"mods":["2.2 Compatiblity","BaseMod","Colored Map","Highlight Path","Minty Spire (QoL Compilation)","Prisma Mod","Quick Restart","StSLib","SuperFastMode","everything is the same but u backflip on backflip"],"gold_per_floor":[119,194,194,211,54,81,81,95,95,95,113,113,113,130,130,231,231,250,270,180,200,470,470,480,510,510,425,438,438,60,77,77,176,176,193,193,243,16,71,71,85,7,33,45,57,101,138,179,191,203],"floor_reached":51,"playtime":1872,"items_purged":["Strike_R"],"score":771,"play_id":"69606351-fad1-4f28-bf71-135a1c4af1e0","local_time":"20210102193829","is_ascension_mode":false,"campfire_choices":[{"data":"Cleave","floor":7.0,"key":"SMITH"},{"data":"Anger","floor":12.0,"key":"SMITH"},{"data":"Bash","floor":15.0,"key":"SMITH"},{"data":"Metallicize","floor":23,"key":"SMITH"},{"data":"1","floor":32,"key":"LIFT"},{"data":"2","floor":40,"key":"LIFT"},{"data":"3","floor":44,"key":"LIFT"},{"data":"Inflame","floor":49,"key":"SMITH"}],"circlet_count":0,"master_deck":["Strike_R","Strike_R+1","Strike_R","Defend_R","Defend_R","Defend_R","Defend_R","Bash+1","Flex","Pommel Strike","Cleave+1","Thunderclap","Carnage","Disarm","Inflame+1","Metallicize+1","Inflame+1","Reaper","Iron Wave","Necronomicurse","Dropkick+1","Shockwave+1","Armaments+1","Whirlwind+1","Metallicize","Iron Wave+1"],"relics":["Burning Blood","Oddly Smooth Stone","Nunchaku","Self Forming Clay","WarpedTongs","Coffee Dripper","Girya","Ornamental Fan","Strawberry","Necronomicon","Lee\u0027s Waffle","Happy Flower","Busted Crown","CaptainsWheel","HandDrill","Charon\u0027s Ashes","MawBank","Pen Nib","Anchor","Pantograph"],"acts_visited":["Exordium","TheCity","TheBeyond"],"potions_floor_usage":[25,25,25,28,33,33,46,50,50],"damage_taken":[{"damage":1.0,"enemies":"Jaw Worm","floor":1.0,"turns":3.0},{"damage":1.0,"enemies":"Cultist","floor":4.0,"turns":3.0},{"damage":32.0,"enemies":"Gremlin Nob","floor":6.0,"turns":5.0},{"damage":1.0,"enemies":"Small Slimes","floor":8.0,"turns":4.0},{"damage":6.0,"enemies":"2 Fungi Beasts","floor":11.0,"turns":2.0},{"damage":11.0,"enemies":"Red Slaver","floor":14.0,"turns":2.0},{"damage":36.0,"enemies":"The Guardian","floor":16.0,"turns":8.0},{"damage":16,"enemies":"2 Thieves","floor":18,"turns":3},{"damage":14,"enemies":"Shell Parasite","floor":19,"turns":5},{"damage":16,"enemies":"Shelled Parasite and Fungi","floor":21,"turns":4},{"damage":12,"enemies":"3 Cultists","floor":24,"turns":5},{"damage":7,"enemies":"Slavers","floor":25,"turns":5},{"damage":0,"enemies":"Snake Plant","floor":28,"turns":2},{"damage":9,"enemies":"Centurion and Healer","floor":31,"turns":5},{"damage":16,"enemies":"Champ","floor":33,"turns":6},{"damage":15,"enemies":"3 Darklings","floor":35,"turns":4},{"damage":22,"enemies":"Mind Bloom Boss Battle","floor":37,"turns":5},{"damage":3,"enemies":"2 Orb Walkers","floor":39,"turns":3},{"damage":5,"enemies":"Orb Walker","floor":41,"turns":2},{"damage":24,"enemies":"Nemesis","floor":46,"turns":4},{"damage":27,"enemies":"Reptomancer","floor":48,"turns":4},{"damage":40,"enemies":"Awakened One","floor":50,"turns":7}],"seed_played":"-2650661117221323835","potions_obtained":[{"floor":6.0,"key":"BlessingOfTheForge"},{"floor":8.0,"key":"LiquidMemories"},{"floor":19,"key":"ColorlessPotion"},{"floor":25,"key":"SneckoOil"},{"floor":28,"key":"LiquidBronze"},{"floor":31,"key":"Dexterity Potion"},{"floor":37,"key":"DistilledChaos"},{"floor":41,"key":"LiquidBronze"},{"floor":48,"key":"Regen Potion"}],"is_trial":false,"path_per_floor":["M","?","?","M","$","E","R","M","T","$","M","R","?","M","R","B",null,"M","M","?","M","?","R","M","E","T","?","M","?","$","M","R","B",null,"M","?","?","$","?","R","M","$","T","R","?","E","T","E","R","B",null],"character_chosen":"IRONCLAD","items_purchased":["Oddly Smooth Stone","Lee\u0027s Waffle","Happy Flower","HandDrill","EssenceOfSteel","Metallicize"],"campfire_rested":0,"item_purchase_floors":[5,30,30,38,38,42],"current_hp_per_floor":[80,69,69,74,74,48,48,53,53,53,53,53,53,48,48,18,80,70,62,62,52,25,25,19,18,18,25,36,20,94,92,92,94,94,94,94,78,78,81,81,82,82,82,82,82,66,66,68,68,74],"gold":215,"neow_bonus":"","is_daily":false,"chose_seed":false,"campfire_upgraded":5,"win_rate":0.0,"timestamp":1609583909,"path_taken":["M","?","?","M","$","E","R","M","T","$","?","R","?","?","R","BOSS","M","M","?","?","?","R","?","E","T","?","M","?","$","M","R","BOSS","M","?","?","$","?","R","M","$","T","R","?","E","?","E","R","BOSS"],"items_purchased_type":["Relic","Relic","Relic","Relic","Potion","Card"],"build_version":"2020-12-22","purchased_purges":1,"victory":true,"max_hp_per_floor":[80,80,80,80,80,80,80,80,80,80,80,80,80,80,80,80,80,80,80,80,80,80,80,80,80,80,87,87,87,94,94,94,94,94,94,94,94,94,94,94,94,94,94,94,94,94,94,94,94,94],"card_choices":[{"not_picked":["Searing Blow","Anger"],"picked":"Flex","floor":1.0},{"not_picked":["Shrug It Off","Body Slam"],"picked":"Pommel Strike","floor":4.0},{"not_picked":["Clothesline","Sword Boomerang"],"picked":"Cleave","floor":6.0},{"not_picked":["Bloodletting","Shrug It Off"],"picked":"Thunderclap","floor":8.0},{"not_picked":["Body Slam","True Grit"],"picked":"Anger","floor":11.0},{"not_picked":["Pommel Strike","Reckless Charge"],"picked":"Carnage","floor":14.0},{"not_picked":["Perfected Strike","Second Wind"],"picked":"Disarm","floor":18},{"not_picked":["Clothesline","Shrug It Off"],"picked":"Inflame+1","floor":19},{"not_picked":["Dark Embrace+1","Thunderclap"],"picked":"Metallicize","floor":21},{"not_picked":["Reckless Charge","True Grit"],"picked":"Inflame","floor":24},{"not_picked":["Power Through","Flex"],"picked":"Reaper","floor":25},{"not_picked":["Headbutt","Dark Embrace+1"],"picked":"Iron Wave","floor":28},{"not_picked":["Warcry+1","Feel No Pain"],"picked":"Dropkick+1","floor":31},{"not_picked":[],"picked":"Shockwave+1","floor":35},{"not_picked":[],"picked":"Armaments+1","floor":39},{"not_picked":[],"picked":"Whirlwind+1","floor":41},{"not_picked":[],"picked":"Iron Wave+1","floor":46},{"not_picked":["Iron Wave+1"],"picked":"SKIP","floor":48}],"player_experience":0,"relics_obtained":[{"floor":6.0,"key":"Nunchaku"},{"floor":9.0,"key":"Self Forming Clay"},{"floor":25,"key":"Girya"},{"floor":26,"key":"Ornamental Fan"},{"floor":29,"key":"Necronomicon"},{"floor":37,"key":"CaptainsWheel"},{"floor":39,"key":"Charon\u0027s Ashes"},{"floor":43,"key":"MawBank"},{"floor":46,"key":"Pen Nib"},{"floor":47,"key":"Anchor"},{"floor":48,"key":"Pantograph"}],"event_choices":[{"damage_healed":0.0,"max_hp_gain":0.0,"max_hp_loss":0.0,"gold_gain":75.0,"event_name":"World of Goop","player_choice":"Gather Gold","floor":2.0,"gold_loss":0.0,"damage_taken":11.0},{"cards_removed":["Strike_R"],"damage_healed":0.0,"max_hp_gain":0.0,"max_hp_loss":0.0,"gold_gain":0.0,"event_name":"Wheel of Change","player_choice":"Card Removal","floor":3.0,"gold_loss":0.0,"damage_taken":0.0},{"damage_healed":0.0,"max_hp_gain":0.0,"max_hp_loss":0.0,"gold_gain":0.0,"event_name":"Accursed Blacksmith","player_choice":"Rummage","floor":13.0,"gold_loss":0.0,"damage_taken":0.0,"relics_obtained":["WarpedTongs"],"cards_obtained":["Pain"]},{"cards_removed":["Pain"],"damage_healed":0,"gold_gain":0,"player_choice":"Upgrade and Remove","damage_taken":0,"max_hp_gain":0,"max_hp_loss":0,"event_name":"Designer","floor":20,"gold_loss":90,"cards_upgraded":["Strike_R"]},{"damage_healed":0,"gold_gain":270,"player_choice":"GOLD GOLD GOLD ","damage_taken":27,"max_hp_gain":0,"max_hp_loss":0,"event_name":"Knowing Skull","floor":22,"potions_obtained":[],"gold_loss":0,"cards_obtained":[]},{"damage_healed":0,"gold_gain":0,"player_choice":"Obtained Relic","damage_taken":0,"relics_obtained":["Strawberry"],"max_hp_gain":0,"max_hp_loss":0,"event_name":"Addict","floor":27,"gold_loss":85},{"damage_healed":0,"gold_gain":0,"player_choice":"Obtained Book","damage_taken":16,"max_hp_gain":0,"max_hp_loss":0,"event_name":"Cursed Tome","floor":29,"gold_loss":0},{"damage_healed":0,"gold_gain":0,"player_choice":"Ignored","damage_taken":0,"max_hp_gain":0,"max_hp_loss":0,"event_name":"Tomb of Lord Red Mask","floor":36,"gold_loss":0},{"damage_healed":0,"gold_gain":0,"player_choice":"Fight","damage_taken":0,"max_hp_gain":0,"max_hp_loss":0,"event_name":"MindBloom","floor":37,"gold_loss":0},{"damage_healed":0,"gold_gain":0,"player_choice":"Fight","damage_taken":0,"max_hp_gain":0,"max_hp_loss":0,"event_name":"Mysterious Sphere","floor":39,"gold_loss":0},{"cards_removed":["Anger"],"damage_healed":0,"gold_gain":0,"player_choice":"Removed Attack","damage_taken":0,"max_hp_gain":0,"max_hp_loss":0,"event_name":"Falling","floor":45,"gold_loss":0}],"is_beta":false,"boss_relics":[{"not_picked":["Empty Cage","Runic Dome"],"picked":"Coffee Dripper"},{"not_picked":["Astrolabe","Snecko Eye"],"picked":"Busted Crown"}],"items_purged_floors":[30],"is_endless":false,"potions_floor_spawned":[6,8,19,25,28,31,37,41,48],"ascension_level":0}}