{"host":"5fasz840ryq7obdf","time":1609581019,"event":{"mods":["AchievementEnabler","BaseMod","Bestiary","Better Altar","Better Skull","Better Third Choice","BetterRewards","Block Reminder","Colored Powertips","Curses Come First","Highlight Path","Minty Spire (QoL Compilation)","Quick Restart","Relic Sorter","Relic Stats","Replay The Spire","Shop Mod","Spicy Shops","StSLib","SuperFastMode","ojb\u0027s Better Paths Mod","ojb\u0027s Info Mod"],"gold_per_floor":[109,109,26,301,70,70,103,103,103,103,138,154,172,215,215,308,308,322,551,476,391,416,416,416],"floor_reached":23,"playtime":1355,"items_purged":["Regret"],"score":435,"play_id":"e2e00ccc-ee8c-47b0-b16c-0996ca1dabef","local_time":"20210102095019","is_ascension_mode":true,"campfire_choices":[{"data":"Storm","floor":6.0,"key":"SMITH"},{"floor":8.0,"key":"REST"},{"data":"Defragment","floor":10.0,"key":"SMITH"}],"circlet_count":0,"master_deck":["AscendersBane","Strike_B","Strike_B","Strike_B","Defend_B","Defend_B","Defend_B","Defend_B","Zap","Dualcast","Storm+1","Defragment+1","ReplayUltimateDefense","Capacitor+1","Hologram","Ball Lightning","Crystallizer","Doom and Gloom","Self Repair","BasicCrystalCard","Capacitor","ReplayTheSpireMod:Calculation Training","Genetic Algorithm","Doom and Gloom","Reinforced Body","Creative AI","Redo+1","Static Discharge+1","Conserve Battery+1"],"relics":["Cracked Core","Happy Flower","Replay:Ringing Soul","Golden Idol","Turnip","Replay:Bottled Flurry","Replay:Multitool","Toy Ornithopter","Runic Pyramid","Darkstone Periapt"],"acts_visited":["Exordium","TheCity"],"potions_floor_usage":[23,23],"damage_taken":[{"damage":1.0,"enemies":"Cultist","floor":1.0,"turns":4.0},{"damage":30.0,"enemies":"3 Sentries","floor":7.0,"turns":5.0},{"damage":29.0,"enemies":"Gremlin Nob","floor":11.0,"turns":4.0},{"damage":5.0,"enemies":"Small Slimes","floor":12.0,"turns":2.0},{"damage":14.0,"enemies":"2 Louse","floor":13.0,"turns":3.0},{"damage":4.0,"enemies":"Lagavulin","floor":14.0,"turns":8.0},{"damage":16.0,"enemies":"Hexaghost","floor":16.0,"turns":8.0},{"damage":7.0,"enemies":"Spheric Guardian","floor":18.0,"turns":4.0},{"damage":18.0,"enemies":"2 Thieves","floor":22.0,"turns":3.0},{"damage":53,"enemies":"Slavers","floor":23,"turns":3}],"seed_played":"-1509042125018752477","potions_obtained":[{"floor":1.0,"key":"Swift Potion"},{"floor":11.0,"key":"SkillPotion"},{"floor":16.0,"key":"Energy Potion"},{"floor":18.0,"key":"LiquidMemories"}],"is_trial":false,"path_per_floor":["M","?","$","?","$","R","E","R","T","R","E","M","M","E","R","B",null,"M","?","?","?","M","E"],"character_chosen":"DEFECT","items_purchased":["Happy Flower","Storm","Defragment","ReplayUltimateDefense","Capacitor","Hologram","Ball Lightning","Doom and Gloom","Self Repair","BasicCrystalCard"],"campfire_rested":1,"item_purchase_floors":[0,0,0,0,0,0,0,3,5,5],"current_hp_per_floor":[26,26,29,32,35,35,15,38,38,38,19,17,6,12,39,33,79,82,53,53,53,38,0,0],"gold":416,"neow_bonus":"","is_daily":false,"chose_seed":false,"campfire_upgraded":2,"win_rate":0.0,"timestamp":1609581019,"path_taken":["M","?","$","?","$","R","E","R","T","R","E","M","?","E","R","BOSS","M","?","?","?","M","E"],"items_purchased_type":["Relic","Card","Card","Card","Card","Card","Card","Card","Card","Card"],"build_version":"2020-12-22","purchased_purges":1,"victory":false,"max_hp_per_floor":[74,67,70,73,76,76,79,79,79,79,82,85,88,91,91,94,94,97,100,100,100,103,103,103],"relic_stats":{"Darkstone Periapt":0,"Happy Flower":[14],"counters":[169,793],"Golden Idol":103,"Turnip":[5],"obtain_stats":[{"Ice Cream":0,"Divine Protection":40,"Golden Egg":0,"CeramicFish":31,"Vajra":9,"Runic Capacitor":0,"Raider\u0027s Mask":0,"Whetstone":39,"Boot":22,"FrozenCore":0,"Sozu":17,"Replay:Ringing Soul":0,"Centennial Puzzle":27,"Replay:Frozen Program":0,"DollysMirror":31,"Strawberry":9,"Prayer Wheel":18,"MealTicket":9,"Iron Hammer":23,"HandDrill":0,"Replay:Bottled Flurry":9,"Kunai":25,"Replay:Wax Seal":39,"Replay:Bottled Steam":7,"MerchantsRug":39,"Happy Flower":19,"Blue Candle":25,"Oddly Smooth Stone":0,"Velvet Choker":17,"Pen Nib":6,"Akabeko":8,"Cables":0,"WarpedTongs":4,"SlaversCollar":34,"OrangePellets":0,"Replay:Baseball":8,"Bottled Flame":9,"ReplayTheSpireMod:Shallot":38,"Shuriken":9,"Simple Rune":6,"ReplayTheSpireMod:TigerMarble":8,"Symbiotic Virus":0,"StrikeDummy":44,"ReplayTheSpireMod:DimensionalGlitch":17,"Meat on the Bone":11,"Darkstone Periapt":30,"Solar Panel":13,"Lantern":0,"Replay:PocketPolymizer":13,"Torii":0,"Singing Bowl":0,"Blue Doll":27,"Juzu Bracelet":26,"Bag of Preparation":43,"Replay:Multitool":11,"Replay:Mystery Machine":19,"Ancient Tea Set":14,"Smiling Mask":9,"ClockworkSouvenir":39,"Replay:Rubber Ducky":0,"Emotion Chip":0,"Dream Catcher":29,"Replay:Bandana":47,"Nunchaku":6,"TheAbacus":3,"Mummified Hand":9,"Gambling Chip":6,"Tiny Chest":0,"WingedGreaves":31,"Red Mask":20,"Replay:Bottled Snecko":48,"Cracked Core":0,"InkBottle":23,"Runic Pyramid":17,"BargainBundle":0,"Golden Idol":2,"Thread and Needle":20,"PreservedInsect":28,"Geode":6,"Omamori":41,"MawBank":12,"Mercury Hourglass":6,"Nuclear Battery":17,"Peace Pipe":14,"DataDisk":25,"Busted Crown":17,"Orrery":0,"Turnip":21,"Garlic":0,"Art of War":3,"Snack Pack":6,"Coffee Dripper":34,"Membership Card":38,"ReplayTheSpireMod:Lightbulb":0,"TungstenRod":23,"Toy Ornithopter":11},{"Ice Cream":18,"Divine Protection":52,"Golden Egg":76,"CeramicFish":46,"Vajra":61,"Runic Capacitor":25,"Raider\u0027s Mask":129,"Whetstone":148,"Boot":112,"FrozenCore":67,"Sozu":9,"Replay:Ringing Soul":159,"Centennial Puzzle":114,"Replay:Frozen Program":25,"DollysMirror":17,"Strawberry":71,"Prayer Wheel":86,"MealTicket":134,"Iron Hammer":89,"HandDrill":25,"Replay:Bottled Flurry":161,"Kunai":14,"Replay:Wax Seal":148,"Replay:Bottled Steam":98,"MerchantsRug":148,"Happy Flower":10,"Blue Candle":113,"Oddly Smooth Stone":0,"Velvet Choker":39,"Pen Nib":23,"Akabeko":107,"Cables":0,"WarpedTongs":68,"SlaversCollar":47,"OrangePellets":95,"Replay:Baseball":61,"Bottled Flame":98,"ReplayTheSpireMod:Shallot":50,"Shuriken":6,"Simple Rune":133,"ReplayTheSpireMod:TigerMarble":35,"Symbiotic Virus":28,"StrikeDummy":125,"ReplayTheSpireMod:DimensionalGlitch":139,"Meat on the Bone":7,"Darkstone Periapt":17,"Solar Panel":137,"Lantern":28,"Replay:PocketPolymizer":84,"Torii":0,"Singing Bowl":0,"Blue Doll":91,"Juzu Bracelet":44,"Bag of Preparation":150,"Replay:Multitool":162,"Replay:Mystery Machine":111,"Ancient Tea Set":8,"Smiling Mask":107,"ClockworkSouvenir":148,"Replay:Rubber Ducky":153,"Emotion Chip":0,"Dream Catcher":45,"Replay:Bandana":54,"Nunchaku":80,"TheAbacus":78,"Mummified Hand":35,"Gambling Chip":5,"Tiny Chest":18,"WingedGreaves":117,"Red Mask":11,"Replay:Bottled Snecko":127,"Cracked Core":0,"InkBottle":43,"Runic Pyramid":166,"BargainBundle":76,"Golden Idol":68,"Thread and Needle":141,"PreservedInsect":16,"Geode":33,"Omamori":123,"MawBank":84,"Mercury Hourglass":70,"Nuclear Battery":110,"Peace Pipe":38,"DataDisk":44,"Busted Crown":85,"Orrery":0,"Turnip":41,"Garlic":56,"Art of War":96,"Snack Pack":105,"Coffee Dripper":118,"Membership Card":50,"ReplayTheSpireMod:Lightbulb":101,"TungstenRod":13,"Toy Ornithopter":108},{"Ice Cream":76,"Divine Protection":261,"Golden Egg":371,"CeramicFish":213,"Vajra":317,"Runic Capacitor":103,"Raider\u0027s Mask":576,"Whetstone":676,"Boot":506,"FrozenCore":343,"Sozu":31,"Replay:Ringing Soul":749,"Centennial Puzzle":512,"Replay:Frozen Program":103,"DollysMirror":66,"Strawberry":358,"Prayer Wheel":410,"MealTicket":591,"Iron Hammer":426,"HandDrill":103,"Replay:Bottled Flurry":758,"Kunai":50,"Replay:Wax Seal":676,"Replay:Bottled Steam":457,"MerchantsRug":676,"Happy Flower":35,"Blue Candle":509,"Oddly Smooth Stone":0,"Velvet Choker":164,"Pen Nib":97,"Akabeko":485,"Cables":0,"WarpedTongs":346,"SlaversCollar":227,"OrangePellets":449,"Replay:Baseball":317,"Bottled Flame":457,"ReplayTheSpireMod:Shallot":241,"Shuriken":18,"Simple Rune":588,"ReplayTheSpireMod:TigerMarble":144,"Symbiotic Virus":113,"StrikeDummy":554,"ReplayTheSpireMod:DimensionalGlitch":612,"Meat on the Bone":21,"Darkstone Periapt":66,"Solar Panel":603,"Lantern":113,"Replay:PocketPolymizer":397,"Torii":0,"Singing Bowl":0,"Blue Doll":436,"Juzu Bracelet":192,"Bag of Preparation":682,"Replay:Multitool":762,"Replay:Mystery Machine":503,"Ancient Tea Set":24,"Smiling Mask":485,"ClockworkSouvenir":676,"Replay:Rubber Ducky":718,"Emotion Chip":0,"Dream Catcher":204,"Replay:Bandana":278,"Nunchaku":383,"TheAbacus":376,"Mummified Hand":144,"Gambling Chip":15,"Tiny Chest":76,"WingedGreaves":521,"Red Mask":36,"Replay:Bottled Snecko":562,"Cracked Core":0,"InkBottle":186,"Runic Pyramid":783,"BargainBundle":371,"Golden Idol":346,"Thread and Needle":622,"PreservedInsect":61,"Geode":130,"Omamori":543,"MawBank":397,"Mercury Hourglass":355,"Nuclear Battery":499,"Peace Pipe":158,"DataDisk":192,"Busted Crown":406,"Orrery":0,"Turnip":173,"Garlic":298,"Art of War":451,"Snack Pack":478,"Coffee Dripper":526,"Membership Card":241,"ReplayTheSpireMod:Lightbulb":467,"TungstenRod":46,"Toy Ornithopter":488}],"Toy Ornithopter":10},"card_choices":[{"not_picked":["Cold Snap","Sweeping Beam"],"picked":"Crystallizer","floor":1.0},{"not_picked":["Static Discharge","ReplayTheSpireMod:GoodbyeWorld"],"picked":"Capacitor","floor":7.0},{"not_picked":["Time Bomb","ReplayTheSpireMod:Repulse"],"picked":"ReplayTheSpireMod:Calculation Training","floor":11.0},{"not_picked":["Coolheaded","Hologram"],"picked":"Genetic Algorithm","floor":12.0},{"not_picked":["Gash","Ball Lightning"],"picked":"Doom and Gloom","floor":13.0},{"not_picked":["Chill","Biased Cognition"],"picked":"Reinforced Body","floor":14.0},{"not_picked":["ReplayTheSpireMod:Omega Cannon","Fission"],"picked":"Creative AI","floor":16.0},{"not_picked":["ReplayTheSpireMod:Repulse","FIFO Queue"],"picked":"Redo+1","floor":18.0},{"not_picked":["FTL","Reprogram"],"picked":"Static Discharge+1","floor":19.0},{"not_picked":["Panic Button","Crystallizer"],"picked":"Conserve Battery+1","floor":22.0}],"player_experience":1357414,"relics_obtained":[{"floor":7.0,"key":"Turnip"},{"floor":9.0,"key":"Replay:Bottled Flurry"},{"floor":11.0,"key":"Replay:Multitool"},{"floor":14.0,"key":"Toy Ornithopter"}],"event_choices":[{"damage_healed":0.0,"max_hp_gain":0.0,"max_hp_loss":7.0,"gold_gain":0.0,"event_name":"Golden Idol","player_choice":"Lose Max HP","floor":2.0,"gold_loss":0.0,"damage_taken":0.0,"relics_obtained":["Golden Idol"]},{"damage_healed":0.0,"max_hp_gain":0.0,"max_hp_loss":0.0,"gold_gain":275.0,"event_name":"Golden Shrine","player_choice":"Desecrate","floor":4.0,"gold_loss":0.0,"damage_taken":0.0,"cards_obtained":["Regret"]},{"cards_removed":["Strike_B"],"damage_healed":0.0,"max_hp_gain":0.0,"max_hp_loss":0.0,"gold_gain":0.0,"event_name":"Beggar","player_choice":"Gave Gold","floor":20.0,"gold_loss":75.0,"damage_taken":0.0},{"damage_healed":0.0,"max_hp_gain":0.0,"max_hp_loss":0.0,"gold_gain":0.0,"event_name":"Addict","player_choice":"Obtained Relic","floor":21.0,"gold_loss":85.0,"damage_taken":0.0,"relics_obtained":["Darkstone Periapt"]}],"is_beta":false,"boss_relics":[{"not_picked":["Calling Bell","Ectoplasm"],"picked":"Runic Pyramid"}],"items_purged_floors":[5],"is_endless":false,"potions_floor_spawned":[1,11,16,18,22],"killed_by":"Slavers","ascension_level":20}}