{"host":"amvpy7h9h10a217o","time":1609600825,"event":{"mods":["AchievementEnabler","BaseMod","Block Reminder","Challenge The Spire","Colored Powertips","GifTheSpireLib","Highlight Path","Minty Spire (QoL Compilation)","Permanent Neow","StSLib"],"gold_per_floor":[111,127,142,157,167,167,184,184,184,211,228,184,7,7,7],"floor_reached":14,"playtime":717,"items_purged":[],"score":188,"play_id":"d94439c8-f155-44c7-886c-995bde304e36","local_time":"20210102102025","is_ascension_mode":true,"campfire_choices":[{"floor":6.0,"key":"REST"},{"floor":8.0,"key":"REST"}],"circlet_count":0,"master_deck":["AscendersBane","Strike_G","Strike_G","Strike_G","Strike_G","Strike_G","Defend_G","Defend_G","Defend_G","Defend_G","Defend_G","Survivor","Neutralize","CurseOfTheBell","Endless Agony","Terror","Corpse Explosion","PiercingWail","Bane","Catalyst","Malaise"],"relics":["Calling Bell","Orichalcum","Letter Opener","The Specimen","Bottled Lightning","Dream Catcher"],"acts_visited":["Exordium"],"potions_floor_usage":[],"damage_taken":[{"damage":44.0,"enemies":"Jaw Worm","floor":1.0,"turns":10.0},{"damage":1.0,"enemies":"Small Slimes","floor":2.0,"turns":4.0},{"damage":1.0,"enemies":"2 Louse","floor":3.0,"turns":4.0},{"damage":8.0,"enemies":"Blue Slaver","floor":4.0,"turns":4.0},{"damage":3.0,"enemies":"Large Slime","floor":5.0,"turns":5.0},{"damage":2.0,"enemies":"2 Fungi Beasts","floor":7.0,"turns":4.0},{"damage":15.0,"enemies":"3 Sentries","floor":10.0,"turns":3.0},{"damage":11.0,"enemies":"Red Slaver","floor":11.0,"turns":5.0},{"damage":23,"enemies":"Gremlin Nob","floor":14,"turns":3}],"seed_played":"2122467396339290467","potions_obtained":[{"floor":1.0,"key":"Poison Potion"},{"floor":2.0,"key":"Fire Potion"},{"floor":7.0,"key":"Explosive Potion"}],"is_trial":false,"path_per_floor":["M","M","M","M","M","R","M","R","T","E","M","?","$","E"],"character_chosen":"THE_SILENT","items_purchased":["Malaise"],"campfire_rested":2,"item_purchase_floors":[13],"current_hp_per_floor":[15,14,13,5,2,21,19,38,38,23,12,12,12,0,0],"gold":7,"neow_bonus":"BOSS_RELIC","is_daily":false,"chose_seed":false,"campfire_upgraded":0,"win_rate":0.0,"timestamp":1609600825,"path_taken":["M","M","M","M","M","R","M","R","T","E","M","?","$","E"],"items_purchased_type":["Card"],"build_version":"2020-12-22","purchased_purges":0,"victory":false,"max_hp_per_floor":[66,66,66,66,66,66,66,66,66,66,66,66,66,66,66],"card_choices":[{"not_picked":["Prepared","Blade Dance"],"picked":"Endless Agony","floor":1.0},{"not_picked":["Poisoned Stab","Dagger Throw"],"picked":"Terror","floor":2.0},{"not_picked":["Flying Knee","Dodge and Roll"],"picked":"Corpse Explosion","floor":3.0},{"not_picked":["Dodge and Roll","Tactician","Outmaneuver"],"picked":"SKIP","floor":4.0},{"not_picked":["Outmaneuver","Dodge and Roll"],"picked":"PiercingWail","floor":5.0},{"not_picked":["Outmaneuver","Slice","Blade Dance"],"picked":"SKIP","floor":7.0},{"not_picked":["Dodge and Roll","Outmaneuver"],"picked":"Bane","floor":10.0},{"not_picked":["Blur","Bane"],"picked":"Catalyst","floor":11.0}],"player_experience":1411349,"relics_obtained":[{"floor":0.0,"key":"Orichalcum"},{"floor":0.0,"key":"Letter Opener"},{"floor":0.0,"key":"The Specimen"},{"floor":9.0,"key":"Bottled Lightning"},{"floor":10.0,"key":"Dream Catcher"}],"event_choices":[{"damage_healed":0.0,"max_hp_gain":0.0,"max_hp_loss":0.0,"gold_gain":0.0,"event_name":"World of Goop","player_choice":"Left Gold","floor":12.0,"gold_loss":44.0,"damage_taken":0.0}],"is_beta":false,"boss_relics":[],"items_purged_floors":[],"is_endless":false,"potions_floor_spawned":[1,2,7],"killed_by":"Gremlin Nob","ascension_level":20}}