{"host":"2820e8i2y38gm4bp","time":1609617197,"event":{"mods":["2.2 Compatiblity","Act Like it!","BaseMod","Better Note","BetterRewards","Downfall","Elementarium","GungeonMod","Hubris","Marisa????????","Minty Spire (QoL Compilation)","Rare Cards Sparkle","Replay The Spire","Shop Mod","StSLib","The Cursed","The Jungle"],"gold_per_floor":[119,138,138,154,169,197,13,13,88,98,117,42,42,75,75,75,75],"floor_reached":16,"playtime":863,"items_purged":["DemoMod:Strike_Huntress"],"score":112,"play_id":"be73c4fc-a84a-4c13-9c32-0906912a81ce","local_time":"20210102145317","is_ascension_mode":false,"campfire_choices":[{"floor":8,"key":"REST"},{"floor":13,"key":"REST"},{"data":"DemoMod:HungryBullets","floor":15,"key":"SMITH"}],"circlet_count":0,"master_deck":["DemoMod:Strike_Huntress","DemoMod:Defend_Huntress","DemoMod:Defend_Huntress","DemoMod:Defend_Huntress","DemoMod:Defend_Huntress","DemoMod:Roll","DemoMod:ManualReload","DemoMod:RustySidearm","DemoMod:CrossBow","DemoMod:MegaHand","DemoMod:SkilledReload","DemoMod:PracticeMakesPerfect","DemoMod:EasyReloadBullets","DemoMod:ZorGun","DemoMod:AC15","DemoMod:HungryBullets+1","DemoMod:DarkMarker"],"relics":["DemoMod:Dog","Juzu Bracelet","DemoMod:GnawedKey","hubris:CrystalStatue","The Courier"],"acts_visited":["Exordium"],"potions_floor_usage":[2,11,14,16],"damage_taken":[{"damage":1,"enemies":"Jaw Worm","floor":1,"turns":4},{"damage":0,"enemies":"Cultist","floor":2,"turns":2},{"damage":0,"enemies":"2 Louse","floor":4,"turns":2},{"damage":20,"enemies":"Large Slime","floor":5,"turns":9},{"damage":47,"enemies":"Lagavulin","floor":6,"turns":8},{"damage":11,"enemies":"Lots of Slimes","floor":10,"turns":4},{"damage":0,"enemies":"3 Louse","floor":11,"turns":2},{"damage":20,"enemies":"3 Sentries","floor":14,"turns":8},{"damage":27,"enemies":"The Guardian","floor":16,"turns":10}],"seed_played":"-5944149110932081403","potions_obtained":[{"floor":1,"key":"Fire Potion"},{"floor":2,"key":"Strength Potion"},{"floor":4,"key":"Swift Potion"},{"floor":10,"key":"Energy Potion"}],"is_trial":false,"path_per_floor":["M","M","?","M","M","E","$","R","T","M","M","$","R","E","R","B"],"character_chosen":"HUNTRESS","items_purchased":["DemoMod:GnawedKey","DemoMod:ZorGun"],"campfire_rested":2,"item_purchase_floors":[7,7],"current_hp_per_floor":[76,76,76,76,56,9,9,32,32,21,21,21,44,24,24,0,0],"gold":75,"neow_bonus":"TEN_PERCENT_HP_BONUS","is_daily":false,"chose_seed":false,"campfire_upgraded":1,"win_rate":0.0,"timestamp":1609617197,"path_taken":["M","M","?","M","?","E","$","R","T","M","M","?","R","E","R","BOSS"],"items_purchased_type":["Relic","Card"],"build_version":"2020-12-22","purchased_purges":1,"victory":false,"max_hp_per_floor":[77,77,77,77,77,77,77,77,77,77,77,77,77,77,77,77,77],"card_choices":[{"not_picked":["DemoMod:DoubleSwitch","DemoMod:BoxingGlove"],"picked":"DemoMod:MegaHand","floor":1},{"not_picked":["DemoMod:StickyCrossBow","DemoMod:HighKaliber"],"picked":"DemoMod:SkilledReload","floor":2},{"not_picked":["DemoMod:CursedBullets","DemoMod:Unity"],"picked":"DemoMod:PracticeMakesPerfect","floor":4},{"not_picked":["DemoMod:FeignSurrender","DemoMod:Rummage","DemoMod:ConditionalReflex"],"picked":"SKIP","floor":5},{"not_picked":["DemoMod:BoxingGlove","DemoMod:ProbeStrike"],"picked":"DemoMod:EasyReloadBullets","floor":6},{"not_picked":["DemoMod:TeaPot","DemoMod:Rummage"],"picked":"DemoMod:AC15","floor":10},{"not_picked":["DemoMod:GunShield","DemoMod:FeignSurrender"],"picked":"DemoMod:HungryBullets","floor":11},{"not_picked":["DemoMod:ChanceBullets","DemoMod:Ejector"],"picked":"DemoMod:DarkMarker","floor":14}],"player_experience":510429,"relics_obtained":[{"floor":6,"key":"Juzu Bracelet"},{"floor":9,"key":"hubris:CrystalStatue"},{"floor":14,"key":"The Courier"}],"event_choices":[{"cards_removed":["DemoMod:Strike_Huntress"],"damage_healed":0,"gold_gain":0,"player_choice":"Purged","damage_taken":0,"max_hp_gain":0,"max_hp_loss":0,"event_name":"Purifier","floor":3,"gold_loss":0}],"is_beta":false,"boss_relics":[],"items_purged_floors":[12],"is_endless":false,"potions_floor_spawned":[1,2,4,10],"killed_by":"The Guardian","ascension_level":0}}