{"host":"p7j7o00jacnw7qzt","time":1609570370,"event":{"mods":["BaseMod","Colored Map","Colored Powertips","DeckTracker","Highlight Path","Minty Spire (QoL Compilation)","Relic Stats"],"gold_per_floor":[112,127,141,155,80,80,110,110,136,136,147,147,180,61,61,134,134,144,170,170,186,111,111,129,129,129,145,145,145,145,165,165,248,248,276,498,517,534,552,578,594,594,594,629,629,629,464,495,495,495,495,495,495,36,64,64],"floor_reached":57,"playtime":1997,"items_purged":["Strike_R"],"score":2896,"play_id":"734e6ba3-780c-4b69-800d-4224ed2a4259","local_time":"20210102015250","is_ascension_mode":true,"campfire_choices":[{"data":"Searing Blow","floor":6.0,"key":"SMITH"},{"data":"Searing Blow+1","floor":10.0,"key":"SMITH"},{"data":"Searing Blow+2","floor":12.0,"key":"SMITH"},{"data":"Searing Blow+3","floor":15.0,"key":"SMITH"},{"data":"Corruption","floor":23.0,"key":"SMITH"},{"data":"Dark Embrace","floor":25.0,"key":"SMITH"},{"data":"Searing Blow+4","floor":30.0,"key":"SMITH"},{"data":"Searing Blow+5","floor":32.0,"key":"SMITH"},{"data":"Searing Blow+6","floor":42,"key":"SMITH"},{"data":"Shockwave","floor":45,"key":"SMITH"},{"floor":49,"key":"RECALL"},{"data":"Searing Blow+7","floor":53,"key":"SMITH"}],"circlet_count":0,"master_deck":["AscendersBane","Defend_R","Defend_R","Defend_R","Defend_R","Searing Blow+8","Offering","Disarm","Corruption+1","Dark Embrace+1","Shrug It Off","Reaper","Evolve","Impervious","Shockwave+1","Madness","Madness","Ghostly Armor","Flex"],"relics":["Burning Blood","Incense Burner","Blood Vial","Akabeko","Anchor","Coffee Dripper","Red Mask","CeramicFish","Snecko Eye","Kunai","Blue Candle","Letter Opener","Centennial Puzzle","Bag of Preparation","TungstenRod","Oddly Smooth Stone"],"acts_visited":["Exordium","TheCity","TheBeyond","TheEnding"],"potions_floor_usage":[51,56],"damage_taken":[{"damage":1.0,"enemies":"Cultist","floor":1.0,"turns":3.0},{"damage":8.0,"enemies":"Jaw Worm","floor":2.0,"turns":5.0},{"damage":5.0,"enemies":"Small Slimes","floor":3.0,"turns":3.0},{"damage":5.0,"enemies":"2 Fungi Beasts","floor":4.0,"turns":4.0},{"damage":21.0,"enemies":"Lagavulin","floor":7.0,"turns":6.0},{"damage":8.0,"enemies":"Large Slime","floor":11.0,"turns":7.0},{"damage":1.0,"enemies":"Gremlin Nob","floor":13.0,"turns":3.0},{"damage":49.0,"enemies":"Hexaghost","floor":16.0,"turns":10.0},{"damage":6.0,"enemies":"Spheric Guardian","floor":18.0,"turns":3.0},{"damage":14.0,"enemies":"Masked Bandits","floor":19.0,"turns":3.0},{"damage":6.0,"enemies":"2 Thieves","floor":21.0,"turns":4.0},{"damage":6.0,"enemies":"Centurion and Healer","floor":24.0,"turns":4.0},{"damage":7.0,"enemies":"Shelled Parasite and Fungi","floor":27.0,"turns":3.0},{"damage":7.0,"enemies":"Snecko","floor":31.0,"turns":3.0},{"damage":38.0,"enemies":"Champ","floor":33.0,"turns":9.0},{"damage":6,"enemies":"3 Shapes","floor":35,"turns":3},{"damage":6,"enemies":"Orb Walker","floor":37,"turns":1},{"damage":1,"enemies":"Maw","floor":38,"turns":6},{"damage":44,"enemies":"Giant Head","floor":40,"turns":6},{"damage":6,"enemies":"Sphere and 2 Shapes","floor":41,"turns":2},{"damage":8,"enemies":"Reptomancer","floor":44,"turns":2},{"damage":6,"enemies":"Giant Head","floor":48,"turns":2},{"damage":6,"enemies":"Donu and Deca","floor":50,"turns":4},{"damage":10,"enemies":"Awakened One","floor":51,"turns":4},{"damage":5,"enemies":"Shield and Spear","floor":55,"turns":5},{"damage":26,"enemies":"The Heart","floor":56,"turns":6}],"seed_played":"2250862351193535893","potions_obtained":[{"floor":1.0,"key":"LiquidMemories"},{"floor":2.0,"key":"Dexterity Potion"},{"floor":7.0,"key":"Strength Potion"},{"floor":18.0,"key":"LiquidMemories"},{"floor":27.0,"key":"BlessingOfTheForge"},{"floor":31.0,"key":"SkillPotion"},{"floor":35,"key":"Energy Potion"},{"floor":37,"key":"DistilledChaos"},{"floor":48,"key":"FearPotion"}],"is_trial":false,"path_per_floor":["M","M","M","M","?","R","E","?","T","R","M","R","E","$","R","B",null,"M","?","?","M","?","R","M","R","T","M","?","T","R","M","R","B",null,"M","?","M","M","?","E","M","R","T","E","R","$","$","E","R","B","B",null,"R","$","E","B",null],"character_chosen":"IRONCLAD","items_purchased":["Disarm","Centennial Puzzle","TungstenRod","Ghostly Armor","Flex","PowerPotion"],"campfire_rested":0,"item_purchase_floors":[14,47,54,54,54,54],"current_hp_per_floor":[55,53,54,55,55,55,40,45,45,45,45,45,52,52,52,11,63,65,59,59,66,66,66,80,80,80,80,80,80,80,80,80,54,74,80,80,80,80,66,48,74,74,74,80,80,80,80,80,80,80,80,80,80,80,80,60],"gold":64,"neow_bonus":"ONE_RARE_RELIC","is_daily":false,"chose_seed":false,"campfire_upgraded":11,"win_rate":0.0,"timestamp":1609570370,"path_taken":["M","M","M","?","?","R","E","?","T","R","M","R","E","$","R","BOSS","M","?","?","M","?","R","M","R","T","M","?","?","R","M","R","BOSS","M","?","M","M","?","E","M","R","T","E","R","?","$","E","R","BOSS","BOSS","R","$","E","BOSS"],"items_purchased_type":["Card","Relic","Relic","Card","Card","Potion"],"build_version":"2020-12-22","purchased_purges":1,"victory":true,"max_hp_per_floor":[75,75,75,75,75,75,75,80,80,80,80,80,80,80,80,80,80,80,80,80,80,80,80,80,80,80,80,80,80,80,80,80,80,80,80,80,80,80,80,80,80,80,80,80,80,80,80,80,80,80,80,80,80,80,80,80],"relic_stats":{"Blood Vial":22,"Centennial Puzzle":[15],"counters":[26,111],"CeramicFish":54,"Blue Candle":[2],"Snecko Eye":[89,101,84,92],"Bag of Preparation":[8],"Kunai":[7],"Letter Opener":[105],"obtain_stats":[{"CeramicFish":29,"Blue Candle":43,"Oddly Smooth Stone":55,"Incense Burner":0,"Bag of Preparation":48,"Letter Opener":44,"Burning Blood":0,"Akabeko":9,"Blood Vial":7,"Anchor":13,"Centennial Puzzle":47,"Snecko Eye":34,"Coffee Dripper":17,"Red Mask":19,"Kunai":40,"TungstenRod":54},{"CeramicFish":13,"Blue Candle":20,"Oddly Smooth Stone":25,"Incense Burner":0,"Bag of Preparation":22,"Letter Opener":21,"Burning Blood":0,"Akabeko":5,"Blood Vial":5,"Anchor":7,"Centennial Puzzle":21,"Snecko Eye":15,"Coffee Dripper":8,"Red Mask":10,"Kunai":19,"TungstenRod":24},{"CeramicFish":58,"Blue Candle":88,"Oddly Smooth Stone":105,"Incense Burner":0,"Bag of Preparation":92,"Letter Opener":90,"Burning Blood":0,"Akabeko":21,"Blood Vial":21,"Anchor":31,"Centennial Puzzle":90,"Snecko Eye":70,"Coffee Dripper":41,"Red Mask":47,"Kunai":86,"TungstenRod":100}],"Burning Blood":116,"TungstenRod":21},"card_choices":[{"not_picked":["Metallicize","Cleave","Dropkick"],"picked":"SKIP","floor":1.0},{"not_picked":["Uppercut","True Grit","Twin Strike"],"picked":"SKIP","floor":2.0},{"not_picked":["Body Slam","Barricade"],"picked":"Searing Blow","floor":3.0},{"not_picked":["Flame Barrier","Anger","Flex"],"picked":"SKIP","floor":4.0},{"not_picked":["Havoc","Searing Blow","Sentinel"],"picked":"SKIP","floor":7.0},{"not_picked":["Thunderclap","Heavy Blade","Rupture"],"picked":"SKIP","floor":11.0},{"not_picked":["Disarm","Anger"],"picked":"Offering","floor":13.0},{"not_picked":["Immolate","Demon Form"],"picked":"Corruption","floor":16.0},{"not_picked":["Inflame","Searing Blow","Thunderclap"],"picked":"SKIP","floor":18.0},{"not_picked":["Fire Breathing","Battle Trance"],"picked":"Dark Embrace","floor":19.0},{"not_picked":["Anger+1","Clothesline","Clash"],"picked":"SKIP","floor":21.0},{"not_picked":["Sword Boomerang","Spot Weakness"],"picked":"Evolve","floor":24.0},{"not_picked":["Perfected Strike","Twin Strike","Wild Strike"],"picked":"SKIP","floor":27.0},{"not_picked":["Thunderclap","Twin Strike","Iron Wave+1"],"picked":"SKIP","floor":31.0},{"not_picked":["Juggernaut","Demon Form"],"picked":"Impervious","floor":33.0},{"not_picked":["Armaments","Body Slam"],"picked":"Shockwave","floor":35},{"not_picked":["Pommel Strike","Warcry","Clash"],"picked":"SKIP","floor":37},{"not_picked":["Wild Strike","True Grit+1","Armaments"],"picked":"SKIP","floor":38},{"not_picked":["Fire Breathing","Flex+1","Clash"],"picked":"SKIP","floor":40},{"not_picked":["Heavy Blade","Headbutt+1","Spot Weakness+1"],"picked":"SKIP","floor":41},{"not_picked":["Cleave","Thunderclap+1","Armaments"],"picked":"SKIP","floor":44},{"not_picked":["Anger","Inflame","Uppercut"],"picked":"SKIP","floor":48},{"not_picked":["Evolve","Anger","Rage+1"],"picked":"SKIP","floor":55}],"player_experience":924956,"relics_obtained":[{"floor":7.0,"key":"Blood Vial"},{"floor":9.0,"key":"Akabeko"},{"floor":13.0,"key":"Anchor"},{"floor":19.0,"key":"Red Mask"},{"floor":29.0,"key":"CeramicFish"},{"floor":40,"key":"Kunai"},{"floor":43,"key":"Blue Candle"},{"floor":44,"key":"Letter Opener"},{"floor":48,"key":"Bag of Preparation"},{"floor":55,"key":"Oddly Smooth Stone"}],"event_choices":[{"cards_removed":["Strike_R"],"damage_healed":0.0,"max_hp_gain":0.0,"max_hp_loss":0.0,"gold_gain":0.0,"event_name":"The Cleric","player_choice":"Card Removal","floor":5.0,"gold_loss":75.0,"damage_taken":0.0},{"damage_healed":0.0,"max_hp_gain":5.0,"max_hp_loss":0.0,"gold_gain":0.0,"event_name":"Big Fish","player_choice":"Donut","floor":8.0,"gold_loss":0.0,"damage_taken":0.0},{"damage_healed":0.0,"max_hp_gain":0.0,"max_hp_loss":0.0,"gold_gain":0.0,"event_name":"Masked Bandits","player_choice":"Fought Bandits","floor":19.0,"gold_loss":0.0,"damage_taken":0.0},{"damage_healed":0.0,"max_hp_gain":0.0,"max_hp_loss":0.0,"gold_gain":0.0,"cards_transformed":["Strike_R","Strike_R"],"event_name":"Drug Dealer","player_choice":"Became Test Subject","floor":20.0,"gold_loss":0.0,"damage_taken":0.0,"cards_obtained":["Shrug It Off","Reaper"]},{"cards_removed":["Strike_R"],"damage_healed":0.0,"max_hp_gain":0.0,"max_hp_loss":0.0,"gold_gain":0.0,"event_name":"Beggar","player_choice":"Gave Gold","floor":22.0,"gold_loss":75.0,"damage_taken":0.0},{"cards_removed":["Bash"],"damage_healed":0.0,"max_hp_gain":0.0,"max_hp_loss":0.0,"gold_gain":0.0,"event_name":"Back to Basics","player_choice":"Elegance","floor":28.0,"gold_loss":0.0,"damage_taken":0.0},{"damage_healed":0,"gold_gain":222,"player_choice":"Wore Mask","damage_taken":0,"max_hp_gain":0,"max_hp_loss":0,"event_name":"Tomb of Lord Red Mask","floor":36,"gold_loss":0},{"damage_healed":0,"gold_gain":0,"player_choice":"Embrace Madness","damage_taken":14,"max_hp_gain":0,"max_hp_loss":0,"event_name":"Winding Halls","floor":39,"gold_loss":0,"cards_obtained":["Madness","Madness"]}],"is_beta":false,"boss_relics":[{"not_picked":["Black Star","Velvet Choker"],"picked":"Coffee Dripper"},{"not_picked":["Pandora\u0027s Box","Mark of Pain"],"picked":"Snecko Eye"}],"items_purged_floors":[14],"is_endless":false,"potions_floor_spawned":[1,2,7,18,27,31,35,37,48],"ascension_level":20}}