{"host":"Ian","time":1609582946,"event":{"mods":["BaseMod","Bestiary","Block Reminder","Colored Map","Highlight Path","Key Reminder","Minty Spire (QoL Compilation)","Relic Stats"],"gold_per_floor":[18,35,50,50,50,50,84,84,110,123,140,160,186,186,186,263,263,263,263,263,263,263,263,263],"floor_reached":23,"playtime":1226,"items_purged":[],"score":410,"play_id":"d7f06107-6dac-4f40-9ec8-f2948b4ebd4c","local_time":"20210102102226","is_ascension_mode":true,"campfire_choices":[{"data":"Bash","floor":6,"key":"SMITH"},{"data":"Blood for Blood","floor":8,"key":"SMITH"},{"data":"Uppercut","floor":15,"key":"SMITH"}],"circlet_count":0,"master_deck":["AscendersBane","Strike_R","Strike_R","Strike_R","Strike_R","Defend_R","Defend_R","Defend_R","Defend_R","Bash+1","Blood for Blood+1","Bloodletting","Whirlwind","Uppercut+1","Armaments","Iron Wave","Spot Weakness","Bludgeon","Ghostly Armor+1","Shrug It Off+1","Headbutt"],"relics":["Burning Blood","Peace Pipe","Nunchaku","Blood Vial","Pantograph","Ectoplasm","Toxic Egg 2"],"acts_visited":["Exordium","TheCity"],"potions_floor_usage":[7,11,12,16,20,23],"damage_taken":[{"damage":4,"enemies":"Small Slimes","floor":1,"turns":4},{"damage":9,"enemies":"Jaw Worm","floor":2,"turns":4},{"damage":7,"enemies":"2 Louse","floor":3,"turns":3},{"damage":42,"enemies":"Gremlin Nob","floor":7,"turns":4},{"damage":7,"enemies":"Large Slime","floor":10,"turns":5},{"damage":9,"enemies":"Exordium Thugs","floor":11,"turns":3},{"damage":0,"enemies":"3 Louse","floor":12,"turns":1},{"damage":18,"enemies":"3 Sentries","floor":13,"turns":7},{"damage":31,"enemies":"Hexaghost","floor":16,"turns":9},{"damage":0,"enemies":"3 Byrds","floor":18,"turns":7},{"damage":9,"enemies":"Chosen","floor":20,"turns":4},{"damage":31,"enemies":"3 Cultists","floor":21,"turns":5},{"damage":35,"enemies":"Centurion and Healer","floor":22,"turns":4},{"damage":26,"enemies":"Gremlin Leader","floor":23,"turns":2}],"seed_played":"-5770901292414469056","potions_obtained":[{"floor":1,"key":"SteroidPotion"},{"floor":7,"key":"LiquidBronze"},{"floor":10,"key":"GamblersBrew"},{"floor":11,"key":"DistilledChaos"},{"floor":16,"key":"SkillPotion"},{"floor":18,"key":"EntropicBrew"},{"floor":22,"key":"PowerPotion"}],"is_trial":false,"path_per_floor":["M","M","M","?","?","R","E","R","T","M","M","M","E","?","R","B",null,"M","?","M","M","M","E"],"character_chosen":"IRONCLAD","items_purchased":[],"campfire_rested":0,"item_purchase_floors":[],"current_hp_per_floor":[70,67,66,66,71,71,35,35,35,36,35,43,33,26,26,28,67,75,75,74,51,24,0,0],"gold":263,"neow_bonus":"ONE_RARE_RELIC","is_daily":false,"chose_seed":false,"campfire_upgraded":3,"win_rate":0.0,"timestamp":1609582946,"path_taken":["M","M","M","?","?","R","E","R","T","M","M","M","E","?","R","BOSS","M","?","M","?","M","E"],"items_purchased_type":[],"build_version":"2020-12-18","purchased_purges":0,"victory":false,"max_hp_per_floor":[75,75,75,75,80,80,80,80,80,80,80,80,80,80,80,80,80,80,80,80,80,80,80,80],"relic_stats":{"Peace Pipe":0,"Blood Vial":20,"Nunchaku":[7],"counters":[14,62],"Pantograph":25,"Ectoplasm":51,"obtain_stats":[{"Peace Pipe":0,"Blood Vial":9,"Nunchaku":7,"Pantograph":13,"Ectoplasm":17,"Toxic Egg 2":19,"Burning Blood":0},{"Peace Pipe":0,"Blood Vial":4,"Nunchaku":4,"Pantograph":8,"Ectoplasm":9,"Toxic Egg 2":10,"Burning Blood":0},{"Peace Pipe":0,"Blood Vial":15,"Nunchaku":15,"Pantograph":31,"Ectoplasm":40,"Toxic Egg 2":47,"Burning Blood":0}],"Burning Blood":78},"card_choices":[{"not_picked":["Clothesline","Flex"],"picked":"Blood for Blood","floor":1},{"not_picked":["True Grit","Havoc"],"picked":"Bloodletting","floor":2},{"not_picked":["Anger","Rage"],"picked":"Whirlwind","floor":3},{"not_picked":["Body Slam","Sentinel","Perfected Strike"],"picked":"SKIP","floor":7},{"not_picked":["Anger","Body Slam"],"picked":"Uppercut","floor":10},{"not_picked":["Intimidate","Anger"],"picked":"Armaments","floor":11},{"not_picked":["Dark Embrace","Pummel"],"picked":"Iron Wave","floor":12},{"not_picked":["Heavy Blade","Dual Wield"],"picked":"Spot Weakness","floor":13},{"not_picked":["Berserk","Juggernaut"],"picked":"Bludgeon","floor":16},{"not_picked":["Seeing Red","Shrug It Off"],"picked":"Ghostly Armor+1","floor":18},{"not_picked":["Flex+1","Reckless Charge"],"picked":"Shrug It Off+1","floor":20},{"not_picked":["Rampage+1","Heavy Blade"],"picked":"Headbutt","floor":21},{"not_picked":["Seeing Red+1","Body Slam","Combust"],"picked":"SKIP","floor":22}],"player_experience":2601616,"relics_obtained":[{"floor":7,"key":"Nunchaku"},{"floor":9,"key":"Blood Vial"},{"floor":13,"key":"Pantograph"}],"event_choices":[{"damage_healed":0,"gold_gain":0,"player_choice":"Leave","damage_taken":0,"max_hp_gain":0,"max_hp_loss":0,"event_name":"The Cleric","floor":4,"gold_loss":0},{"damage_healed":0,"gold_gain":0,"player_choice":"Donut","damage_taken":0,"max_hp_gain":5,"max_hp_loss":0,"event_name":"Big Fish","floor":5,"gold_loss":0},{"cards_removed":["Strike_R"],"damage_healed":0,"gold_gain":0,"player_choice":"Card Removal","damage_taken":7,"max_hp_gain":0,"max_hp_loss":0,"event_name":"Golden Wing","floor":14,"gold_loss":0},{"damage_healed":0,"gold_gain":0,"player_choice":"Gave Potion","damage_taken":0,"relics_obtained":["Toxic Egg 2"],"max_hp_gain":0,"max_hp_loss":0,"event_name":"WeMeetAgain","floor":19,"gold_loss":0}],"is_beta":true,"boss_relics":[{"not_picked":["Tiny House","Fusion Hammer"],"picked":"Ectoplasm"}],"items_purged_floors":[],"is_endless":false,"potions_floor_spawned":[1,7,10,11,16,18,22],"killed_by":"Gremlin Leader","ascension_level":20}}