{"host":"qswkx8hggytna0kc","time":1609552244,"event":{"mods":["Aspiration","BaseMod","BetterRewards","Colored Map","Colored Powertips","Highlight Path","Hubris","Mimic Mod","Minty Spire (QoL Compilation)","Quick Restart","Replay The Spire","StSLib","SuperFastMode"],"gold_per_floor":[114,189,206,206,224,224,252,267,294,27,84,110,147,197,197,299,299,313,313,313,348,380,411,430,430,430],"floor_reached":25,"playtime":1268,"items_purged":["Regret"],"score":296,"play_id":"75c75603-9c14-42b0-b34c-bb31117e5f9f","local_time":"20210102095044","is_ascension_mode":true,"campfire_choices":[{"floor":15.0,"key":"REST"}],"circlet_count":0,"master_deck":["Strike_B","Strike_B","Strike_B","Strike_B","Defend_B","Defend_B","Defend_B","Defend_B","Zap","Dualcast","Genetic Algorithm","Aggregate","Glacier","Stack","HandOfGreed","Undo","Melter","White Noise","Buffer","FTL","RitualDagger","Capacitor","Compile Driver+1","Redo+1"],"relics":["Cracked Core","NeowsBlessing","hubris:Reverence","Replay:Wax Seal","Blue Doll","Geode","DataDisk","aspiration:SecretTechniqueScroll","Bottled Flame"],"acts_visited":["Exordium","TheCity"],"potions_floor_usage":[25],"damage_taken":[{"damage":0.0,"enemies":"Jaw Worm","floor":1.0,"turns":1.0},{"damage":0.0,"enemies":"Small Slimes","floor":3.0,"turns":1.0},{"damage":0.0,"enemies":"Cultist","floor":5.0,"turns":1.0},{"damage":19.0,"enemies":"3 Sentries","floor":7.0,"turns":15.0},{"damage":4.0,"enemies":"3 Louse","floor":8.0,"turns":4.0},{"damage":0.0,"enemies":"2 Fungi Beasts","floor":11.0,"turns":5.0},{"damage":14.0,"enemies":"Gremlin Nob","floor":12.0,"turns":4.0},{"damage":0.0,"enemies":"Large Slime","floor":13.0,"turns":8.0},{"damage":0.0,"enemies":"3 Louse","floor":14.0,"turns":6.0},{"damage":16.0,"enemies":"Fading Forest","floor":16.0,"turns":11.0},{"damage":0.0,"enemies":"Spheric Guardian","floor":18.0,"turns":3.0},{"damage":4.0,"enemies":"2 Thieves","floor":21.0,"turns":4.0},{"damage":11.0,"enemies":"Snecko","floor":22.0,"turns":4.0},{"damage":13.0,"enemies":"Replay:Snechameleon","floor":23.0,"turns":10.0},{"damage":0.0,"enemies":"Centurion and Healer","floor":24.0,"turns":8.0},{"damage":67,"enemies":"Gremlin Leader","floor":25,"turns":8}],"seed_played":"-8331360404726768907","potions_obtained":[{"floor":1.0,"key":"SkillPotion"},{"floor":7.0,"key":"FearPotion"},{"floor":12.0,"key":"Explosive Potion"},{"floor":14.0,"key":"Reflective Coating"},{"floor":22.0,"key":"BlessingOfTheForge"},{"floor":23.0,"key":"Weak Potion"}],"is_trial":false,"path_per_floor":["M","?","M","?","M","?","E","M","T","$","M","E","M","M","R","B",null,"M","?","?","M","M","E","M","E"],"character_chosen":"DEFECT","items_purchased":["HandOfGreed"],"campfire_rested":1,"item_purchase_floors":[10],"current_hp_per_floor":[75,64,64,52,52,52,33,29,29,29,29,15,15,15,37,39,66,66,60,75,71,60,47,47,0,0],"gold":430,"neow_bonus":"THREE_ENEMY_KILL","is_daily":false,"chose_seed":false,"campfire_upgraded":0,"win_rate":0.0,"timestamp":1609552244,"path_taken":["M","?","M","?","M","?","E","M","T","$","M","E","M","M","R","BOSS","M","?","?","?","M","E","M","E"],"items_purchased_type":["Card"],"build_version":"2020-12-22","purchased_purges":1,"victory":false,"max_hp_per_floor":[75,75,75,75,75,75,75,75,75,75,75,75,75,75,75,75,75,75,75,75,75,75,75,75,75,75],"card_choices":[{"not_picked":["BootSequence","Gash"],"picked":"Genetic Algorithm","floor":1.0},{"not_picked":["Rebound","Sweeping Beam"],"picked":"Aggregate","floor":3.0},{"not_picked":["Go for the Eyes","Beam Cell"],"picked":"Glacier","floor":5.0},{"not_picked":["ReplayTheSpireMod:Reroute Power","Rebound","Aggregate"],"picked":"SKIP","floor":7.0},{"not_picked":["Beam Cell","Leap"],"picked":"Stack","floor":8.0},{"not_picked":["Ball Lightning","Coolheaded"],"picked":"Undo","floor":11.0},{"not_picked":["Streamline","Hologram"],"picked":"Aggregate","floor":12.0},{"not_picked":["Panic Button","Go for the Eyes"],"picked":"Melter","floor":13.0},{"not_picked":["FIFO Queue","ReplayTheSpireMod:Calculation Training"],"picked":"White Noise","floor":14.0},{"not_picked":["ReplayTheSpireMod:Omega Cannon","hubris:DoWhile"],"picked":"Buffer","floor":16.0},{"not_picked":["Conserve Battery","Melter"],"picked":"FTL","floor":18.0},{"not_picked":["Turbo","Skim"],"picked":"Capacitor","floor":21.0},{"not_picked":["Chaos","Steam"],"picked":"Compile Driver+1","floor":22.0},{"not_picked":["hubris:DoWhile","Multi-Cast","Steam"],"picked":"SKIP","floor":23.0},{"not_picked":["Static Discharge","FTL+1"],"picked":"Redo+1","floor":24.0}],"player_experience":208539,"relics_obtained":[{"floor":7.0,"key":"Blue Doll"},{"floor":9.0,"key":"Geode"},{"floor":12.0,"key":"DataDisk"},{"floor":23.0,"key":"Bottled Flame"}],"event_choices":[{"damage_healed":0.0,"max_hp_gain":0.0,"max_hp_loss":0.0,"gold_gain":75.0,"event_name":"World of Goop","player_choice":"Gather Gold","floor":2.0,"gold_loss":0.0,"damage_taken":11.0},{"damage_healed":0.0,"max_hp_gain":0.0,"max_hp_loss":0.0,"gold_gain":0.0,"event_name":"Scrap Ooze","player_choice":"Success","floor":4.0,"gold_loss":0.0,"damage_taken":12.0,"relics_obtained":["hubris:Reverence"]},{"damage_healed":0.0,"max_hp_gain":0.0,"max_hp_loss":0.0,"gold_gain":0.0,"event_name":"Big Fish","player_choice":"Box","floor":6.0,"gold_loss":0.0,"damage_taken":0.0,"relics_obtained":["Replay:Wax Seal"],"cards_obtained":["Regret"]},{"damage_healed":0.0,"max_hp_gain":0.0,"max_hp_loss":0.0,"gold_gain":0.0,"event_name":"Nest","player_choice":"Joined the Cult","floor":19.0,"gold_loss":0.0,"damage_taken":6.0,"cards_obtained":["RitualDagger"]},{"cards_removed":["Aggregate"],"damage_healed":15.0,"max_hp_gain":0.0,"max_hp_loss":0.0,"gold_gain":0.0,"event_name":"Bonfire Elementals","player_choice":"Offered Uncommon","floor":20.0,"gold_loss":0.0,"damage_taken":0.0}],"is_beta":false,"boss_relics":[{"not_picked":["Replay:Ancient Bell","Kintsugi"],"picked":"aspiration:SecretTechniqueScroll"}],"items_purged_floors":[10],"is_endless":false,"potions_floor_spawned":[1,7,12,14,22,23,24],"killed_by":"Gremlin Leader","ascension_level":5}}