{"host":"n900smz9wr3yo27a","time":1609591906,"event":{"mods":["Arknights The Spire","BaseMod","CapriCore","GungeonMod","Hermit","Koishi","Lobotomy","Marisa£¨Ùöéë¡¡Øª×âÞÞ£©","Minty Spire (QoL Compilation)","Prisma Mod","Replay The Spire","StSLib","Td1madao Mod","The Animator","The Bug Knight","The Cursed","The Dragon Tamer","The Gatherer","The Hierophant","The Immortal","The Jungle","The Necromancer","The Poker Player","The Runesmith","WarShipGirlsR/??á´Ò³R mod"],"gold_per_floor":[113,388,127,137,137,137,171,171,196,219,236,254,269,299,299,400,400,418,438,465,553,569,602,101,101,126,140,140,140,151,171,171,267,267,286,286,286],"floor_reached":36,"playtime":1673,"items_purged":["Regret"],"score":469,"play_id":"407c65f7-b7aa-4ac4-bfdd-9afab74188e3","local_time":"20210102215146","is_ascension_mode":false,"campfire_choices":[{"data":"hermit:Dive","floor":6,"key":"SMITH"},{"data":"hermit:Ricochet","floor":8,"key":"SMITH"},{"data":"hermit:HighCaliber","floor":15,"key":"SMITH"},{"floor":29,"key":"REST"},{"floor":32,"key":"REST"}],"circlet_count":0,"master_deck":["hermit:Strike_Hermit","hermit:Strike_Hermit","hermit:Strike_Hermit","hermit:Strike_Hermit+1","hermit:Defend_Hermit","hermit:Defend_Hermit","hermit:Defend_Hermit","hermit:Defend_Hermit","hermit:Snapshot","hermit:Covet","hermit:Dive+1","hermit:Ricochet+1","hermit:Shortfuse","hermit:HighCaliber+1","hermit:FromBeyond","hermit:BlackWind","hermit:Headshot+1","hermit:BodyArmor+1","hermit:TakeAim","hermit:Glare","hermit:CalledShot+1","Decay","hermit:FatalDesire","Shame","hermit:ShadowCloak"],"relics":["hermit:Momento","NeowsBlessing","DemoMod:JetPack","Gremlin Food","Simple Rune","Odd Mushroom","Bag of Preparation","SlaversCollar","Red Mask","Vajra","Bottled Flame","BargainBundle","Pet Ghost","Pen Nib","Akabeko","Replay:Ancient Bell","Omamori","DemoMod:ChaffGrenade","Ginger"],"acts_visited":["Exordium","TheCity","TheBeyond"],"potions_floor_usage":[16,19,20,20,22,23,23,30,33,33,36],"damage_taken":[{"damage":0,"enemies":"2 Louse","floor":1,"turns":1},{"damage":0,"enemies":"Cultist","floor":4,"turns":1},{"damage":0,"enemies":"3 Sentries","floor":7,"turns":1},{"damage":7,"enemies":"The Mushroom Lair","floor":10,"turns":4},{"damage":5,"enemies":"Jaw Worm","floor":11,"turns":2},{"damage":2,"enemies":"2 Fungi Beasts","floor":12,"turns":3},{"damage":3,"enemies":"Looter","floor":13,"turns":2},{"damage":22,"enemies":"Gremlin Nob","floor":14,"turns":5},{"damage":40,"enemies":"Fading Forest","floor":16,"turns":11},{"damage":5,"enemies":"Chosen","floor":18,"turns":5},{"damage":15,"enemies":"2 Thieves","floor":19,"turns":3},{"damage":25,"enemies":"Masked Bandits","floor":20,"turns":6},{"damage":3,"enemies":"Snake Plant","floor":22,"turns":3},{"damage":0,"enemies":"Gremlin Leader","floor":23,"turns":4},{"damage":0,"enemies":"Snecko","floor":27,"turns":2},{"damage":19,"enemies":"3 Cultists","floor":30,"turns":5},{"damage":2,"enemies":"Sentry and Sphere","floor":31,"turns":3},{"damage":15,"enemies":"Collector","floor":33,"turns":6},{"damage":22,"enemies":"3 Shapes","floor":35,"turns":4},{"damage":55,"enemies":"2 Orb Walkers","floor":36,"turns":5}],"seed_played":"-1495557091821718273","potions_obtained":[{"floor":10,"key":"hermit:Tonic"},{"floor":11,"key":"DistilledChaos"},{"floor":12,"key":"Languid Potion"},{"floor":16,"key":"SteroidPotion"},{"floor":19,"key":"SpeedPotion"},{"floor":20,"key":"hermit:BlackBile"},{"floor":21,"key":"DemoMod:BlankPotion"},{"floor":21,"key":"DemoMod:LeadSkinPotion"},{"floor":35,"key":"Reflective Coating"}],"is_trial":false,"path_per_floor":["M","?","$","M","$","R","E","R","T","?","M","M","M","E","R","B",null,"M","M","?","?","M","E","$","?","T","M","?","R","M","M","R","B",null,"M","?"],"character_chosen":"HERMIT","items_purchased":["DemoMod:JetPack","BargainBundle","FearPotion","PowerPotion","Weak Potion","DemoMod:WeirdEgg","hermit:TakeAim","hermit:Glare","hermit:CalledShot+1","Pen Nib"],"campfire_rested":2,"item_purchase_floors":[3,24,24,24,24,24,24,24,24,24],"current_hp_per_floor":[75,75,75,75,75,75,75,75,75,68,63,61,58,36,36,6,75,70,55,30,12,9,9,9,9,9,9,9,31,12,10,32,17,75,53,0,0],"gold":286,"neow_bonus":"THREE_ENEMY_KILL","is_daily":false,"chose_seed":false,"campfire_upgraded":3,"win_rate":0.0,"timestamp":1609591906,"path_taken":["M","?","?","?","$","R","E","R","T","?","M","M","M","E","R","BOSS","M","M","?","?","?","E","$","?","T","M","?","R","M","M","R","BOSS","M","?"],"items_purchased_type":["Relic","Relic","Potion","Potion","Potion","Relic","Card","Card","Card","Relic"],"build_version":"2020-12-22","purchased_purges":1,"victory":false,"max_hp_per_floor":[75,75,75,75,75,75,75,75,75,75,75,75,75,75,75,75,75,75,75,75,75,75,75,75,75,75,75,75,75,75,75,75,75,75,75,75,75],"card_choices":[{"not_picked":["hermit:CalledShot","hermit:Manifest"],"picked":"hermit:Dive","floor":1},{"not_picked":["hermit:Gestalt","hermit:Glare"],"picked":"hermit:Ricochet","floor":4},{"not_picked":["hermit:DeadMansHand","hermit:SprayPray","hermit:LowProfile"],"picked":"SKIP","floor":7},{"not_picked":["hermit:Misfire","hermit:Spite"],"picked":"hermit:Shortfuse","floor":11},{"not_picked":["hermit:Roulette","hermit:Quickdraw"],"picked":"hermit:HighCaliber","floor":12},{"not_picked":["hermit:HighCaliber","hermit:LoneWolf","hermit:Shortfuse"],"picked":"SKIP","floor":13},{"not_picked":["hermit:Quickdraw","hermit:Reprieve"],"picked":"hermit:FromBeyond","floor":14},{"not_picked":["hermit:RoundhouseKick","hermit:DeadOrAlive"],"picked":"hermit:BlackWind","floor":16},{"not_picked":["hermit:LoneWolf+1","hermit:HighCaliber","hermit:WideOpen"],"picked":"SKIP","floor":18},{"not_picked":["hermit:SprayPray","hermit:Manifest","hermit:EternalForm"],"picked":"SKIP","floor":19},{"not_picked":["hermit:DeadMansHand","hermit:Ricochet"],"picked":"hermit:Headshot+1","floor":21},{"not_picked":["hermit:BigShot","hermit:NoHoldsBarred"],"picked":"hermit:BodyArmor+1","floor":22},{"not_picked":["hermit:LoneWolf","hermit:LowProfile","hermit:Roulette"],"picked":"SKIP","floor":23},{"not_picked":["hermit:HighNoon","hermit:Ricochet","hermit:ItchyTrigger"],"picked":"SKIP","floor":27},{"not_picked":["hermit:WideOpen","hermit:Midnight+1","hermit:Manifest"],"picked":"SKIP","floor":30},{"not_picked":["hermit:Glare+1","hermit:Manifest","hermit:Brawl"],"picked":"SKIP","floor":31},{"not_picked":["hermit:Magnum","hermit:EternalForm"],"picked":"hermit:FatalDesire","floor":33},{"not_picked":["Looming Evil","Replay:Sluggish"],"picked":"Languid","floor":34},{"not_picked":["Languid","TheCursedMod:Dregs"],"picked":"ReplayTheSpireMod:Doomed","floor":34},{"not_picked":["Hallucinations","ReplayTheSpireMod:Faulty Equipment"],"picked":"Shame","floor":34},{"not_picked":["hermit:Virtue","hermit:Quickdraw"],"picked":"hermit:ShadowCloak","floor":35}],"player_experience":746126,"relics_obtained":[{"floor":7,"key":"Gremlin Food"},{"floor":9,"key":"Simple Rune"},{"floor":10,"key":"Odd Mushroom"},{"floor":14,"key":"Bag of Preparation"},{"floor":20,"key":"Red Mask"},{"floor":21,"key":"Vajra"},{"floor":23,"key":"Bottled Flame"},{"floor":26,"key":"Akabeko"}],"event_choices":[{"damage_healed":0,"gold_gain":275,"player_choice":"Desecrate","damage_taken":0,"max_hp_gain":0,"max_hp_loss":0,"event_name":"Golden Shrine","floor":2,"gold_loss":0,"cards_obtained":["Regret"]},{"damage_healed":0,"gold_gain":0,"player_choice":"Fought Mushrooms","damage_taken":0,"max_hp_gain":0,"max_hp_loss":0,"event_name":"Mushrooms","floor":10,"gold_loss":0},{"damage_healed":0,"gold_gain":0,"player_choice":"Fought Bandits","damage_taken":0,"max_hp_gain":0,"max_hp_loss":0,"event_name":"Masked Bandits","floor":20,"gold_loss":0},{"damage_healed":0,"gold_gain":0,"player_choice":"Smashed Altar","damage_taken":0,"max_hp_gain":0,"max_hp_loss":0,"event_name":"Forgotten Altar","floor":28,"gold_loss":0,"cards_obtained":["Decay"]},{"damage_healed":0,"gold_gain":0,"player_choice":"Fight","damage_taken":0,"max_hp_gain":0,"max_hp_loss":0,"event_name":"Mysterious Sphere","floor":36,"gold_loss":0}],"is_beta":false,"boss_relics":[{"not_picked":["Replay:Fungal Core","ReplayTheSpireMod:DimensionalGlitch"],"picked":"SlaversCollar"},{"not_picked":["Ring of Chaos","Kintsugi"],"picked":"Replay:Ancient Bell"},{"not_picked":["Toy Ornithopter","Replay:Mystery Machine"],"picked":"Omamori"},{"not_picked":["Onion Ring","DemoMod:Bottle"],"picked":"DemoMod:ChaffGrenade"},{"not_picked":["WingedGreaves","Replay:Multitool"],"picked":"Ginger"}],"items_purged_floors":[24],"is_endless":false,"potions_floor_spawned":[10,11,12,13,16,19,20,35],"killed_by":"2 Orb Walkers","ascension_level":0}}