{"host":"t7mx8yfj1no5p62f","time":1609563867,"event":{"mods":["BaseMod","Colored Map","Colored Powertips","Minty Spire (QoL Compilation)","Relic Stats","StSLib"],"gold_per_floor":[112,132,6,24,24,59,59,22,103,103,122,148,163,182,182,182,182],"floor_reached":16,"playtime":459,"items_purged":["Strike_B"],"score":224,"play_id":"fc881836-b8b5-4ea2-8e14-1faef3db6901","local_time":"20210102000427","is_ascension_mode":true,"campfire_choices":[{"floor":7,"key":"REST"},{"data":"Beam Cell","floor":10,"key":"SMITH"},{"data":"Ball Lightning","floor":15,"key":"SMITH"}],"circlet_count":0,"master_deck":["AscendersBane","Strike_B","Strike_B","Strike_B+1","Defend_B","Defend_B+1","Defend_B","Defend_B","Zap+1","Dualcast","Chill","Cold Snap","Beam Cell+1","Sweeping Beam+1","Cold Snap","Ball Lightning+1","Compile Driver"],"relics":["Sozu","Whetstone","Matryoshka","Toy Ornithopter"],"acts_visited":["Exordium"],"potions_floor_usage":[],"damage_taken":[{"damage":0,"enemies":"Cultist","floor":1,"turns":3},{"damage":4,"enemies":"2 Louse","floor":2,"turns":4},{"damage":3,"enemies":"Small Slimes","floor":4,"turns":4},{"damage":32,"enemies":"Lagavulin","floor":6,"turns":8},{"damage":0,"enemies":"2 Fungi Beasts","floor":11,"turns":3},{"damage":3,"enemies":"3 Sentries","floor":12,"turns":5},{"damage":0,"enemies":"3 Louse","floor":13,"turns":3},{"damage":4,"enemies":"Red Slaver","floor":14,"turns":4},{"damage":19,"enemies":"Slime Boss","floor":16,"turns":7}],"seed_played":"4188068213027910039","potions_obtained":[],"is_trial":false,"path_per_floor":["M","M","$","M","?","E","R","?","T","R","M","E","M","M","R","B"],"character_chosen":"DEFECT","items_purchased":["Beam Cell"],"campfire_rested":1,"item_purchase_floors":[3],"current_hp_per_floor":[64,60,60,57,36,4,25,25,25,25,25,22,22,18,18,0,0],"gold":182,"neow_bonus":"BOSS_RELIC","is_daily":false,"chose_seed":false,"campfire_upgraded":2,"win_rate":0.0,"timestamp":1609563867,"path_taken":["M","M","?","M","?","E","R","?","T","R","M","E","M","M","R","BOSS"],"items_purchased_type":["Card"],"build_version":"2020-12-22","purchased_purges":1,"victory":false,"max_hp_per_floor":[71,71,71,71,71,71,71,71,71,71,71,71,71,71,71,71,71],"relic_stats":{"Sozu":4,"counters":[9,41],"Whetstone":["Sweeping Beam","Strike_B"],"obtain_stats":[{"Sozu":0,"Matryoshka":9,"Whetstone":6,"Cracked Core":0,"Toy Ornithopter":12},{"Sozu":0,"Matryoshka":4,"Whetstone":4,"Cracked Core":0,"Toy Ornithopter":6},{"Sozu":0,"Matryoshka":19,"Whetstone":19,"Cracked Core":0,"Toy Ornithopter":27}],"Toy Ornithopter":0},"card_choices":[{"not_picked":["Fusion","Hologram"],"picked":"Chill","floor":1},{"not_picked":["Chill","Genetic Algorithm"],"picked":"Cold Snap","floor":2},{"not_picked":["Stack","Steam"],"picked":"Sweeping Beam","floor":4},{"not_picked":["Thunder Strike","Steam Power"],"picked":"Cold Snap","floor":6},{"not_picked":["Redo","Storm"],"picked":"Ball Lightning","floor":11},{"not_picked":["Consume","Steam","Rebound"],"picked":"SKIP","floor":12},{"not_picked":["Hologram","Fusion","Blizzard"],"picked":"SKIP","floor":13},{"not_picked":["Conserve Battery","Barrage"],"picked":"Compile Driver","floor":14}],"player_experience":1633310,"relics_obtained":[{"floor":6,"key":"Whetstone"},{"floor":9,"key":"Matryoshka"},{"floor":12,"key":"Toy Ornithopter"}],"event_choices":[{"damage_healed":0,"gold_gain":0,"player_choice":"Entered Light","damage_taken":21,"max_hp_gain":0,"max_hp_loss":0,"event_name":"Shining Light","floor":5,"gold_loss":0,"cards_upgraded":["Zap","Defend_B"]},{"damage_healed":0,"gold_gain":0,"player_choice":"Left Gold","damage_taken":0,"max_hp_gain":0,"max_hp_loss":0,"event_name":"World of Goop","floor":8,"gold_loss":37}],"is_beta":false,"boss_relics":[],"items_purged_floors":[3],"is_endless":false,"potions_floor_spawned":[1,4,11,12],"killed_by":"Slime Boss","ascension_level":20}}