{"host":"hjw1ay65n7jm40lc","time":1609602335,"event":{"mods":["AchievementEnabler","BaseMod","Block Reminder","Colored Map","Colored Powertips","Curses Come First","Downfall","Googly Eyes","Hermit","Highlight Path","Jorbs\u0027s Wanderer Trilogy","Minty Spire (QoL Compilation)","Quick Restart","Relic Stats","StSLib"],"gold_per_floor":[109,123,135,410,186,186,136,136,136,70,104,104,133,153,153,258,258,268,268,268,287,169,204,218,281,328,361,361,396,396,425,425,522,522,548,50,90,107,107,132,200,200,200,231,231,191,259,285,285,285,285,285,46,106,106,106],"floor_reached":55,"playtime":7130,"items_purged":["Shame"],"score":805,"play_id":"5752c4a6-0d0c-4b31-a418-96ec8f2c362d","local_time":"20210102104535","is_ascension_mode":true,"campfire_choices":[{"data":"hermit:Gestalt","floor":6,"key":"SMITH"},{"floor":8,"key":"RECALL"},{"data":"hermit:Quickdraw","floor":12,"key":"SMITH"},{"floor":15,"key":"REST"},{"data":"hermit:DeadOrAlive","floor":28,"key":"SMITH"},{"data":"hermit:ShadowCloak","floor":30,"key":"SMITH"},{"floor":32,"key":"REST"},{"floor":45,"key":"REST"},{"floor":49,"key":"REST"},{"data":"hermit:Strike_Hermit","floor":52,"key":"PURGE"}],"circlet_count":0,"master_deck":["hermit:Strike_Hermit","hermit:Strike_Hermit+1","hermit:Strike_Hermit","hermit:Defend_Hermit","hermit:Defend_Hermit","hermit:Defend_Hermit","hermit:Snapshot","hermit:Covet","hermit:ShadowCloak+1","hermit:NoHoldsBarred+1","hermit:Gestalt+1","hermit:Quickdraw+1","hermit:Adapt","hermit:DeadOrAlive+1","hermit:BodyArmor+1","hermit:Quickdraw+1","hermit:FatalDesire","hermit:Determination+1","hermit:Quickdraw+1"],"relics":["hermit:Momento","Dead Branch","Whetstone","Bottled Tornado","Ancient Tea Set","Bronze Scales","The Courier","Busted Crown","NlothsMask","Centennial Puzzle","Orichalcum","Peace Pipe","Fusion Hammer","Medical Kit","Bag of Marbles","Gremlin Horn","Nunchaku","hermit:RedScarf","Vajra","hermit:PetGhost","Bottled Flame"],"acts_visited":["Exordium","TheCity","TheBeyond","TheEnding"],"potions_floor_usage":[11,23,25,33,37,40,47,48,50,53,54,54,55],"damage_taken":[{"damage":0,"enemies":"Small Slimes","floor":1,"turns":3},{"damage":3,"enemies":"Cultist","floor":2,"turns":3},{"damage":0,"enemies":"2 Louse","floor":3,"turns":2},{"damage":2,"enemies":"Lagavulin","floor":11,"turns":6},{"damage":9,"enemies":"3 Sentries","floor":13,"turns":4},{"damage":12,"enemies":"Exordium Thugs","floor":14,"turns":3},{"damage":1,"enemies":"Slime Boss","floor":16,"turns":10},{"damage":17,"enemies":"2 Thieves","floor":18,"turns":3},{"damage":0,"enemies":"Chosen","floor":21,"turns":4},{"damage":2,"enemies":"Book of Stabbing","floor":23,"turns":5},{"damage":1,"enemies":"Centurion and Healer","floor":24,"turns":4},{"damage":16,"enemies":"Slavers","floor":25,"turns":4},{"damage":6,"enemies":"Gremlin Leader","floor":27,"turns":7},{"damage":1,"enemies":"3 Cultists","floor":29,"turns":4},{"damage":9,"enemies":"Snake Plant","floor":31,"turns":2},{"damage":21,"enemies":"Automaton","floor":33,"turns":9},{"damage":1,"enemies":"Orb Walker","floor":35,"turns":3},{"damage":0,"enemies":"3 Shapes","floor":37,"turns":2},{"damage":0,"enemies":"Maw","floor":38,"turns":8},{"damage":43,"enemies":"Giant Head","floor":40,"turns":11},{"damage":6,"enemies":"2 Orb Walkers","floor":41,"turns":3},{"damage":1,"enemies":"Sphere and 2 Shapes","floor":44,"turns":4},{"damage":3,"enemies":"Reptomancer","floor":47,"turns":6},{"damage":0,"enemies":"4 Shapes","floor":48,"turns":6},{"damage":22,"enemies":"Awakened One","floor":50,"turns":9},{"damage":16,"enemies":"Shield and Spear","floor":54,"turns":5},{"damage":100085,"enemies":"The Heart","floor":55,"turns":10}],"seed_played":"276675560477846774","potions_obtained":[{"floor":2,"key":"Dexterity Potion"},{"floor":3,"key":"AttackPotion"},{"floor":16,"key":"SteroidPotion"},{"floor":18,"key":"Weak Potion"},{"floor":24,"key":"AttackPotion"},{"floor":25,"key":"Weak Potion"},{"floor":29,"key":"hermit:Tonic"},{"floor":37,"key":"LiquidBronze"},{"floor":41,"key":"AttackPotion"},{"floor":44,"key":"Explosive Potion"},{"floor":48,"key":"EssenceOfSteel"},{"floor":54,"key":"PowerPotion"}],"is_trial":false,"path_per_floor":["M","M","M","?","$","R","?","R","T","?","E","R","E","M","R","B",null,"M","$","?","M","$","E","M","E","T","E","R","M","R","M","R","B",null,"M","$","M","M","?","E","?","?","T","M","R","?","E","M","R","B",null,"R","$","E","B"],"character_chosen":"HERMIT","items_purchased":["Whetstone","hermit:DeadOrAlive","Medical Kit","Bag of Marbles","hermit:FatalDesire","Gremlin Horn","PowerPotion","Fruit Juice","hermit:PetGhost"],"campfire_rested":4,"item_purchase_floors":[5,22,36,36,36,36,53,53,53],"current_hp_per_floor":[75,72,72,72,72,72,72,72,72,72,70,70,61,49,71,70,75,58,58,58,58,58,56,55,39,39,33,33,32,32,23,45,24,75,74,74,74,74,74,31,25,25,25,24,46,46,43,43,65,43,75,75,80,64,0,0],"gold":106,"neow_bonus":"ONE_RARE_RELIC","is_daily":false,"chose_seed":false,"campfire_upgraded":4,"win_rate":0.0,"timestamp":1609602335,"path_taken":["M","M","M","?","?","R","?","R","T","?","E","R","E","M","R","BOSS","M","?","?","M","$","E","M","E","T","E","R","M","R","?","R","BOSS","M","$","M","M","?","E","?","?","T","?","R","?","E","M","R","BOSS","R","$","E","BOSS"],"items_purchased_type":["Relic","Card","Relic","Relic","Card","Relic","Potion","Potion","Relic"],"build_version":"2020-12-22","purchased_purges":1,"victory":false,"max_hp_per_floor":[75,75,75,75,75,75,75,75,75,75,75,75,75,75,75,75,75,75,75,75,75,75,75,75,75,75,75,75,75,75,75,75,75,75,75,75,75,75,75,75,75,75,75,75,75,75,75,75,75,75,75,75,80,80,80,80],"relic_stats":{"Peace Pipe":1,"Centennial Puzzle":[42],"Nunchaku":[10],"Busted Crown":60,"Gremlin Horn":[15,15],"counters":[27,140],"Dead Branch":[287],"Bronze Scales":[407],"Whetstone":["hermit:NoHoldsBarred","hermit:Strike_Hermit"],"Orichalcum":[138],"Medical Kit":[10],"obtain_stats":[{"Gremlin Horn":36,"Dead Branch":0,"Vajra":47,"The Courier":13,"Whetstone":5,"Bottled Tornado":9,"Orichalcum":25,"Ancient Tea Set":10,"Medical Kit":36,"Peace Pipe":27,"Centennial Puzzle":23,"Nunchaku":40,"Bottled Flame":54,"Busted Crown":17,"hermit:PetGhost":53,"Bronze Scales":11,"Fusion Hammer":34,"Bag of Marbles":36,"hermit:RedScarf":41,"hermit:Momento":0,"NlothsMask":20},{"Gremlin Horn":17,"Dead Branch":0,"Vajra":23,"The Courier":5,"Whetstone":3,"Bottled Tornado":3,"Orichalcum":12,"Ancient Tea Set":3,"Medical Kit":17,"Peace Pipe":13,"Centennial Puzzle":10,"Nunchaku":20,"Bottled Flame":26,"Busted Crown":7,"hermit:PetGhost":25,"Bronze Scales":4,"Fusion Hammer":16,"Bag of Marbles":17,"hermit:RedScarf":21,"hermit:Momento":0,"NlothsMask":8},{"Gremlin Horn":76,"Dead Branch":0,"Vajra":110,"The Courier":18,"Whetstone":8,"Bottled Tornado":8,"Orichalcum":51,"Ancient Tea Set":8,"Medical Kit":76,"Peace Pipe":58,"Centennial Puzzle":43,"Nunchaku":97,"Bottled Flame":130,"Busted Crown":31,"hermit:PetGhost":125,"Bronze Scales":14,"Fusion Hammer":73,"Bag of Marbles":76,"hermit:RedScarf":100,"hermit:Momento":0,"NlothsMask":34}]},"card_choices":[{"not_picked":["hermit:LowProfile","hermit:FlashPowder"],"picked":"hermit:ShadowCloak","floor":1},{"not_picked":["hermit:ItchyTrigger","hermit:Cheat"],"picked":"hermit:NoHoldsBarred","floor":2},{"not_picked":["hermit:CalledShot","hermit:Manifest"],"picked":"hermit:Gestalt","floor":3},{"not_picked":["hermit:EyeOfTheStorm","hermit:BodyArmor"],"picked":"hermit:Quickdraw","floor":11},{"not_picked":["hermit:ShadowCloak","hermit:Snipe","hermit:SprayPray"],"picked":"SKIP","floor":13},{"not_picked":["hermit:Magnum","hermit:Desperado","hermit:ItchyTrigger"],"picked":"SKIP","floor":14},{"not_picked":["hermit:Dissolve","hermit:Purgatory"],"picked":"hermit:Adapt","floor":16},{"not_picked":["hermit:TrackingShot"],"picked":"SKIP","floor":18},{"not_picked":["hermit:Feint+1"],"picked":"SKIP","floor":21},{"not_picked":["hermit:NoHoldsBarred"],"picked":"SKIP","floor":23},{"not_picked":["hermit:WideOpen+1"],"picked":"SKIP","floor":24},{"not_picked":["hermit:Shortfuse"],"picked":"SKIP","floor":25},{"not_picked":[],"picked":"hermit:BodyArmor+1","floor":27},{"not_picked":[],"picked":"hermit:Quickdraw+1","floor":29},{"not_picked":["hermit:Misfire"],"picked":"SKIP","floor":31},{"not_picked":["hermit:CalledShot+1"],"picked":"SKIP","floor":35},{"not_picked":["hermit:Maintenance"],"picked":"SKIP","floor":37},{"not_picked":["hermit:Brawl+1"],"picked":"SKIP","floor":38},{"not_picked":["hermit:Headshot+1"],"picked":"SKIP","floor":40},{"not_picked":[],"picked":"hermit:Determination","floor":41},{"not_picked":["hermit:Virtue"],"picked":"SKIP","floor":44},{"not_picked":[],"picked":"hermit:Quickdraw+1","floor":47},{"not_picked":["hermit:Roulette+1"],"picked":"SKIP","floor":48},{"not_picked":["hermit:NoHoldsBarred+1"],"picked":"SKIP","floor":54}],"player_experience":744477,"relics_obtained":[{"floor":9,"key":"Bottled Tornado"},{"floor":11,"key":"Bronze Scales"},{"floor":13,"key":"The Courier"},{"floor":23,"key":"Centennial Puzzle"},{"floor":25,"key":"Orichalcum"},{"floor":27,"key":"Peace Pipe"},{"floor":40,"key":"Nunchaku"},{"floor":41,"key":"hermit:RedScarf"},{"floor":47,"key":"Vajra"},{"floor":54,"key":"Bottled Flame"}],"event_choices":[{"damage_healed":0,"gold_gain":275,"player_choice":"Desecrate","damage_taken":0,"max_hp_gain":0,"max_hp_loss":0,"event_name":"Golden Shrine","floor":4,"gold_loss":0,"cards_obtained":["Regret"]},{"cards_removed":["Regret"],"damage_healed":0,"gold_gain":0,"player_choice":"Card Removal","damage_taken":0,"max_hp_gain":0,"max_hp_loss":0,"event_name":"The Cleric","floor":7,"gold_loss":50},{"damage_healed":0,"gold_gain":0,"player_choice":"Paid Gold","damage_taken":0,"relics_obtained":["Ancient Tea Set"],"max_hp_gain":0,"max_hp_loss":0,"event_name":"WeMeetAgain","floor":10,"gold_loss":66},{"damage_healed":0,"gold_gain":0,"player_choice":"Trade","damage_taken":0,"relics_obtained":["NlothsMask"],"max_hp_gain":0,"max_hp_loss":0,"event_name":"FaceTrader","floor":20,"gold_loss":0},{"cards_removed":["hermit:Defend_Hermit"],"damage_healed":0,"gold_gain":0,"player_choice":"Removed Skill","damage_taken":0,"max_hp_gain":0,"max_hp_loss":0,"event_name":"Falling","floor":39,"gold_loss":0},{"damage_healed":0,"gold_gain":0,"player_choice":"Fight","damage_taken":0,"max_hp_gain":0,"max_hp_loss":0,"event_name":"Mysterious Sphere","floor":41,"gold_loss":0},{"damage_healed":0,"gold_gain":0,"player_choice":"Ignored","damage_taken":0,"max_hp_gain":0,"max_hp_loss":0,"event_name":"Tomb of Lord Red Mask","floor":42,"gold_loss":0},{"damage_healed":0,"gold_gain":0,"player_choice":"Upgrade","damage_taken":0,"max_hp_gain":0,"max_hp_loss":0,"event_name":"Designer","floor":46,"gold_loss":40,"cards_upgraded":["hermit:Determination"]}],"is_beta":false,"boss_relics":[{"not_picked":["Tiny House","Runic Dome"],"picked":"Busted Crown"},{"not_picked":["Cursed Key","hermit:ClaspedLocket"],"picked":"Fusion Hammer"}],"items_purged_floors":[5],"is_endless":false,"potions_floor_spawned":[2,3,16,18,24,25,29,37,41,44,48,54],"killed_by":"The Heart","ascension_level":1}}