{"host":"nlbr7nnijupf3yfg","time":1609609139,"event":{"mods":["AchievementEnabler","BaseMod","Colored Powertips","DeckTracker","Downfall","Hubris","Minty Spire (QoL Compilation)","Replay The Spire","StSLib","SuperFastMode"],"gold_per_floor":[115,115,115,150,165,165,198,218,218,228,257,275,293,318,318,318,318],"floor_reached":16,"playtime":297,"items_purged":[],"score":153,"play_id":"3b640e69-8a14-4a71-9e2b-32810143da01","local_time":"20210102123859","is_ascension_mode":true,"campfire_choices":[{"data":"ReplayTheSpireMod:Limb From Limb","floor":6,"key":"SMITH"}],"circlet_count":0,"master_deck":["Strike_R+1","Strike_R","Strike_R","Strike_R","Strike_R","Defend_R","Defend_R+1","Defend_R","Defend_R","Bash","Regret","Cleave","ReplayTheSpireMod:Limb From Limb+1","Reaper","Run Through","Rupture+1","Spot Weakness"],"relics":["Burning Blood","Potion Belt","Replay:Rubber Ducky","Bird Faced Urn","Singing Bowl","Frozen Egg 2","Bottled Tornado","hubris:Icosahedron"],"acts_visited":["Exordium"],"potions_floor_usage":[11,11,11,16],"damage_taken":[{"damage":12,"enemies":"Small Slimes","floor":1,"turns":4},{"damage":2,"enemies":"Jaw Worm","floor":5,"turns":3},{"damage":19,"enemies":"Gremlin Nob","floor":7,"turns":3},{"damage":11,"enemies":"2 Louse","floor":8,"turns":2},{"damage":12,"enemies":"Large Slime","floor":10,"turns":5},{"damage":24,"enemies":"Replay:BlueRogue","floor":11,"turns":7},{"damage":6,"enemies":"Exordium Wildlife","floor":12,"turns":2},{"damage":1,"enemies":"Looter","floor":13,"turns":3},{"damage":23,"enemies":"Gremlin Nob","floor":14,"turns":4},{"damage":53,"enemies":"Fading Forest","floor":16,"turns":7}],"seed_played":"-271020881100403513","potions_obtained":[{"floor":1,"key":"Dexterity Potion"},{"floor":4,"key":"CultistPotion"},{"floor":4,"key":"sneckomod:MuddlingPotion"},{"floor":4,"key":"sneckomod:MuddlingPotion"},{"floor":5,"key":"Explosive Potion"},{"floor":8,"key":"BloodPotion"},{"floor":11,"key":"FearPotion"},{"floor":14,"key":"SpeedPotion"}],"is_trial":false,"path_per_floor":["M","?","?","?","M","R","E","M","T","M","E","M","M","E","R","B"],"character_chosen":"IRONCLAD","items_purchased":[],"campfire_rested":0,"item_purchase_floors":[],"current_hp_per_floor":[74,74,58,58,62,62,49,44,44,40,40,40,49,38,38,0,0],"gold":318,"neow_bonus":"RANDOM_COMMON_RELIC","is_daily":false,"chose_seed":false,"campfire_upgraded":1,"win_rate":0.0,"timestamp":1609609139,"path_taken":["M","?","?","?","M","R","E","?","T","M","E","M","M","E","R","BOSS"],"items_purchased_type":[],"build_version":"2020-12-22","purchased_purges":0,"victory":false,"max_hp_per_floor":[80,80,80,80,80,80,80,80,80,82,84,84,86,86,86,86,86],"card_choices":[{"not_picked":["Bloodletting","Headbutt","hubris:ReadiedAction"],"picked":"SKIP","floor":1},{"not_picked":["Life Link","hubris:ReadiedAction"],"picked":"Cleave","floor":4},{"not_picked":["Wild Strike","Havoc"],"picked":"ReplayTheSpireMod:Limb From Limb","floor":5},{"not_picked":["True Grit","Armaments"],"picked":"Reaper","floor":7},{"not_picked":["Pommel Strike","Headbutt"],"picked":"Run Through","floor":8},{"not_picked":["Pommel Strike","True Grit","ReplayReversal"],"picked":"Singing Bowl","floor":10},{"not_picked":["Double Tap","Flex","Evolve+1"],"picked":"Singing Bowl","floor":11},{"not_picked":["hubris:ReadiedAction","ReplayTheSpireMod:LeadingStrike"],"picked":"Rupture+1","floor":12},{"not_picked":["Rage","Wild Strike","Havoc"],"picked":"Singing Bowl","floor":13},{"not_picked":["Whirlwind","Rampage"],"picked":"Spot Weakness","floor":14}],"player_experience":28168,"relics_obtained":[{"floor":7,"key":"Bird Faced Urn"},{"floor":9,"key":"Singing Bowl"},{"floor":11,"key":"Frozen Egg 2"},{"floor":14,"key":"Bottled Tornado"}],"event_choices":[{"damage_healed":0,"gold_gain":0,"player_choice":"Box","damage_taken":0,"relics_obtained":["Replay:Rubber Ducky"],"max_hp_gain":0,"max_hp_loss":0,"event_name":"Big Fish","floor":2,"gold_loss":0,"cards_obtained":["Regret"]},{"damage_healed":0,"gold_gain":0,"player_choice":"Entered Light","damage_taken":16,"max_hp_gain":0,"max_hp_loss":0,"event_name":"Shining Light","floor":3,"gold_loss":0,"cards_upgraded":["Strike_R","Defend_R"]}],"is_beta":false,"boss_relics":[],"items_purged_floors":[],"is_endless":false,"potions_floor_spawned":[1,5,8,11,14],"killed_by":"Fading Forest","ascension_level":5}}