{"host":"u4pncpybdtxxvw4r","time":1609621336,"event":{"mods":["AchievementEnabler","BaseMod","Block Reminder","Colored Powertips","Downfall","Marisa£®ÏF”Í°°ƒß¿Ì…≥£©","Minty Spire (QoL Compilation)","Permanent Neow","Potion Indicator Mod","Rare Cards Sparkle","StSLib","SuperFastMode"],"gold_per_floor":[114,3,15,25,42,42,72,94,129,160,186,198,210,238,250,366,378,406,100,100,114,114,140,155,155,155,155,155],"floor_reached":27,"playtime":1258,"items_purged":["Strike_G"],"score":262,"play_id":"9816fdff-6e69-4bbf-831d-db7c4264522f","local_time":"20210103050216","is_ascension_mode":false,"campfire_choices":[{"data":"Noxious Fumes","floor":6,"key":"SMITH"},{"data":"Die Die Die","floor":15,"key":"SMITH"},{"data":"Noxious Fumes","floor":25,"key":"SMITH"}],"circlet_count":0,"master_deck":["Strike_G+1","Strike_G+1","Strike_G+1","Strike_G+1","Defend_G+1","Defend_G+1","Defend_G+1","Defend_G+1","Defend_G+1","Survivor","Neutralize","Deadly Poison","Noxious Fumes+1","Escape Plan","Poisoned Stab","Underhanded Strike+1","Catalyst","Die Die Die+1","Catalyst","Distraction","Deadly Poison","Escape Plan","Doppelganger","Slice","Chrysalis","Noxious Fumes+1","Riddle With Holes+1","Backstab","Poisoned Stab"],"relics":["Coffee Dripper","MawBank","Whetstone","Busted Crown","PreservedInsect","Torii"],"acts_visited":["Exordium","TheCity"],"potions_floor_usage":[],"damage_taken":[{"damage":0,"enemies":"Small Slimes","floor":1,"turns":3},{"damage":6,"enemies":"Jaw Worm","floor":3,"turns":4},{"damage":0,"enemies":"2 Louse","floor":4,"turns":4},{"damage":4,"enemies":"Blue Slaver","floor":5,"turns":3},{"damage":20,"enemies":"Gremlin Nob","floor":7,"turns":4},{"damage":10,"enemies":"Exordium Wildlife","floor":8,"turns":4},{"damage":7,"enemies":"Exordium Thugs","floor":10,"turns":3},{"damage":10,"enemies":"2 Fungi Beasts","floor":11,"turns":3},{"damage":10,"enemies":"Lots of Slimes","floor":14,"turns":3},{"damage":13,"enemies":"Hexaghost","floor":16,"turns":7},{"damage":10,"enemies":"Shell Parasite","floor":18,"turns":5},{"damage":31,"enemies":"3 Byrds","floor":21,"turns":5},{"damage":11,"enemies":"Book of Stabbing","floor":23,"turns":5},{"damage":0,"enemies":"Snecko","floor":24,"turns":4},{"damage":14,"enemies":"Centurion and Healer","floor":27,"turns":4}],"seed_played":"-2997587279231878543","potions_obtained":[{"floor":3,"key":"LiquidBronze"},{"floor":8,"key":"Guardian:BlockOnCardUsePotion"},{"floor":11,"key":"Dexterity Potion"},{"floor":16,"key":"BlessingOfTheForge"}],"is_trial":false,"path_per_floor":["M","$","M","M","M","R","E","M","T","M","M","?","?","M","R","B",null,"M","$","?","M","?","E","M","R","T","M"],"character_chosen":"THE_SILENT","items_purchased":["Noxious Fumes","Escape Plan","Chrysalis","Noxious Fumes"],"campfire_rested":0,"item_purchase_floors":[2,2,19,19],"current_hp_per_floor":[70,70,64,64,60,60,40,30,30,23,13,36,36,26,26,13,70,60,60,47,16,16,5,5,5,5,0,0],"gold":155,"neow_bonus":"BOSS_RELIC","is_daily":false,"chose_seed":false,"campfire_upgraded":3,"win_rate":0.0,"timestamp":1609621336,"path_taken":["M","$","M","M","M","R","E","M","T","M","M","?","?","M","R","BOSS","M","$","?","M","?","E","M","R","T","M"],"items_purchased_type":["Card","Card","Card","Card"],"build_version":"2020-12-22","purchased_purges":1,"victory":false,"max_hp_per_floor":[70,70,70,70,70,70,70,70,70,70,70,70,70,70,70,70,70,70,70,75,75,75,75,75,75,75,75,75],"card_choices":[{"not_picked":["Slice","Outmaneuver"],"picked":"Deadly Poison","floor":1},{"not_picked":["Footwork","Prepared"],"picked":"Poisoned Stab","floor":3},{"not_picked":["Quick Slash","PiercingWail"],"picked":"Underhanded Strike","floor":4},{"not_picked":["Expertise","PiercingWail"],"picked":"Catalyst","floor":5},{"not_picked":["Expertise","Choke"],"picked":"Die Die Die","floor":7},{"not_picked":["Flechettes","Dodge and Roll"],"picked":"Catalyst","floor":8},{"not_picked":["Prepared","Flying Knee"],"picked":"Distraction","floor":10},{"not_picked":["Slice","Adrenaline"],"picked":"Deadly Poison","floor":11},{"not_picked":["Acrobatics","Skewer"],"picked":"Escape Plan","floor":14},{"not_picked":["Wraith Form v2","Phantasmal Killer"],"picked":"Doppelganger","floor":16},{"not_picked":[],"picked":"Slice","floor":18},{"not_picked":[],"picked":"Riddle With Holes+1","floor":21},{"not_picked":[],"picked":"Backstab","floor":23},{"not_picked":[],"picked":"Poisoned Stab","floor":24}],"player_experience":14151,"relics_obtained":[{"floor":7,"key":"MawBank"},{"floor":9,"key":"Whetstone"},{"floor":23,"key":"PreservedInsect"},{"floor":26,"key":"Torii"}],"event_choices":[{"damage_healed":23,"gold_gain":0,"player_choice":"Banana","damage_taken":0,"max_hp_gain":0,"max_hp_loss":0,"event_name":"Big Fish","floor":12,"gold_loss":0},{"damage_healed":0,"gold_gain":0,"player_choice":"Ignored","damage_taken":0,"max_hp_gain":0,"max_hp_loss":0,"event_name":"Liars Game","floor":13,"gold_loss":0},{"damage_healed":0,"gold_gain":0,"player_choice":"Shed Blood","damage_taken":18,"max_hp_gain":5,"max_hp_loss":0,"event_name":"Forgotten Altar","floor":20,"gold_loss":0},{"damage_healed":0,"gold_gain":0,"player_choice":"Simplicity","damage_taken":0,"max_hp_gain":0,"max_hp_loss":0,"event_name":"Back to Basics","floor":22,"gold_loss":0,"cards_upgraded":["Strike_G","Strike_G","Strike_G","Defend_G","Defend_G","Defend_G","Defend_G","Defend_G"]}],"is_beta":false,"boss_relics":[{"not_picked":["Black Star","Tiny House"],"picked":"Busted Crown"}],"items_purged_floors":[19],"is_endless":false,"potions_floor_spawned":[3,8,11,14,16,21,24],"killed_by":"Centurion and Healer","ascension_level":0}}