{"host":"kq2g769nefmuyn7c","time":1609589976,"event":{"mods":["ATMod(°¢èªMod)","Act Like it!","BaseMod","Gensokyo","Minty Spire (QoL Compilation)","Remilia£¨ÀÙÃ×ÀòÑÇ£©","Replay The Spire","StSLib","The Marked"],"gold_per_floor":[116,135,153,164,164,164,9,44,44,44,64,64,64,80,80,199,199,220,319,319,319,319],"floor_reached":21,"playtime":1150,"items_purged":["theMarked:Strike"],"score":179,"play_id":"03fe6a6b-4132-4059-b1cb-5ae8a3dddb00","local_time":"20210102201936","is_ascension_mode":false,"campfire_choices":[{"data":"AT_FamilyPortrait","floor":6.0,"key":"SMITH"},{"data":"theMarked:GodGivenPower","floor":12,"key":"SMITH"},{"floor":15,"key":"REST"}],"circlet_count":0,"master_deck":["theMarked:SoldierOfQuellstein+1","AT_FamilyPortrait+1","theMarked:StartUp","theMarked:MysticalArsenal","theMarked:ElementalBlade","theMarked:HeritageOfTheMarked","theMarked:GodGivenPower+1","theMarked:Polarize","theMarked:ThrowWeapon+1","theMarked:LightningStrikesTwice","theMarked:Levitate+1","theMarked:ElectricStrings","theMarked:Static","theMarked:Snap+1","theMarked:KeepCalmAndFightOn","theMarked:BanishingStrike","theMarked:Challenge+1","theMarked:Reabsorb","Sickly"],"relics":["theMarked:ArtifactOfAir","AT_ATBox","NeowsBlessing","Gambling Chip","Golden Egg","Golden Idol","Pandora\u0027s Box","Ring of Searing","ReplayTheSpireMod:Ring of Collecting"],"acts_visited":["Exordium","TheCity"],"potions_floor_usage":[16,16,18],"damage_taken":[{"damage":0.0,"enemies":"Cultist","floor":1.0,"turns":1.0},{"damage":0.0,"enemies":"Small Slimes","floor":2.0,"turns":1.0},{"damage":0.0,"enemies":"Jaw Worm","floor":3.0,"turns":1.0},{"damage":8.0,"enemies":"3 Louse","floor":4.0,"turns":6.0},{"damage":30.0,"enemies":"Lagavulin","floor":8.0,"turns":6.0},{"damage":5.0,"enemies":"Looter","floor":11.0,"turns":3.0},{"damage":6,"enemies":"Exordium Wildlife","floor":14,"turns":4},{"damage":23,"enemies":"The Guardian","floor":16,"turns":8},{"damage":6,"enemies":"Shell Parasite","floor":18,"turns":3},{"damage":15,"enemies":"3 Byrds","floor":21,"turns":2}],"seed_played":"6067923155383120752","potions_obtained":[{"floor":2.0,"key":"PowerPotion"},{"floor":14,"key":"Explosive Potion"},{"floor":16,"key":"Adrenaline Potion"},{"floor":18,"key":"Strength Potion"}],"is_trial":false,"path_per_floor":["M","M","M","M","?","R","$","E","T","$","M","R","?","M","R","B",null,"M","?","?","M"],"character_chosen":"THE_DEFAULT","items_purchased":["theMarked:HeritageOfTheMarked"],"campfire_rested":1,"item_purchase_floors":[7],"current_hp_per_floor":[70,70,70,62,48,48,48,18,18,18,13,13,13,7,26,3,65,59,59,59,44,44],"gold":319,"neow_bonus":"THREE_ENEMY_KILL","is_daily":false,"chose_seed":false,"campfire_upgraded":2,"win_rate":0.0,"timestamp":1609589976,"path_taken":["M","?","M","M","?","R","$","E","T","?","M","R","?","M","R","BOSS","M","?","?","?"],"items_purchased_type":["Card"],"build_version":"2020-12-22","purchased_purges":1,"victory":false,"max_hp_per_floor":[70,70,70,70,70,70,70,70,70,70,70,70,65,65,65,65,65,65,65,65,65,65],"card_choices":[{"not_picked":["theMarked:BanishingStrike","theMarked:Static"],"picked":"theMarked:StartUp","floor":1.0},{"not_picked":["theMarked:HeightenedSenses","theMarked:TwofoldDefense","theMarked:Parry"],"picked":"SKIP","floor":2.0},{"not_picked":["theMarked:RepellingDischarge","theMarked:SelfDefenseTraining"],"picked":"theMarked:MysticalArsenal","floor":3.0},{"not_picked":["theMarked:MysticalArsenal","theMarked:PowerFlow"],"picked":"theMarked:ElementalBlade","floor":4.0},{"not_picked":["theMarked:RepellingDischarge","theMarked:Overthink","theMarked:WastefulAttack"],"picked":"SKIP","floor":8.0},{"not_picked":["theMarked:ChainLightning","theMarked:HeritageOfTheMarked"],"picked":"theMarked:GodGivenPower","floor":11},{"not_picked":["theMarked:EmpowerWeapon","theMarked:Parry"],"picked":"theMarked:Polarize","floor":14},{"not_picked":["theMarked:Levitate","theMarked:MagicAdept"],"picked":"theMarked:ThrowWeapon","floor":16},{"not_picked":["theMarked:Standoff","theMarked:Static"],"picked":"theMarked:Reabsorb","floor":18}],"player_experience":112844,"relics_obtained":[{"floor":8.0,"key":"Gambling Chip"},{"floor":9.0,"key":"Golden Egg"},{"floor":20,"key":"Ring of Searing"},{"floor":20,"key":"ReplayTheSpireMod:Ring of Collecting"}],"event_choices":[{"damage_healed":0.0,"max_hp_gain":0.0,"max_hp_loss":0.0,"gold_gain":0.0,"event_name":"Shining Light","player_choice":"Entered Light","floor":5.0,"gold_loss":0.0,"damage_taken":14.0,"cards_upgraded":["theMarked:Strike","theMarked:SoldierOfQuellstein"]},{"damage_healed":0,"gold_gain":0,"player_choice":"Lose Max HP","damage_taken":0,"relics_obtained":["Golden Idol"],"max_hp_gain":0,"max_hp_loss":5,"event_name":"Golden Idol","floor":13,"gold_loss":0},{"damage_healed":0,"gold_gain":99,"player_choice":"Stole From Cult","damage_taken":0,"max_hp_gain":0,"max_hp_loss":0,"event_name":"Nest","floor":19,"gold_loss":0}],"is_beta":false,"boss_relics":[{"not_picked":["Tiny House","SacredBark"],"picked":"Pandora\u0027s Box"}],"items_purged_floors":[7],"is_endless":false,"potions_floor_spawned":[2,14,16,18],"killed_by":"3 Byrds","ascension_level":0}}