{"host":"dd2mx3pm3ovi0t1n","time":1609618235,"event":{"mods":["2.2 Compatiblity","AchievementEnabler","Aspiration","BaseMod","Beaked The Cultist","Better Altar","Better Match","Better Note","Better Sensory Stone","Better Skull","Better Third Choice","BetterRewards","Colored Map","Colored Powertips","Conspire","Defuse TimeMaze Blight","Downfall","Energized Spire","Friendly Minions","GifTheSpireLib","Glutton Mod","Gold Saver","Halation","Hermit","Highlight Path","HololiveMod","Hubris","Infinite Spire","Jedi Mod","Jorbs\u0027s Wanderer Trilogy","KomeijiMod","Marisa????????","Marked Mod","Mimic Mod","Minty Spire (QoL Compilation)","Permanent Neow","Quick Restart","Replay The Spire","Robot Space Explorer","Shop Mod","Spicy Shops","Spikes Relics","StSLib","Stuff the Spire","TestMod","The Construct","The Cursed","The Disciple","The Hierophant","The Necromancer","The Runesmith","The Sage","The Servant 0.9.4","Uncapped","Wandering Minibosses","Yuri Mod","vexMod","????"],"gold_per_floor":[188,137,152,169,186,186,205,230,255,255,272,284,63,76,76,181,181,198,198,210,7,7,7],"floor_reached":22,"playtime":657,"items_purged":[],"score":190,"play_id":"1046e66f-a424-4e43-b67c-db89f8c40bd6","local_time":"20210102121035","is_ascension_mode":false,"campfire_choices":[{"data":"Ricochet","floor":6.0,"key":"SMITH"},{"data":"SilverBlades","floor":10.0,"key":"SMITH"},{"floor":15.0,"key":"REST"}],"circlet_count":0,"master_deck":["Strike_S","Strike_S+1","Strike_S","Strike_S","Defend_S","Defend_S","Defend_S","Defend_S","KidneyShot","Exchange","SilverBlades+1","TimeWarp","Ricochet+1","SoulSculpture","Starlight+1","Ricochet","SilverBlades","BottledTime","Dilation","BottledTime","Starlight"],"relics":["Uniform","testmod-TestBox","testmod-Brilliant","Smiling Mask","The Courier","MiniBlackHole","MerchantsRug","conspire:TreasureMap","Replay:Bottled Flurry","Whetstone"],"acts_visited":["Exordium","TheCity"],"potions_floor_usage":[],"damage_taken":[{"damage":0.0,"enemies":"Small Slimes","floor":1.0,"turns":1.0},{"damage":4.0,"enemies":"Cultist","floor":3.0,"turns":3.0},{"damage":0.0,"enemies":"2 Louse","floor":4.0,"turns":1.0},{"damage":4.0,"enemies":"Red Slaver","floor":5.0,"turns":3.0},{"damage":0.0,"enemies":"Exordium Wildlife","floor":7.0,"turns":1.0},{"damage":19.0,"enemies":"Lagavulin","floor":8.0,"turns":5.0},{"damage":9.0,"enemies":"Blue Slaver","floor":11.0,"turns":2.0},{"damage":0.0,"enemies":"Lots of Slimes","floor":12.0,"turns":1.0},{"damage":0.0,"enemies":"3 Louse","floor":14.0,"turns":1.0},{"damage":25.0,"enemies":"Hexaghost","floor":16.0,"turns":9.0},{"damage":4.0,"enemies":"Spheric Guardian","floor":18.0,"turns":3.0},{"damage":0.0,"enemies":"2 Thieves","floor":20.0,"turns":1.0},{"damage":63,"enemies":"Centurion and Healer","floor":22,"turns":6}],"seed_played":"-4670322541895958318","potions_obtained":[{"floor":4.0,"key":"construct:ShiftPotion"},{"floor":5.0,"key":"Languid Potion"},{"floor":7.0,"key":"Venom Potion"},{"floor":8.0,"key":"Dexterity Potion"},{"floor":12.0,"key":"jedi:tentaclejuice"},{"floor":20,"key":"SteroidPotion"}],"is_trial":false,"path_per_floor":["M","?","M","M","M","R","M","E","T","R","M","M","$","M","R","B",null,"M","?","M","$","M"],"character_chosen":"THE_SERVANT","items_purchased":["SilverBlades","MerchantsRug","SilverBlades","BottledTime","conspire:TreasureMap","Replay:Bottled Flurry","Whetstone"],"campfire_rested":1,"item_purchase_floors":[0,13,13,13,21,21,21],"current_hp_per_floor":[65,65,61,61,57,57,57,38,38,38,29,29,29,29,48,23,65,61,61,61,61,0,0],"gold":7,"neow_bonus":"","is_daily":false,"chose_seed":false,"campfire_upgraded":2,"win_rate":0.0,"timestamp":1609618235,"path_taken":["M","?","?","M","?","R","M","E","T","R","M","M","$","M","R","BOSS","M","?","?","$","M"],"items_purchased_type":["Card","Relic","Card","Card","Relic","Relic","Relic"],"build_version":"2020-12-22","purchased_purges":0,"victory":false,"max_hp_per_floor":[65,65,65,65,65,65,65,65,65,65,65,65,65,65,65,65,65,65,65,65,65,65,65],"card_choices":[{"not_picked":["Rewind","Unruled","FastForward"],"picked":"SKIP","floor":1.0},{"not_picked":["Potential","WasteNot"],"picked":"TimeWarp","floor":3.0},{"not_picked":["Rewind","Desolation","Alleviate"],"picked":"SKIP","floor":4.0},{"not_picked":["BestPractice","RealityMarble"],"picked":"Ricochet","floor":5.0},{"not_picked":["FastForward","WasteNot","Revamp"],"picked":"SKIP","floor":7.0},{"not_picked":["ShatteredReality","Rewind"],"picked":"SoulSculpture","floor":8.0},{"not_picked":["ShatteredReality","FastForward"],"picked":"Starlight","floor":11.0},{"not_picked":["Rewind","Unruled"],"picked":"Ricochet","floor":12.0},{"not_picked":["Revamp","Snipe","Replace"],"picked":"SKIP","floor":14.0},{"not_picked":["Deny","ForgedInTime"],"picked":"Dilation","floor":16.0},{"not_picked":["Ricochet","TimeWarp+1"],"picked":"BottledTime","floor":18.0},{"not_picked":["Shuttle","Rearm"],"picked":"Starlight","floor":20}],"player_experience":491071,"relics_obtained":[{"floor":8.0,"key":"The Courier"},{"floor":9.0,"key":"MiniBlackHole"}],"event_choices":[{"damage_healed":0.0,"max_hp_gain":0.0,"max_hp_loss":0.0,"gold_gain":0.0,"event_name":"WeMeetAgain","player_choice":"Paid Gold","floor":2.0,"gold_loss":51.0,"damage_taken":0.0,"relics_obtained":["Smiling Mask"]},{"damage_healed":0.0,"max_hp_gain":0.0,"max_hp_loss":0.0,"gold_gain":0.0,"event_name":"The Woman in Blue","player_choice":"Bought 0 Potions","floor":19.0,"gold_loss":0.0,"damage_taken":0.0}],"is_beta":false,"boss_relics":[{"not_picked":["testmod-BloodSacrificeSpiritualization","aspiration:RunicSpoon"],"picked":"expansioncontent:StudyCardRelic"}],"items_purged_floors":[],"is_endless":false,"potions_floor_spawned":[4,5,7,8,12,20],"killed_by":"Centurion and Healer","ascension_level":0}}