{"host":"xwqwvmlzre68xjvm","time":1609561031,"event":{"mods":["BaseMod","Colored Map","Colored Powertips","Hermit","Minty Spire (QoL Compilation)","Replay The Spire","StSLib","SuperFastMode","Td1madao Mod","The Bug Knight","The Cursed","The Hierophant","The Runesmith"],"gold_per_floor":[116,134,149,149,164,177,192,192,192,219,65,83,96,17,17,113,113,132,147,62,62,62,62,62,62,62],"floor_reached":25,"playtime":893,"items_purged":["Strike_B"],"score":230,"play_id":"7beb18e3-08a0-4e75-9d3f-bc3592aabab4","local_time":"20210102131711","is_ascension_mode":false,"campfire_choices":[{"data":"Storm","floor":23,"key":"SMITH"}],"circlet_count":0,"master_deck":["Strike_B","Defend_B","Defend_B","Defend_B","Defend_B","Zap","Dualcast","Storm","Loop","Cold Snap","Cold Snap+1","Cold Snap","Self Repair","Cold Snap","ReplayRNGCard","Storm+1","Electrodynamics","Doubt","hermit:ImpendingDoom","Looming Evil","BasicCrystalCard","Conserve Battery"],"relics":["Cracked Core","NeowsBlessing","Replay:Mystery Machine","Oddly Smooth Stone","Replay:Ancient Bell","Bag of Preparation","Letter Opener","Bird Faced Urn","Replay:Accelerometer"],"acts_visited":["Exordium","TheCity"],"potions_floor_usage":[10,10,10,13],"damage_taken":[{"damage":0,"enemies":"Jaw Worm","floor":1,"turns":1},{"damage":0,"enemies":"Cultist","floor":2,"turns":1},{"damage":0,"enemies":"Small Slimes","floor":3,"turns":1},{"damage":20,"enemies":"Exordium Wildlife","floor":5,"turns":6},{"damage":14,"enemies":"3 Louse","floor":6,"turns":3},{"damage":5,"enemies":"Large Slime","floor":7,"turns":5},{"damage":10,"enemies":"Lagavulin","floor":10,"turns":6},{"damage":22,"enemies":"Gremlin Gang","floor":12,"turns":5},{"damage":13,"enemies":"Exordium Thugs","floor":13,"turns":3},{"damage":26,"enemies":"The Guardian","floor":16,"turns":12},{"damage":7,"enemies":"Spheric Guardian","floor":18,"turns":4},{"damage":34,"enemies":"2 Thieves","floor":19,"turns":3},{"damage":60,"enemies":"Book of Stabbing","floor":25,"turns":4}],"seed_played":"9102198751654674476","potions_obtained":[{"floor":2,"key":"Regen Potion"},{"floor":3,"key":"AttackPotion"},{"floor":5,"key":"Elixir"},{"floor":12,"key":"BlessingOfTheForge"}],"is_trial":false,"path_per_floor":["M","M","M","?","M","M","M","?","T","E","$","M","M","$","R_BF","B",null,"M","M","?","?","$","R","?","E"],"character_chosen":"DEFECT","items_purchased":["Self Repair","Storm"],"campfire_rested":0,"item_purchase_floors":[11,14],"current_hp_per_floor":[75,75,75,75,55,41,36,29,29,34,34,19,13,13,35,16,75,75,52,52,52,52,52,52,0,0],"gold":62,"neow_bonus":"THREE_ENEMY_KILL","is_daily":false,"chose_seed":false,"campfire_upgraded":1,"win_rate":0.0,"timestamp":1609561031,"path_taken":["M","M","M","?","M","M","?","?","T","E","$","M","M","?","R_BF","BOSS","M","M","?","?","?","R","?","E"],"items_purchased_type":["Card","Card"],"build_version":"2020-12-22","purchased_purges":1,"victory":false,"max_hp_per_floor":[75,75,75,75,75,75,75,75,75,75,75,75,75,75,75,75,75,75,75,75,75,75,75,75,75,75],"card_choices":[{"not_picked":["Rebound","Leap"],"picked":"Storm","floor":1},{"not_picked":["ReplaySolidLightProjector","Compile Driver"],"picked":"Loop","floor":2},{"not_picked":["Reinforced Body","Scrape"],"picked":"Cold Snap","floor":3},{"not_picked":["Stack","Coolheaded"],"picked":"Cold Snap","floor":5},{"not_picked":["Tempest","Gash","Sweeping Beam"],"picked":"SKIP","floor":6},{"not_picked":["Stack","Steam","Gash"],"picked":"SKIP","floor":7},{"not_picked":["Genetic Algorithm","ReplayTheSpireMod:Reroute Power"],"picked":"Cold Snap","floor":10},{"not_picked":["Auto Shields","Undo"],"picked":"Cold Snap","floor":12},{"not_picked":["Barrage","Ball Lightning"],"picked":"ReplayRNGCard","floor":13},{"not_picked":["Reboot","Creative AI"],"picked":"Electrodynamics","floor":16},{"not_picked":["ReplayTheSpireMod:Doomed","Parasite"],"picked":"Doubt","floor":17},{"not_picked":["CommonCold","Languid"],"picked":"hermit:ImpendingDoom","floor":17},{"not_picked":["ReplayTheSpireMod:Restless Dread","Shame"],"picked":"Looming Evil","floor":17},{"not_picked":["ReplayTheSpireMod:Repulse","Leap+1"],"picked":"BasicCrystalCard","floor":18},{"not_picked":["Force Field","Barrage"],"picked":"Conserve Battery","floor":19}],"player_experience":20620,"relics_obtained":[{"floor":9,"key":"Replay:Mystery Machine"},{"floor":10,"key":"Oddly Smooth Stone"}],"event_choices":[{"cards_removed":["Strike_B"],"damage_healed":0,"gold_gain":0,"player_choice":"Purged","damage_taken":0,"max_hp_gain":0,"max_hp_loss":0,"event_name":"Purifier","floor":4,"gold_loss":0},{"cards_removed":["Strike_B"],"damage_healed":0,"gold_gain":0,"player_choice":"Card Removal","damage_taken":7,"max_hp_gain":0,"max_hp_loss":0,"event_name":"Golden Wing","floor":8,"gold_loss":0},{"damage_healed":0,"gold_gain":0,"player_choice":"Obtained Relic","damage_taken":0,"relics_obtained":["Replay:Accelerometer"],"max_hp_gain":0,"max_hp_loss":0,"event_name":"Addict","floor":20,"gold_loss":85},{"damage_healed":0,"gold_gain":0,"player_choice":"Ignored","damage_taken":0,"max_hp_gain":0,"max_hp_loss":0,"event_name":"Ghosts","floor":21,"gold_loss":0},{"damage_healed":0,"gold_gain":0,"player_choice":"Ignored","damage_taken":0,"max_hp_gain":0,"max_hp_loss":0,"event_name":"Vampires","floor":24,"gold_loss":0}],"is_beta":false,"boss_relics":[{"not_picked":["Cursed Key","Abe\u0027s Treasure"],"picked":"Replay:Ancient Bell"},{"not_picked":["Replay:Antivirus Software","Potion Belt"],"picked":"Bag of Preparation"},{"not_picked":["Molten Egg 2","Replay:Bottled Snecko"],"picked":"Letter Opener"},{"not_picked":["Ginger","Lizard Tail"],"picked":"Bird Faced Urn"}],"items_purged_floors":[11],"is_endless":false,"potions_floor_spawned":[2,3,5,12],"killed_by":"Book of Stabbing","ascension_level":0}}