{"host":"sum4dy402bbv9y4o","time":1609564255,"event":{"mods":["Aspiration","BaseMod","Conspire","Highlight Path","Minty Spire (QoL Compilation)","StSLib"],"gold_per_floor":[117,117,117,33,44,44,76,95,95,95,121,135,150,182,182,257,257,273,273,290,302,302,302,329,329,355,355,52,70,83,4,4,79,79,91,91,106,106,131,131,131],"floor_reached":40,"playtime":1435,"items_purged":["Strike_B"],"score":852,"play_id":"aea8b253-ea81-47dd-b95c-67ffd5eac181","local_time":"20210102081055","is_ascension_mode":true,"campfire_choices":[{"data":"Zap","floor":6,"key":"SMITH"},{"data":"Darkness","floor":10,"key":"SMITH"},{"data":"Streamline","floor":15,"key":"SMITH"},{"data":"Juggernaut","floor":23,"key":"SMITH"},{"floor":25,"key":"REST"},{"data":"Redo","floor":27,"key":"SMITH"},{"data":"Defragment","floor":32,"key":"SMITH"}],"circlet_count":0,"master_deck":["AscendersBane","Strike_B","Strike_B","Defend_B","Defend_B","Defend_B","Zap+1","Dualcast+1","Conserve Battery","Self Repair","Darkness+1","Cold Snap","Go for the Eyes","Sweeping Beam","Streamline+1","Core Surge","Melter","Core Surge","Ball Lightning","RitualDagger","Ball Lightning","Redo+1","Juggernaut+1","Force Field","FTL","Glacier","Capacitor","Defragment+1","Cold Snap","Apotheosis"],"relics":["Cracked Core","aspiration:Nostalgia","Burning Blood","Ancient Tea Set","Orichalcum","Smiling Mask","Calipers","aspiration:IroncladSkillbook","Question Card","conspire:TopHat","Lee\u0027s Waffle","Black Star","Pocketwatch"],"acts_visited":["Exordium","TheCity","TheBeyond"],"potions_floor_usage":[7,18,29,33,36,39,40],"damage_taken":[{"damage":2,"enemies":"Small Slimes","floor":1,"turns":4},{"damage":2,"enemies":"2 Louse","floor":5,"turns":2},{"damage":27,"enemies":"Gremlin Nob","floor":7,"turns":4},{"damage":1,"enemies":"Cultist","floor":8,"turns":3},{"damage":25,"enemies":"3 Sentries","floor":11,"turns":9},{"damage":4,"enemies":"Red Slaver","floor":12,"turns":4},{"damage":3,"enemies":"Looter","floor":13,"turns":2},{"damage":11,"enemies":"Gremlin Nob","floor":14,"turns":4},{"damage":40,"enemies":"Slime Boss","floor":16,"turns":8},{"damage":2,"enemies":"Chosen","floor":18,"turns":4},{"damage":20,"enemies":"2 Thieves","floor":20,"turns":3},{"damage":10,"enemies":"Chosen and Byrds","floor":21,"turns":5},{"damage":44,"enemies":"Gremlin Leader","floor":24,"turns":8},{"damage":30,"enemies":"Cultist and Chosen","floor":29,"turns":5},{"damage":34,"enemies":"3 Cultists","floor":30,"turns":5},{"damage":27,"enemies":"Collector","floor":33,"turns":8},{"damage":12,"enemies":"Orb Walker","floor":35,"turns":3},{"damage":0,"enemies":"3 Darklings","floor":36,"turns":1},{"damage":22,"enemies":"Maw","floor":37,"turns":7},{"damage":32,"enemies":"Mind Bloom Boss Battle","floor":39,"turns":7},{"damage":71,"enemies":"Reptomancer","floor":40,"turns":5}],"seed_played":"925581633518487232","potions_obtained":[{"floor":5,"key":"Block Potion"},{"floor":7,"key":"SmokeBomb"},{"floor":8,"key":"SmokeBomb"},{"floor":14,"key":"Ancient Potion"},{"floor":20,"key":"Ancient Potion"},{"floor":29,"key":"Strength Potion"},{"floor":35,"key":"Swift Potion"},{"floor":39,"key":"Fire Potion"}],"is_trial":false,"path_per_floor":["M","?","?","$","M","R","E","M","T","R","E","M","M","E","R","B",null,"M","?","M","M","?","R","E","R","T","R","$","M","M","$","R","B",null,"M","M","M","?","?","E"],"character_chosen":"DEFECT","items_purchased":["Self Repair","Lee\u0027s Waffle","FTL","Defragment"],"campfire_rested":1,"item_purchase_floors":[4,28,28,31],"current_hp_per_floor":[68,64,64,64,68,68,54,59,59,59,47,56,66,68,68,41,64,71,65,55,62,62,62,28,49,49,49,78,65,48,48,48,38,68,66,78,73,73,61,0,0],"gold":131,"neow_bonus":"NOSTALGIA","is_daily":false,"chose_seed":false,"campfire_upgraded":6,"win_rate":0.0,"timestamp":1609564255,"path_taken":["M","?","?","$","?","R","E","M","T","R","E","M","M","E","R","BOSS","M","?","M","M","?","R","E","R","T","R","$","M","M","$","R","BOSS","M","M","M","?","?","E"],"items_purchased_type":["Card","Relic","Card","Card"],"build_version":"2020-12-22","purchased_purges":1,"victory":false,"max_hp_per_floor":[71,71,71,71,71,71,71,71,71,71,71,71,71,71,71,71,71,71,71,71,71,71,71,71,71,71,71,78,78,78,78,78,78,78,78,78,78,78,78,78,78],"card_choices":[{"not_picked":["Force Field","Beam Cell"],"picked":"Conserve Battery","floor":1},{"not_picked":["Steam Power","Hello World"],"picked":"Darkness","floor":5},{"not_picked":["Redo","Sweeping Beam"],"picked":"Cold Snap","floor":7},{"not_picked":["Skim","Compile Driver"],"picked":"Go for the Eyes","floor":8},{"not_picked":["Darkness","Leap"],"picked":"Sweeping Beam","floor":11},{"not_picked":["Turbo","Steam"],"picked":"Streamline","floor":12},{"not_picked":["Coolheaded","Darkness"],"picked":"Core Surge","floor":13},{"not_picked":["Stack","White Noise"],"picked":"Melter","floor":14},{"not_picked":["Hyperbeam","Multi-Cast"],"picked":"Core Surge","floor":16},{"not_picked":["Warcry","Clothesline","Rupture"],"picked":"Ball Lightning","floor":18},{"not_picked":["Thunderclap","Flame Barrier","Burning Pact"],"picked":"Ball Lightning","floor":20},{"not_picked":["FTL","Warcry+1","Aggregate"],"picked":"Redo","floor":21},{"not_picked":["Streamline+1","Wild Strike","Thunderclap","Leap"],"picked":"SKIP","floor":24},{"not_picked":["Thunderclap","Stack","Skim","Aggregate"],"picked":"Glacier","floor":29},{"not_picked":["Stack","Fusion+1","Twin Strike","Ball Lightning"],"picked":"Capacitor","floor":30},{"not_picked":["Inflame","Cleave","Steam Power","Clothesline","Conserve Battery"],"picked":"SKIP","floor":35},{"not_picked":["Turbo","Fire Breathing","Wild Strike","Ball Lightning"],"picked":"Cold Snap","floor":37},{"not_picked":["Madness","PanicButton","Purity","Blind"],"picked":"Apotheosis","floor":38}],"player_experience":2880358,"relics_obtained":[{"floor":7,"key":"Ancient Tea Set"},{"floor":9,"key":"Orichalcum"},{"floor":11,"key":"Smiling Mask"},{"floor":14,"key":"Calipers"},{"floor":24,"key":"Question Card"},{"floor":26,"key":"conspire:TopHat"},{"floor":39,"key":"Pocketwatch"}],"event_choices":[{"damage_healed":0,"gold_gain":0,"player_choice":"Leave","damage_taken":0,"max_hp_gain":0,"max_hp_loss":0,"event_name":"conspire:Investor","floor":2,"gold_loss":0},{"damage_healed":0,"gold_gain":0,"player_choice":"Upgraded","damage_taken":0,"max_hp_gain":0,"max_hp_loss":0,"event_name":"Upgrade Shrine","floor":3,"gold_loss":0,"cards_upgraded":["Dualcast"]},{"damage_healed":0,"gold_gain":0,"player_choice":"Joined the Cult","damage_taken":6,"max_hp_gain":0,"max_hp_loss":0,"event_name":"Nest","floor":19,"gold_loss":0,"cards_obtained":["RitualDagger"]},{"damage_healed":0,"gold_gain":0,"cards_transformed":["Strike_B","Defend_B"],"player_choice":"Became Test Subject","damage_taken":0,"max_hp_gain":0,"max_hp_loss":0,"event_name":"Drug Dealer","floor":22,"gold_loss":0,"cards_obtained":["Juggernaut","Force Field"]},{"damage_healed":0,"gold_gain":0,"player_choice":"Memory 1","damage_taken":0,"max_hp_gain":0,"max_hp_loss":0,"event_name":"SensoryStone","floor":38,"gold_loss":0},{"damage_healed":0,"gold_gain":0,"player_choice":"Fight","damage_taken":0,"max_hp_gain":0,"max_hp_loss":0,"event_name":"MindBloom","floor":39,"gold_loss":0}],"is_beta":false,"boss_relics":[{"not_picked":["Empty Cage","Inserter"],"picked":"aspiration:IroncladSkillbook"},{"not_picked":["Calling Bell","Snecko Eye"],"picked":"Black Star"}],"items_purged_floors":[28],"is_endless":false,"potions_floor_spawned":[5,7,8,11,14,20,29,35,39],"killed_by":"Reptomancer","ascension_level":20}}