{"host":"q1yq0ibtlljsjzm9","time":1609627229,"event":{"mods":["BaseMod","DeckTracker","Hermit","Minty Spire (QoL Compilation)","StSLib"],"gold_per_floor":[116,135,155,165,181,181,210,226,251,269,269,269,280,298,298,393,393,410,443,543,558,34,34,9,9,9,35,48,64,64,97,97,97,97],"floor_reached":33,"playtime":2294,"items_purged":[],"score":291,"play_id":"42a8acda-36dc-42c4-b9d8-9827e9802c10","local_time":"20210102144029","is_ascension_mode":false,"campfire_choices":[{"floor":6,"key":"RECALL"},{"floor":12,"key":"REST"},{"data":"Perfected Strike","floor":15,"key":"SMITH"},{"floor":23,"key":"REST"},{"floor":25,"key":"REST"},{"floor":32,"key":"REST"}],"circlet_count":0,"master_deck":["Strike_R","Strike_R","Strike_R","Strike_R","Strike_R","Defend_R","Defend_R","Defend_R","Defend_R","Bash","Perfected Strike","Ghostly Armor","Clash","Perfected Strike+1","Cleave","Thunderclap","Clothesline","Clash","Metallicize","Barricade","Demon Form","Inflame","Iron Wave+1","Uppercut","Heavy Blade","Flex","Burning Pact","Perfected Strike","Fire Breathing","Iron Wave+1"],"relics":["Burning Blood","White Beast Statue","Pen Nib","Mark of Pain","Red Mask","Omamori","Bronze Scales","ClockworkSouvenir","InkBottle","Red Skull"],"acts_visited":["Exordium","TheCity"],"potions_floor_usage":[7,7,16,19,19,28,31,33],"damage_taken":[{"damage":12,"enemies":"Cultist","floor":1,"turns":5},{"damage":5,"enemies":"Small Slimes","floor":2,"turns":3},{"damage":6,"enemies":"Jaw Worm","floor":3,"turns":3},{"damage":10,"enemies":"Looter","floor":4,"turns":2},{"damage":9,"enemies":"Gremlin Gang","floor":5,"turns":6},{"damage":26,"enemies":"Lagavulin","floor":7,"turns":6},{"damage":0,"enemies":"3 Louse","floor":8,"turns":2},{"damage":4,"enemies":"Exordium Thugs","floor":10,"turns":4},{"damage":12,"enemies":"Blue Slaver","floor":13,"turns":2},{"damage":0,"enemies":"Looter","floor":14,"turns":3},{"damage":53,"enemies":"The Guardian","floor":16,"turns":10},{"damage":27,"enemies":"Shell Parasite","floor":18,"turns":7},{"damage":38,"enemies":"Masked Bandits","floor":19,"turns":5},{"damage":15,"enemies":"Chosen","floor":21,"turns":6},{"damage":25,"enemies":"Book of Stabbing","floor":27,"turns":4},{"damage":15,"enemies":"Snake Plant","floor":28,"turns":3},{"damage":22,"enemies":"Snecko","floor":29,"turns":5},{"damage":44,"enemies":"Gremlin Leader","floor":31,"turns":5},{"damage":114,"enemies":"Collector","floor":33,"turns":7}],"seed_played":"-1246559795191511986","potions_obtained":[{"floor":0,"key":"SneckoOil"},{"floor":0,"key":"Ancient Potion"},{"floor":0,"key":"Weak Potion"},{"floor":5,"key":"DistilledChaos"},{"floor":8,"key":"Strength Potion"},{"floor":10,"key":"FairyPotion"},{"floor":16,"key":"EssenceOfSteel"},{"floor":19,"key":"LiquidBronze"},{"floor":21,"key":"ColorlessPotion"},{"floor":27,"key":"ElixirPotion"},{"floor":28,"key":"AttackPotion"},{"floor":29,"key":"LiquidBronze"},{"floor":31,"key":"DistilledChaos"}],"is_trial":false,"path_per_floor":["M","M","M","M","M","R","E","M","T","M","?","R","M","M","R","B",null,"M","?","?","M","$","R","$","R","T","E","M","M","?","E","R","B"],"character_chosen":"IRONCLAD","items_purchased":["Omamori","Bronze Scales","ClockworkSouvenir","Heavy Blade","Combust","Flex"],"campfire_rested":4,"item_purchase_floors":[22,22,22,22,22,24],"current_hp_per_floor":[74,75,75,71,68,68,48,54,54,56,56,80,74,80,80,33,80,59,27,27,18,18,42,42,66,66,47,38,22,80,42,66,0,0],"gold":97,"neow_bonus":"THREE_SMALL_POTIONS","is_daily":false,"chose_seed":false,"campfire_upgraded":1,"win_rate":0.0,"timestamp":1609627229,"path_taken":["M","?","M","?","M","R","E","M","T","M","?","R","M","M","R","BOSS","M","?","?","?","$","R","$","R","T","E","M","M","?","E","R","BOSS"],"items_purchased_type":["Relic","Relic","Relic","Card","Card","Card"],"build_version":"2020-12-22","purchased_purges":0,"victory":false,"max_hp_per_floor":[80,80,80,80,80,80,80,80,80,80,80,80,80,80,80,80,80,80,80,80,80,80,80,80,80,80,80,80,80,80,80,80,80,80],"card_choices":[{"not_picked":["Twin Strike","Warcry"],"picked":"Perfected Strike","floor":1},{"not_picked":["Sword Boomerang","Clash"],"picked":"Ghostly Armor","floor":2},{"not_picked":["Headbutt","True Grit"],"picked":"Clash","floor":3},{"not_picked":["Rupture","Headbutt"],"picked":"Perfected Strike","floor":4},{"not_picked":["Corruption","Pommel Strike"],"picked":"Cleave","floor":5},{"not_picked":["Blood for Blood","Flex"],"picked":"Thunderclap","floor":7},{"not_picked":["Body Slam","Warcry"],"picked":"Clothesline","floor":8},{"not_picked":["Body Slam","Evolve"],"picked":"Clash","floor":10},{"not_picked":["Clash","Spot Weakness"],"picked":"Metallicize","floor":13},{"not_picked":["Headbutt","Sword Boomerang"],"picked":"Barricade","floor":14},{"not_picked":["Bludgeon","Impervious"],"picked":"Demon Form","floor":16},{"not_picked":["Flex","Twin Strike"],"picked":"Inflame","floor":18},{"not_picked":["Anger+1","Feel No Pain+1"],"picked":"Iron Wave+1","floor":19},{"not_picked":["Twin Strike","Dual Wield"],"picked":"Uppercut","floor":21},{"not_picked":["Heavy Blade","Sword Boomerang+1"],"picked":"Burning Pact","floor":27},{"not_picked":["Dark Embrace","Body Slam"],"picked":"Perfected Strike","floor":28},{"not_picked":["Thunderclap","Pommel Strike"],"picked":"Fire Breathing","floor":29},{"not_picked":["Twin Strike","Brutality"],"picked":"Iron Wave+1","floor":31}],"player_experience":46572,"relics_obtained":[{"floor":7,"key":"White Beast Statue"},{"floor":9,"key":"Pen Nib"},{"floor":19,"key":"Red Mask"},{"floor":27,"key":"InkBottle"},{"floor":31,"key":"Red Skull"}],"event_choices":[{"damage_healed":0,"gold_gain":0,"player_choice":"Ignored","damage_taken":0,"max_hp_gain":0,"max_hp_loss":0,"event_name":"Liars Game","floor":11,"gold_loss":0},{"damage_healed":0,"gold_gain":0,"player_choice":"Fought Bandits","damage_taken":0,"max_hp_gain":0,"max_hp_loss":0,"event_name":"Masked Bandits","floor":19,"gold_loss":0},{"damage_healed":0,"gold_gain":100,"player_choice":"Pray","damage_taken":0,"max_hp_gain":0,"max_hp_loss":0,"event_name":"Golden Shrine","floor":20,"gold_loss":0},{"cards_removed":["Combust"],"damage_healed":58,"gold_gain":0,"player_choice":"Offered Uncommon","damage_taken":0,"max_hp_gain":0,"max_hp_loss":0,"event_name":"Bonfire Elementals","floor":30,"gold_loss":0}],"is_beta":false,"boss_relics":[{"not_picked":["Tiny House","Astrolabe"],"picked":"Mark of Pain"}],"items_purged_floors":[],"is_endless":false,"potions_floor_spawned":[2,3,5,8,10,13,14,16,18,19,21,27,28,29,31],"killed_by":"Collector","ascension_level":0}}