{"host":"2n2g1vowfllvjtvi","time":1609593251,"event":{"mods":["AchievementEnabler","BaseMod","Custom Start","GifTheSpireLib","Keyboard Shortcuts","Minty Spire (QoL Compilation)","Quick Restart","Rare Cards Sparkle","StSLib","SuperFastMode"],"gold_per_floor":[115,115,115,126,146,175,199,199,254,295,295,77,120,120,120,120,120],"floor_reached":16,"playtime":248,"items_purged":["Strike_R"],"score":203,"play_id":"8ff56872-d062-4f1d-b77d-23722f7c8f92","local_time":"20210102221411","is_ascension_mode":true,"campfire_choices":[{"floor":8,"key":"REST"},{"data":"Inflame","floor":11,"key":"SMITH"},{"data":"Heavy Blade","floor":15,"key":"SMITH"}],"circlet_count":0,"master_deck":["AscendersBane","Strike_R","Strike_R","Strike_R","Strike_R","Defend_R","Defend_R","Defend_R","Defend_R","Bash","Heavy Blade+1","Inflame+1","Thunderclap","Reaper"],"relics":["Burning Blood","NeowsBlessing","Strawberry","Odd Mushroom","CeramicFish","PreservedInsect","HandDrill","Shovel"],"acts_visited":["Exordium"],"potions_floor_usage":[7,7,10],"damage_taken":[{"damage":0,"enemies":"2 Louse","floor":1,"turns":1},{"damage":0,"enemies":"Jaw Worm","floor":4,"turns":1},{"damage":0,"enemies":"Cultist","floor":5,"turns":1},{"damage":45,"enemies":"3 Sentries","floor":6,"turns":10},{"damage":29,"enemies":"The Mushroom Lair","floor":7,"turns":5},{"damage":23,"enemies":"Gremlin Nob","floor":10,"turns":4},{"damage":25,"enemies":"Lagavulin","floor":13,"turns":5},{"damage":36,"enemies":"The Guardian","floor":16,"turns":9}],"seed_played":"-6636820669881481805","potions_obtained":[{"floor":1,"key":"Swift Potion"},{"floor":6,"key":"LiquidMemories"},{"floor":7,"key":"BlessingOfTheForge"}],"is_trial":false,"path_per_floor":["M","?","?","M","M","E","?","R","T","E","R","$","E","?","R","B"],"character_chosen":"IRONCLAD","items_purchased":["HandDrill"],"campfire_rested":1,"item_purchase_floors":[12],"current_hp_per_floor":[74,74,70,75,75,43,20,44,44,27,27,27,8,35,35,0,0],"gold":120,"neow_bonus":"THREE_ENEMY_KILL","is_daily":false,"chose_seed":false,"campfire_upgraded":2,"win_rate":0.0,"timestamp":1609593251,"path_taken":["M","?","?","M","?","E","?","R","T","E","R","$","E","?","R","BOSS"],"items_purchased_type":["Relic"],"build_version":"2020-12-22","purchased_purges":1,"victory":false,"max_hp_per_floor":[75,75,75,75,75,82,82,82,82,82,82,82,82,82,82,82,82],"card_choices":[{"not_picked":["Entrench","Twin Strike"],"picked":"Heavy Blade","floor":1},{"not_picked":["Anger","Dual Wield"],"picked":"Inflame","floor":4},{"not_picked":["Rage","True Grit","Dual Wield"],"picked":"SKIP","floor":5},{"not_picked":["Dual Wield","Anger","Iron Wave"],"picked":"SKIP","floor":6},{"not_picked":["True Grit","Pommel Strike"],"picked":"Thunderclap","floor":10},{"not_picked":["Hemokinesis","Clash"],"picked":"Reaper","floor":13}],"player_experience":414373,"relics_obtained":[{"floor":6,"key":"Strawberry"},{"floor":7,"key":"Odd Mushroom"},{"floor":9,"key":"CeramicFish"},{"floor":10,"key":"PreservedInsect"},{"floor":13,"key":"Shovel"}],"event_choices":[{"damage_healed":0,"gold_gain":0,"player_choice":"Ignored","damage_taken":0,"max_hp_gain":0,"max_hp_loss":0,"event_name":"Liars Game","floor":2,"gold_loss":0},{"damage_healed":0,"gold_gain":0,"player_choice":"Bought 0 Potions","damage_taken":0,"max_hp_gain":0,"max_hp_loss":0,"event_name":"The Woman in Blue","floor":3,"gold_loss":0},{"damage_healed":0,"gold_gain":0,"player_choice":"Fought Mushrooms","damage_taken":0,"max_hp_gain":0,"max_hp_loss":0,"event_name":"Mushrooms","floor":7,"gold_loss":0},{"damage_healed":27,"gold_gain":0,"player_choice":"Banana","damage_taken":0,"max_hp_gain":0,"max_hp_loss":0,"event_name":"Big Fish","floor":14,"gold_loss":0}],"is_beta":false,"boss_relics":[],"items_purged_floors":[12],"is_endless":false,"potions_floor_spawned":[1,6,7],"killed_by":"The Guardian","ascension_level":15}}