{"host":"bux1pdxjwq4dkad9","time":1609568338,"event":{"mods":["BaseMod","Colored Map","Minty Spire (QoL Compilation)","Quick Restart","Spicy Shops","StSLib","SuperFastMode","【遗物Mod】死灵法师NEW","【遗物Mod】简单游戏"],"gold_per_floor":[118,43,54,66,46,77,77,93,93,118,128,141,167,180,180,258,258,272,289,289,289,289,289,302,302,326,358,370,401,121,133,133,205,205,225,225,225,237,237,267,283,308,331,356,371,384,414,414,414,414,414,414,414,93,120,120],"floor_reached":57,"playtime":3016,"items_purged":["Defend_W"],"score":3808,"play_id":"aa9c8b80-c2d8-4d6d-982a-14af55f3ec91","local_time":"20210102141858","is_ascension_mode":true,"campfire_choices":[{"data":"Violent_Necrosis","floor":7.0,"key":"SMITH"},{"data":"Life_Tap","floor":15.0,"key":"SMITH"},{"floor":23.0,"key":"RECALL"},{"data":"Toxic_Smoke_Screen","floor":25.0,"key":"SMITH"},{"data":"Reap_The_Weak","floor":32.0,"key":"SMITH"},{"data":"Discovery","floor":49,"key":"SMITH"},{"data":"Discovery","floor":53,"key":"SMITH"}],"circlet_count":1,"master_deck":["AscendersBane","Negative_Energy_Arrows+1","Bone_Wall","Summon_Undead_Army","Life_Tap+1","Violent_Necrosis+1","Summon_Undead","Summon_Undead","Summon_Undead+1","Summon_Undead","Summon_Undead","Summon_Undead","Summon_Undead","Bone_Prison","Summon_Vampire_Lady","Negative_Energy_Sphere+1","Negative_Energy_Mist","Life_Tap+1","Toxic_Smoke_Screen+1","Summon_Undead_Army","Siphon_Strength","Pandemic+1","Reap_The_Weak+1","Skeleton_Dragon","Bone_Shift","Madness","Madness","Secret Technique","Discovery+1","Chrysalis","Bone_Armory","Spectral_Walk+1","Negative_Energy_Burst","Discovery+1","Skeleton_Dragon"],"relics":["Vampire_Amulet","ImprovedEquipment","NeowsBlessing","Pear","Mummified Hand","SumBook2","Centennial Puzzle","Black Star","MutagenicStrength","Vajra","Blood Vial","Pantograph","Mercury Hourglass","ClockworkSouvenir","SlaversCollar","Singing Bowl","Bronze Scales","Peace Pipe","War Paint","Pocketwatch","Bag of Marbles","Smiling Mask","Whetstone","UndeadPower","Chemical X","Sundial","Anchor","Circlet","ImprovedEquipment","ImprovedEquipment"],"acts_visited":["Exordium","TheCity","TheBeyond","TheEnding"],"potions_floor_usage":[51,56,56],"damage_taken":[{"damage":0.0,"enemies":"2 Louse","floor":1.0,"turns":1.0},{"damage":0.0,"enemies":"Cultist","floor":3.0,"turns":1.0},{"damage":0.0,"enemies":"Jaw Worm","floor":4.0,"turns":1.0},{"damage":1.0,"enemies":"3 Sentries","floor":6.0,"turns":5.0},{"damage":1.0,"enemies":"2 Fungi Beasts","floor":8.0,"turns":3.0},{"damage":1.0,"enemies":"Lagavulin","floor":10.0,"turns":7.0},{"damage":1.0,"enemies":"Exordium Wildlife","floor":11.0,"turns":4.0},{"damage":1.0,"enemies":"Looter","floor":12.0,"turns":3.0},{"damage":1.0,"enemies":"Gremlin Nob","floor":13.0,"turns":4.0},{"damage":1.0,"enemies":"Large Slime","floor":14.0,"turns":4.0},{"damage":1.0,"enemies":"Slime Boss","floor":16.0,"turns":6.0},{"damage":1.0,"enemies":"2 Thieves","floor":18.0,"turns":3.0},{"damage":1.0,"enemies":"3 Byrds","floor":19.0,"turns":4.0},{"damage":2.0,"enemies":"Snake Plant","floor":24.0,"turns":3.0},{"damage":2.0,"enemies":"Book of Stabbing","floor":27.0,"turns":4.0},{"damage":2.0,"enemies":"Shelled Parasite and Fungi","floor":28.0,"turns":3.0},{"damage":2.0,"enemies":"Gremlin Leader","floor":29.0,"turns":4.0},{"damage":2.0,"enemies":"Centurion and Healer","floor":31.0,"turns":3.0},{"damage":2.0,"enemies":"Automaton","floor":33.0,"turns":7.0},{"damage":2.0,"enemies":"Orb Walker","floor":35.0,"turns":2.0},{"damage":2.0,"enemies":"3 Darklings","floor":38.0,"turns":3.0},{"damage":2.0,"enemies":"Nemesis","floor":40.0,"turns":5.0},{"damage":2.0,"enemies":"Sphere and 2 Shapes","floor":41.0,"turns":4.0},{"damage":1,"enemies":"Mind Bloom Boss Battle","floor":42,"turns":3},{"damage":2,"enemies":"Reptomancer","floor":44,"turns":3},{"damage":2,"enemies":"Transient","floor":45,"turns":6},{"damage":1,"enemies":"3 Darklings","floor":46,"turns":1},{"damage":2,"enemies":"Nemesis","floor":47,"turns":4},{"damage":2,"enemies":"Time Eater","floor":50,"turns":6},{"damage":8,"enemies":"Awakened One","floor":51,"turns":6},{"damage":1,"enemies":"Shield and Spear","floor":55,"turns":3},{"damage":68,"enemies":"The Heart","floor":56,"turns":3}],"seed_played":"-9128537191226157318","potions_obtained":[{"floor":3.0,"key":"SteroidPotion"},{"floor":5.0,"key":"SkillPotion"},{"floor":11.0,"key":"DistilledChaos"},{"floor":14.0,"key":"Fruit Juice"},{"floor":19.0,"key":"Weak Potion"},{"floor":24.0,"key":"Fruit Juice"},{"floor":28.0,"key":"Weak Potion"},{"floor":40.0,"key":"Weak Potion"},{"floor":55,"key":"Dexterity Potion"}],"is_trial":false,"path_per_floor":["M","$","M","M","?","E","R","M","T","E","M","M","E","M","R","B",null,"M","M","$","?","?","R","M","R","T","E","M","E","$","M","R","B",null,"M","?","?","M","?","E","M","?","T","E","M","M","E","$","R","B","B",null,"R","$","E","B",null],"character_chosen":"NECROMANCER","items_purchased":["ClockworkSouvenir","Pandemic","UndeadPower","Chemical X"],"campfire_rested":0,"item_purchase_floors":[30,30,54,54],"current_hp_per_floor":[59,59,59,59,59,68,68,67,67,66,65,67,75,80,80,80,80,80,80,80,80,57,57,77,77,77,85,90,90,90,90,90,90,90,90,74,74,81,71,84,90,90,90,92,94,96,98,98,98,96,98,98,98,98,100,73],"gold":120,"neow_bonus":"THREE_ENEMY_KILL","is_daily":false,"chose_seed":false,"campfire_upgraded":6,"win_rate":0.0,"timestamp":1609568338,"path_taken":["M","$","M","M","?","E","R","M","T","E","M","?","E","M","R","BOSS","M","?","$","?","?","R","M","R","T","E","M","E","$","?","R","BOSS","M","?","?","M","?","E","?","?","T","E","M","M","E","$","R","BOSS","BOSS","R","$","E","BOSS"],"items_purchased_type":["Relic","Card","Relic","Relic"],"build_version":"2020-12-22","purchased_purges":1,"victory":true,"max_hp_per_floor":[65,65,65,65,65,75,75,75,75,75,75,75,75,80,80,80,80,80,80,80,80,85,85,85,85,85,85,90,90,90,90,90,90,90,90,90,90,90,90,90,90,90,90,92,94,96,98,98,98,98,98,98,98,98,100,100],"card_choices":[{"not_picked":["Bone_Armory","Bone_Spikes","Thousand_Bone_Knives"],"picked":"SKIP","floor":1.0},{"not_picked":["Blood_Shield","PosionWeak2"],"picked":"Summon_Undead_Army","floor":3.0},{"not_picked":["Negative_Energy_Sphere","Thousand_Bone_Knives"],"picked":"Life_Tap","floor":4.0},{"not_picked":["Blood_Whip","Toxic_Smoke_Screen"],"picked":"Violent_Necrosis","floor":6.0},{"not_picked":["PosionArmor","PosionRing","Blood_for_Blood"],"picked":"SKIP","floor":8.0},{"not_picked":["Negative_Energy_Sphere","Toxic_Smoke_Screen"],"picked":"Bone_Prison","floor":10.0},{"not_picked":["Spectral_Walk","Bone_Prison"],"picked":"Summon_Vampire_Lady","floor":11.0},{"not_picked":["Blood_Whip","Scare"],"picked":"Negative_Energy_Sphere","floor":12.0},{"not_picked":["Vampiric_Strike","Bone_Spikes","PosionWeak"],"picked":"SKIP","floor":13.0},{"not_picked":["Negative_Energy_Javelin","Scare","finger_Of_Death"],"picked":"SKIP","floor":14.0},{"not_picked":["Bone_Shift","Scare"],"picked":"Negative_Energy_Mist","floor":18.0},{"not_picked":["Bone_Spikes","Summon_Undead_Army"],"picked":"Life_Tap+1","floor":19.0},{"not_picked":["Shackles_Of_Pain","OverdoomLine+1","Toxic_Smoke_Screen"],"picked":"SKIP","floor":24.0},{"not_picked":["Shackles_Of_Pain","OverdoomLine+1"],"picked":"Toxic_Smoke_Screen","floor":24.0},{"not_picked":["Bone_Armory","Vampiric_Strike","OverdoomLine"],"picked":"SKIP","floor":27.0},{"not_picked":["Kotodama","Bone_Spikes"],"picked":"Summon_Undead_Army","floor":28.0},{"not_picked":["Blood_Curse","PosionRing"],"picked":"Siphon_Strength","floor":29.0},{"not_picked":["Blood_Whip","Scare"],"picked":"Reap_The_Weak","floor":31.0},{"not_picked":["Epidemicm","Requiem"],"picked":"Skeleton_Dragon","floor":33.0},{"not_picked":["PosionRing","Negative_Energy_Sphere"],"picked":"Bone_Shift","floor":35.0},{"not_picked":["Necrotic_Claws","Acid_Javelin","Negative_Energy_Javelin"],"picked":"SKIP","floor":38.0},{"not_picked":["Thinking Ahead","Secret Weapon"],"picked":"Secret Technique","floor":39.0},{"not_picked":["Flash of Steel","Transmutation"],"picked":"Discovery","floor":39.0},{"not_picked":["The Bomb","Forethought"],"picked":"Chrysalis","floor":39.0},{"not_picked":["Bone_Armor","Acid_Javelin"],"picked":"Bone_Armory","floor":40.0},{"not_picked":["Negative_Energy_Javelin+1","Negative_Energy_Mist"],"picked":"Spectral_Walk+1","floor":41.0},{"not_picked":["Negative_Energy_Javelin","Negative_Energy_Sphere"],"picked":"Negative_Energy_Burst","floor":42},{"not_picked":["Posionadd","Blood_for_Blood+1","PosionWeak"],"picked":"Singing Bowl","floor":44},{"not_picked":["Negative_Energy_Javelin+1","Bone_Spikes","Blood_Shield"],"picked":"Singing Bowl","floor":45},{"not_picked":["Vampiric_Strike","Bone_Shift+1","Shackles_Of_Pain"],"picked":"Singing Bowl","floor":46},{"not_picked":["Detonate_Bones+1","Reap_The_Weak","Negative_Energy_Javelin+1"],"picked":"Singing Bowl","floor":47},{"not_picked":["finger_Of_Death","Toxic_Smoke_Screen+1","Acid_Javelin"],"picked":"Singing Bowl","floor":55}],"player_experience":3178167,"relics_obtained":[{"floor":6.0,"key":"Pear"},{"floor":9.0,"key":"Mummified Hand"},{"floor":10.0,"key":"SumBook2"},{"floor":13.0,"key":"Centennial Puzzle"},{"floor":27.0,"key":"Vajra"},{"floor":27.0,"key":"Blood Vial"},{"floor":29.0,"key":"Pantograph"},{"floor":29.0,"key":"Mercury Hourglass"},{"floor":40.0,"key":"Singing Bowl"},{"floor":40.0,"key":"Bronze Scales"},{"floor":42,"key":"Peace Pipe"},{"floor":43,"key":"War Paint"},{"floor":44,"key":"Pocketwatch"},{"floor":44,"key":"Bag of Marbles"},{"floor":47,"key":"Smiling Mask"},{"floor":47,"key":"Whetstone"},{"floor":55,"key":"Sundial"},{"floor":55,"key":"Anchor"}],"event_choices":[{"damage_healed":0.0,"max_hp_gain":0.0,"max_hp_loss":0.0,"gold_gain":0.0,"event_name":"The Woman in Blue","player_choice":"Bought 1 Potion","floor":5.0,"gold_loss":0.0,"damage_taken":0.0},{"damage_healed":0.0,"max_hp_gain":0.0,"max_hp_loss":0.0,"gold_gain":0.0,"event_name":"Drug Dealer","player_choice":"Inject Mutagens","floor":21.0,"gold_loss":0.0,"damage_taken":0.0,"relics_obtained":["MutagenicStrength"]},{"damage_healed":0.0,"max_hp_gain":5.0,"max_hp_loss":0.0,"gold_gain":0.0,"event_name":"Forgotten Altar","player_choice":"Shed Blood","floor":22.0,"gold_loss":0.0,"damage_taken":28.0},{"damage_healed":0.0,"max_hp_gain":0.0,"max_hp_loss":0.0,"gold_gain":0.0,"event_name":"Winding Halls","player_choice":"Embrace Madness","floor":36.0,"gold_loss":0.0,"damage_taken":16.0,"cards_obtained":["Madness","Madness"]},{"damage_healed":0.0,"max_hp_gain":0.0,"max_hp_loss":0.0,"gold_gain":0.0,"event_name":"Tomb of Lord Red Mask","player_choice":"Ignored","floor":37.0,"gold_loss":0.0,"damage_taken":0.0},{"damage_healed":0.0,"max_hp_gain":0.0,"max_hp_loss":0.0,"gold_gain":0.0,"event_name":"SensoryStone","player_choice":"Memory 3","floor":39.0,"gold_loss":0.0,"damage_taken":10.0},{"damage_healed":0,"gold_gain":0,"player_choice":"Fight","damage_taken":0,"max_hp_gain":0,"max_hp_loss":0,"event_name":"MindBloom","floor":42,"gold_loss":0}],"is_beta":false,"boss_relics":[{"not_picked":["Astrolabe","Pandora\u0027s Box"],"picked":"Black Star"},{"not_picked":["Snecko Eye","Cursed Key"],"picked":"SlaversCollar"}],"items_purged_floors":[2],"is_endless":false,"potions_floor_spawned":[3,10,11,13,14,19,24,28,40,41,47,55],"ascension_level":20}}