{"host":"l0x1ky9qxkxk6ywx","time":1609619102,"event":{"mods":["Act Like it!","Aspiration","Astrologer","BaseMod","CapriCore","Gensokyo","GifTheSpireLib","Hubris","Marisa????????","Minty Spire (QoL Compilation)","Permanent Neow","Rare Cards Sparkle","Remilia??????","Replay The Spire","StSLib","The Administrix","The Animator","The Bladedancer","The Bug Knight","The Cursed","The Hierophant","The Immortal","The Marked","The Mystic","The Runesmith","The Servant 0.9.4"],"gold_per_floor":[119,132,142,153,153,153,183,200,200,200,216,235,83,101,101,200,200,219,219,219,230,151,151,118,118,143,157,167,185,30,49,49],"floor_reached":31,"playtime":13443,"items_purged":[],"score":243,"play_id":"ac73c9db-42ae-47b6-844d-68836bf6e6cd","local_time":"20210102142502","is_ascension_mode":false,"campfire_choices":[{"data":"Read","floor":6,"key":"SMITH"},{"floor":10,"key":"REST"},{"floor":15,"key":"REST"},{"data":"SilverBlades","floor":23,"key":"SMITH"},{"data":"Foresight","floor":25,"key":"SMITH"}],"circlet_count":0,"master_deck":["Strike_S","Strike_S","Strike_S","Strike_S","Defend_S","Defend_S","Defend_S","Defend_S","KidneyShot","Exchange","Rearm","ThirdEye","Potential","Read+1","Moonlight","CutThroughFate","Well Laid Plans","BottledTime","SilverBlades+1","Sunlight","GearUp","PendulumOfEternity","Comet","RealityMarble+1","Foresight+1","Advance","Replace","Rewind+1"],"relics":["Uniform","aspiration:Nostalgia","Replay:M_StaffOfTheSnake","aspiration:DSix","hubris:PeanutButter","aspiration:RitualDagger","aspiration:RitualStick","Replay:Wax Seal","Orichalcum","Vajra"],"acts_visited":["Exordium","TheCity"],"potions_floor_usage":[7,27,28],"damage_taken":[{"damage":1,"enemies":"Cultist","floor":1,"turns":4},{"damage":2,"enemies":"Jaw Worm","floor":2,"turns":7},{"damage":0,"enemies":"2 Louse","floor":3,"turns":4},{"damage":7,"enemies":"Exordium Wildlife","floor":4,"turns":7},{"damage":31,"enemies":"Gremlin Nob","floor":7,"turns":6},{"damage":14,"enemies":"2 Fungi Beasts","floor":8,"turns":4},{"damage":5,"enemies":"Red Slaver","floor":11,"turns":4},{"damage":0,"enemies":"3 Louse","floor":12,"turns":4},{"damage":0,"enemies":"Lots of Slimes","floor":14,"turns":1},{"damage":22,"enemies":"Slime Boss","floor":16,"turns":11},{"damage":31,"enemies":"Shell Parasite","floor":18,"turns":8},{"damage":10,"enemies":"Chosen","floor":21,"turns":4},{"damage":33,"enemies":"Sentry and Sphere","floor":27,"turns":6},{"damage":36,"enemies":"Centurion and Healer","floor":28,"turns":5},{"damage":14,"enemies":"Chosen and Byrds","floor":29,"turns":7},{"damage":39,"enemies":"3 Cultists","floor":31,"turns":6}],"seed_played":"2520863404736254938","potions_obtained":[{"floor":2,"key":"Toxic Potion"},{"floor":3,"key":"Milkshake"},{"floor":4,"key":"Swift Potion"},{"floor":16,"key":"Fruit Juice"},{"floor":27,"key":"BlessingOfTheForge"},{"floor":31,"key":"Dexterity Potion"}],"is_trial":false,"path_per_floor":["M","M","M","M","?","R","E","M","T","R","M","M","$","M","R","B",null,"M","?","?","M","$","R","$","R","T","M","M","M","$","M"],"character_chosen":"THE_SERVANT","items_purchased":["SilverBlades","Sunlight","Replay:Wax Seal","Foresight","Vajra"],"campfire_rested":2,"item_purchase_floors":[13,13,22,24,30],"current_hp_per_floor":[64,62,62,55,55,55,24,10,10,29,24,24,24,24,43,21,65,34,21,10,70,70,70,70,70,70,49,28,29,29,9,9],"gold":49,"neow_bonus":"NOSTALGIA","is_daily":false,"chose_seed":false,"campfire_upgraded":3,"win_rate":0.0,"timestamp":1609619102,"path_taken":["M","M","M","M","?","R","E","M","T","R","M","M","$","M","R","BOSS","M","?","?","M","$","R","?","R","T","M","?","M","?","M"],"items_purchased_type":["Card","Card","Relic","Card","Relic"],"build_version":"2020-12-22","purchased_purges":0,"victory":false,"max_hp_per_floor":[65,65,65,65,65,65,65,65,65,65,65,65,65,65,65,65,65,65,65,70,70,70,70,70,70,70,75,75,75,75,75,75],"card_choices":[{"not_picked":["Acrobatics","SashWhip"],"picked":"Rearm","floor":1},{"not_picked":["ClearTheMind","Collapse"],"picked":"ThirdEye","floor":2},{"not_picked":["Spin","Setup"],"picked":"Potential","floor":3},{"not_picked":["Rearm","Masterful Stab"],"picked":"Read","floor":4},{"not_picked":["DualDimension","Alleviate"],"picked":"Moonlight","floor":7},{"not_picked":["FastForward","Dagger Throw"],"picked":"CutThroughFate","floor":8},{"not_picked":["Outmaneuver","Crescendo"],"picked":"Well Laid Plans","floor":11},{"not_picked":["Starlight","InstantArmor"],"picked":"BottledTime","floor":12},{"not_picked":["Acrobatics","Well Laid Plans"],"picked":"GearUp","floor":14},{"not_picked":["Deny","Tools of the Trade"],"picked":"PendulumOfEternity","floor":16},{"not_picked":["Hightail","FastForward"],"picked":"Comet","floor":18},{"not_picked":["Alleviate+1","DoubleEdge"],"picked":"RealityMarble+1","floor":21},{"not_picked":["Snipe","Collapse+1"],"picked":"Advance","floor":27},{"not_picked":["Barrier","Potential"],"picked":"Replace","floor":28},{"not_picked":["Defy","TimeWarp"],"picked":"Rewind+1","floor":29}],"player_experience":202582,"relics_obtained":[{"floor":7,"key":"aspiration:DSix"},{"floor":9,"key":"hubris:PeanutButter"},{"floor":26,"key":"Orichalcum"}],"event_choices":[{"damage_healed":0,"gold_gain":0,"player_choice":"Ignored","damage_taken":0,"max_hp_gain":0,"max_hp_loss":0,"event_name":"Liars Game","floor":5,"gold_loss":0},{"damage_healed":0,"gold_gain":0,"player_choice":"Shed Blood","damage_taken":16,"max_hp_gain":5,"max_hp_loss":0,"event_name":"Forgotten Altar","floor":20,"gold_loss":0}],"is_beta":false,"boss_relics":[{"not_picked":["aspiration:FutureDiary","Replay:Drink Me"],"picked":"aspiration:RitualDagger"}],"items_purged_floors":[],"is_endless":false,"potions_floor_spawned":[2,3,4,16,18,21,27,31],"killed_by":"3 Cultists","ascension_level":0}}