{"host":"v9ordiuf4xzdpttp","time":1609617570,"event":{"mods":["AchievementEnabler","Act Like it!","AlwaysNeverKeys","Aspiration","Bartender","BaseMod","Better Third Choice","Better Vampires","BetterRewards","Colored Map","Conspire","Downfall","Energized Spire","Gold Saver","GungeonMod","Halation","Hubris","Infinite Spire","Ironclad Rager","Jedi Mod","Marked Mod","Melee Mod","Minty Spire (QoL Compilation)","Pale of the Ancients","Remove Card Discount Mod","Replay The Spire","Robot Space Explorer","SOS???????","Shop Mod","Small Relic Pack","Somnambulant","Spicy Shops","StSLib","The Bladedancer","The Bug Knight","The Construct","The Death Knight","The Edgeheg","The Exalted","The Hayseed","The Runesmith","The Senshi","The Servant 0.9.4","The Wild Card","TheBandit","??????REMEMod"],"gold_per_floor":[954,954,974,992,1005,1038,261,261,261,276,292,321,332,351,351,454,454,474,474,492,492],"floor_reached":20,"playtime":1150,"items_purged":[],"score":266,"play_id":"0d8892d3-4f96-4f2f-b529-475dab96344e","local_time":"20210102145930","is_ascension_mode":true,"campfire_choices":[{"floor":8,"key":"REST"},{"floor":15,"key":"REST"}],"circlet_count":0,"master_deck":["Bash","ICR:RageStrike","ICR:RageStrike","ICR:RageStrike","ICR:RageStrike","ICR:RageStrike","ICR:ShieldBash","ICR:ShieldBash","ICR:ShieldBash","ICR:ShieldBash","jedi:brewingpoison","Pommel Strike","Iron Wave","Spot Weakness","hubris:SharpeningStone","Seeing Red","jedi:fear","Limit Break","Brutality","Heavy Blade","hubris:ReadiedAction","Eclipse"],"relics":["Burning Blood","REME_ComplimentaryCards","hubris:SphereOfDissonance","Lantern","REME_CardOfGreed","jedi:bottledfury","Pen Nib","MerchantsRug","Bromod:ArcaneGuardian","Durian","REME_DuelDisc","aspiration:RitualStick","DemoMod:GlassGuonStoneRelic"],"acts_visited":["Exordium","TheCity"],"potions_floor_usage":[12,12,13,18,20],"damage_taken":[{"damage":20,"enemies":"Jaw Worm","floor":1,"turns":4},{"damage":9,"enemies":"infinitespire:Voidling","floor":3,"turns":3},{"damage":2,"enemies":"Small Slimes","floor":4,"turns":4},{"damage":8,"enemies":"Blue Slaver","floor":5,"turns":3},{"damage":15,"enemies":"Gremlin Nob","floor":6,"turns":4},{"damage":11,"enemies":"Exordium Thugs","floor":10,"turns":3},{"damage":0,"enemies":"2 Fungi Beasts","floor":11,"turns":2},{"damage":33,"enemies":"3 Sentries","floor":12,"turns":5},{"damage":16,"enemies":"Exordium Wildlife","floor":13,"turns":2},{"damage":15,"enemies":"Large Slime","floor":14,"turns":2},{"damage":42,"enemies":"Hexaghost","floor":16,"turns":7},{"damage":11,"enemies":"Spheric Guardian","floor":18,"turns":3},{"damage":13,"enemies":"Centurion and Healer","floor":20,"turns":4}],"seed_played":"5977180941094906244","potions_obtained":[{"floor":1,"key":"Energy Potion"},{"floor":5,"key":"Languid Potion"},{"floor":10,"key":"Weak Potion"},{"floor":12,"key":"LiquidBronze"},{"floor":14,"key":"EssenceOfSteel"},{"floor":16,"key":"jedi:StrikingPotion"}],"is_trial":false,"path_per_floor":["M","?","M","M","M","E","$","R","T","M","M","E","M","M","R","B",null,"M","?","M"],"character_chosen":"IRONCLAD","items_purchased":["REME_CardOfGreed","jedi:fear","jedi:bottledfury","Pen Nib","MerchantsRug"],"campfire_rested":2,"item_purchase_floors":[7,7,7,7,7],"current_hp_per_floor":[58,58,64,68,66,57,57,80,80,75,80,58,48,39,64,28,71,66,49,42,42],"gold":492,"neow_bonus":"IRONCLAD_RAGER","is_daily":false,"chose_seed":false,"campfire_upgraded":0,"win_rate":0.0,"timestamp":1609617570,"path_taken":["M","?","M","?","M","E","$","R","T","M","M","E","M","M","R","BOSS","M","?","M"],"items_purchased_type":["Relic","Card","Relic","Relic","Relic"],"build_version":"2020-12-22","purchased_purges":0,"victory":false,"max_hp_per_floor":[80,80,80,80,80,80,80,80,80,80,80,85,85,85,85,85,85,85,85,85,85],"card_choices":[{"not_picked":["Burning Pact","Perfected Strike"],"picked":"Pommel Strike","floor":1},{"not_picked":["Clothesline","Run Through"],"picked":"Iron Wave","floor":3},{"not_picked":["REME_Cut","Iron Wave"],"picked":"Spot Weakness","floor":4},{"not_picked":["DemoMod:WhiteBlade","ReplayTheSpireMod:Limb From Limb"],"picked":"hubris:SharpeningStone","floor":5},{"not_picked":["Abandon","hubris:SharpeningStone"],"picked":"Seeing Red","floor":6},{"not_picked":["Searing Blow","Second Wind","Bloodletting"],"picked":"SKIP","floor":10},{"not_picked":["REME_SingleHolding","REME_FearOfPain"],"picked":"Limit Break","floor":11},{"not_picked":["Shrug It Off","Shockwave"],"picked":"Brutality","floor":12},{"not_picked":["Ghostly Armor","Havoc"],"picked":"Heavy Blade","floor":13},{"not_picked":["Wild Strike","ReplayTheSpireMod:Strike From Hell"],"picked":"hubris:ReadiedAction","floor":14},{"not_picked":["Immolate","REME_Fury"],"picked":"Eclipse","floor":16},{"not_picked":["Clothesline","Clash","infinitespire:OneForAll"],"picked":"SKIP","floor":18}],"player_experience":235457,"relics_obtained":[{"floor":2,"key":"hubris:SphereOfDissonance"},{"floor":6,"key":"Lantern"},{"floor":9,"key":"Bromod:ArcaneGuardian"},{"floor":12,"key":"Durian"}],"event_choices":[{"damage_healed":0,"gold_gain":0,"player_choice":"Relic","damage_taken":0,"max_hp_gain":0,"max_hp_loss":0,"event_name":"Wheel of Change","floor":2,"gold_loss":0}],"is_beta":false,"boss_relics":[{"not_picked":["energizedSpire:OgreHead","halation:PlatinumPhoenix"],"picked":"REME_DuelDisc"}],"items_purged_floors":[],"is_endless":false,"potions_floor_spawned":[1,5,10,12,14,16],"killed_by":"Centurion and Healer","ascension_level":8}}