{"host":"pl1fbpkom0aq337f","time":1609611175,"event":{"mods":["AchievementEnabler","BaseMod","Colored Map","Minty Spire (QoL Compilation)"],"gold_per_floor":[111,111,129,149,160,190,190,222,222,222,239,239,253,103,103,204,204,216,216,235,235,248,248,280,292,338,364,364,364,384,384,403,403,503,503,520,535,535,1534,771,771,784,59,59,91,103,129,146,146,157,157,157,157,157,7,41,41,41],"floor_reached":57,"playtime":4298,"items_purged":["Strike_G","Normality","Normality","Strike_G"],"score":1251,"play_id":"b460fa55-2c54-482c-a5e8-2d50a769a66c","local_time":"20210102191255","is_ascension_mode":true,"campfire_choices":[{"data":"Noxious Fumes","floor":7.0,"key":"SMITH"},{"data":"Acrobatics","floor":10.0,"key":"SMITH"},{"floor":12.0,"key":"REST"},{"data":"Footwork","floor":15.0,"key":"SMITH"},{"floor":23.0,"key":"REST"},{"data":"Adrenaline","floor":29.0,"key":"SMITH"},{"data":"Footwork","floor":33.0,"key":"SMITH"},{"data":"Apotheosis","floor":41.0,"key":"SMITH"},{"floor":51.0,"key":"RECALL"},{"data":"Night Terror","floor":54.0,"key":"SMITH"}],"circlet_count":0,"master_deck":["AscendersBane","Strike_G","Strike_G","Defend_G","Defend_G","Defend_G","Defend_G","Defend_G","Survivor","Neutralize","Deflect","Quick Slash","Noxious Fumes+1","All Out Attack","Grand Finale","Acrobatics+1","Footwork+1","Underhanded Strike","Footwork+1","Adrenaline+1","PiercingWail+1","Wraith Form v2","Dodge and Roll","Reflex","Backflip","Caltrops+1","Escape Plan","Acrobatics","Night Terror+1","Apotheosis+1","Crippling Poison+1","Secret Technique+1","Calculated Gamble+1"],"relics":["Calling Bell","Vajra","Eternal Feather","Ginger","Paper Crane","Thread and Needle","Sundial","SlaversCollar","Nilry\u0027s Codex","StrikeDummy","Toy Ornithopter","Art of War","Philosopher\u0027s Stone","Bottled Tornado","Kunai","Toxic Egg 2","Snake Skull","Letter Opener","Bird Faced Urn","Ninja Scroll","Shuriken"],"acts_visited":["Exordium","TheCity","TheBeyond","TheEnding"],"potions_floor_usage":[],"damage_taken":[{"damage":0.0,"enemies":"Small Slimes","floor":1.0,"turns":4.0},{"damage":5.0,"enemies":"Cultist","floor":3.0,"turns":5.0},{"damage":0.0,"enemies":"2 Louse","floor":4.0,"turns":3.0},{"damage":5.0,"enemies":"Blue Slaver","floor":5.0,"turns":4.0},{"damage":17.0,"enemies":"3 Sentries","floor":6.0,"turns":7.0},{"damage":33.0,"enemies":"Gremlin Nob","floor":8.0,"turns":5.0},{"damage":9.0,"enemies":"Gremlin Gang","floor":11.0,"turns":4.0},{"damage":0.0,"enemies":"Exordium Wildlife","floor":13.0,"turns":3.0},{"damage":30.0,"enemies":"Slime Boss","floor":16.0,"turns":8.0},{"damage":0.0,"enemies":"2 Thieves","floor":18.0,"turns":3.0},{"damage":6.0,"enemies":"Chosen","floor":20.0,"turns":8.0},{"damage":2.0,"enemies":"Sentry and Sphere","floor":22.0,"turns":8.0},{"damage":12.0,"enemies":"Gremlin Leader","floor":24.0,"turns":8.0},{"damage":0.0,"enemies":"3 Cultists","floor":25.0,"turns":6.0},{"damage":1.0,"enemies":"Book of Stabbing","floor":27.0,"turns":10.0},{"damage":16.0,"enemies":"Cultist and Chosen","floor":30.0,"turns":7.0},{"damage":21.0,"enemies":"Centurion and Healer","floor":32.0,"turns":5.0},{"damage":15.0,"enemies":"Champ","floor":34.0,"turns":16.0},{"damage":3.0,"enemies":"Orb Walker","floor":36.0,"turns":6.0},{"damage":20.0,"enemies":"3 Shapes","floor":37.0,"turns":6.0},{"damage":0.0,"enemies":"Maw","floor":42.0,"turns":11.0},{"damage":0.0,"enemies":"Nemesis","floor":45.0,"turns":11.0},{"damage":15.0,"enemies":"Writhing Mass","floor":46.0,"turns":8.0},{"damage":2.0,"enemies":"Giant Head","floor":47.0,"turns":10.0},{"damage":0.0,"enemies":"Transient","floor":48.0,"turns":5.0},{"damage":3.0,"enemies":"3 Darklings","floor":50.0,"turns":4.0},{"damage":16.0,"enemies":"Donu and Deca","floor":52.0,"turns":9.0},{"damage":39.0,"enemies":"Shield and Spear","floor":56.0,"turns":7.0},{"damage":96,"enemies":"The Heart","floor":57,"turns":3}],"seed_played":"5738002834160273674","potions_obtained":[{"floor":1.0,"key":"BlessingOfTheForge"},{"floor":5.0,"key":"DuplicationPotion"},{"floor":8.0,"key":"SkillPotion"},{"floor":13.0,"key":"AttackPotion"},{"floor":20.0,"key":"Strength Potion"},{"floor":25.0,"key":"BlessingOfTheForge"},{"floor":34.0,"key":"BlessingOfTheForge"}],"is_trial":false,"path_per_floor":["M","?","M","M","M","E","R","E","T","R","M","R","M","$","R","B",null,"M","?","M","?","M","R","E","M","T","E","T","R","M","M","M","R","B",null,"M","M","?","?","$","R","M","$","T","E","M","E","M","?","M","R","B",null,"R","$","E","B"],"character_chosen":"THE_SILENT","items_purchased":["Footwork","Apotheosis","Bottled Tornado","Kunai","Toxic Egg 2","Snake Skull","Secret Technique+1"],"campfire_rested":2,"item_purchase_floors":[14,40,40,40,43,43,43],"current_hp_per_floor":[63,63,58,58,53,36,45,12,12,21,12,42,42,42,54,24,59,59,43,37,37,35,68,56,56,56,55,55,70,54,54,33,48,38,62,59,39,39,39,39,57,57,57,57,57,50,64,70,67,66,67,67,67,67,67,36,0,0],"gold":41,"neow_bonus":"BOSS_RELIC","is_daily":false,"chose_seed":false,"campfire_upgraded":7,"win_rate":0.0,"timestamp":1609611175,"path_taken":["M","?","M","?","M","E","R","E","T","R","?","R","M","$","R","BOSS","M","?","M","?","M","R","E","M","T","E","?","R","M","?","M","R","BOSS","M","M","?","?","$","R","M","$","T","E","M","E","M","?","M","R","BOSS","R","$","E","BOSS"],"items_purchased_type":["Card","Card","Relic","Relic","Relic","Relic","Card"],"build_version":"2020-12-22","purchased_purges":4,"victory":false,"max_hp_per_floor":[70,70,70,70,70,70,70,70,70,70,70,70,70,70,70,70,70,70,70,70,70,70,70,70,70,70,70,70,70,70,70,70,70,70,70,70,70,70,70,70,70,70,70,70,70,70,70,70,67,67,67,67,67,67,67,67,67,67],"card_choices":[{"not_picked":["Outmaneuver","Dodge and Roll"],"picked":"Deflect","floor":1.0},{"not_picked":["Blur","Prepared"],"picked":"Quick Slash","floor":3.0},{"not_picked":["Bouncing Flask","Quick Slash"],"picked":"Noxious Fumes","floor":4.0},{"not_picked":["Backstab","Underhanded Strike"],"picked":"All Out Attack","floor":5.0},{"not_picked":["Reflex","Acrobatics"],"picked":"Grand Finale","floor":6.0},{"not_picked":["Grand Finale","Flying Knee"],"picked":"Acrobatics","floor":8.0},{"not_picked":["Poisoned Stab","Flying Knee"],"picked":"Footwork","floor":11.0},{"not_picked":["Dagger Spray","Cloak And Dagger"],"picked":"Underhanded Strike","floor":13.0},{"not_picked":["After Image","A Thousand Cuts"],"picked":"Adrenaline","floor":16.0},{"not_picked":["Deflect","Dagger Throw"],"picked":"PiercingWail+1","floor":18.0},{"not_picked":["Skewer","Eviscerate"],"picked":"Wraith Form v2","floor":20.0},{"not_picked":["Outmaneuver","Riddle With Holes"],"picked":"Dodge and Roll","floor":22.0},{"not_picked":["Blade Dance","Dash"],"picked":"Reflex","floor":24.0},{"not_picked":["Quick Slash","Sucker Punch+1"],"picked":"Backflip","floor":25.0},{"not_picked":["Flechettes","Dagger Throw"],"picked":"Caltrops+1","floor":27.0},{"not_picked":["Deflect+1","All Out Attack"],"picked":"Escape Plan","floor":30.0},{"not_picked":["Poisoned Stab","Blade Dance"],"picked":"Acrobatics","floor":32.0},{"not_picked":["Storm of Steel","Wraith Form v2"],"picked":"Night Terror","floor":34.0},{"not_picked":["Prepared","Outmaneuver","Sucker Punch+1"],"picked":"SKIP","floor":36.0},{"not_picked":["Blade Dance+1","Flying Knee+1","Infinite Blades"],"picked":"SKIP","floor":37.0},{"not_picked":["Finisher","Sucker Punch"],"picked":"Crippling Poison+1","floor":42.0},{"not_picked":["All Out Attack","Terror+1","Blade Dance+1"],"picked":"SKIP","floor":45.0},{"not_picked":["Blade Dance+1","Concentrate+1","Sucker Punch"],"picked":"SKIP","floor":46.0},{"not_picked":["Choke","Leg Sweep+1","All Out Attack+1"],"picked":"SKIP","floor":47.0},{"not_picked":["Outmaneuver+1","Quick Slash","Dodge and Roll+1"],"picked":"SKIP","floor":48.0},{"not_picked":["Distraction+1","Backstab+1","Grand Finale"],"picked":"SKIP","floor":50.0},{"not_picked":["Cloak And Dagger+1","Unload"],"picked":"Calculated Gamble+1","floor":56.0}],"player_experience":417903,"relics_obtained":[{"floor":0.0,"key":"Vajra"},{"floor":0.0,"key":"Eternal Feather"},{"floor":0.0,"key":"Ginger"},{"floor":6.0,"key":"Paper Crane"},{"floor":8.0,"key":"Thread and Needle"},{"floor":9.0,"key":"Sundial"},{"floor":19.0,"key":"Nilry\u0027s Codex"},{"floor":24.0,"key":"StrikeDummy"},{"floor":27.0,"key":"Toy Ornithopter"},{"floor":28.0,"key":"Art of War"},{"floor":44.0,"key":"Letter Opener"},{"floor":45.0,"key":"Bird Faced Urn"},{"floor":47.0,"key":"Ninja Scroll"},{"floor":56.0,"key":"Shuriken"}],"event_choices":[{"cards_removed":["Strike_G"],"damage_healed":0.0,"max_hp_gain":0.0,"max_hp_loss":0.0,"gold_gain":0.0,"event_name":"Purifier","player_choice":"Purged","floor":2.0,"gold_loss":0.0,"damage_taken":0.0},{"damage_healed":0.0,"max_hp_gain":0.0,"max_hp_loss":0.0,"gold_gain":0.0,"event_name":"Cursed Tome","player_choice":"Obtained Book","floor":19.0,"gold_loss":0.0,"damage_taken":16.0},{"damage_healed":0.0,"max_hp_gain":0.0,"max_hp_loss":0.0,"gold_gain":0.0,"event_name":"Ghosts","player_choice":"Ignored","floor":21.0,"gold_loss":0.0,"damage_taken":0.0},{"damage_healed":0.0,"max_hp_gain":0.0,"max_hp_loss":0.0,"gold_gain":0.0,"event_name":"Mysterious Sphere","player_choice":"Ignored","floor":38.0,"gold_loss":0.0,"damage_taken":0.0},{"damage_healed":0.0,"max_hp_gain":0.0,"max_hp_loss":0.0,"gold_gain":999.0,"event_name":"MindBloom","player_choice":"Gold","floor":39.0,"gold_loss":0.0,"damage_taken":0.0,"cards_obtained":["Normality","Normality"]},{"cards_removed":["Parasite"],"damage_healed":0.0,"max_hp_gain":0.0,"max_hp_loss":0.0,"gold_gain":0.0,"event_name":"Fountain of Cleansing","player_choice":"Removed Curses","floor":49.0,"gold_loss":0.0,"damage_taken":0.0}],"is_beta":false,"boss_relics":[{"not_picked":["SacredBark","Ectoplasm"],"picked":"SlaversCollar"},{"not_picked":["Astrolabe","Fusion Hammer"],"picked":"Philosopher\u0027s Stone"}],"items_purged_floors":[14,40,43,55],"is_endless":false,"potions_floor_spawned":[1,5,8,13,20,25,27,32,34,45,48,50],"killed_by":"The Heart","ascension_level":11}}