{"host":"svpf8ox5nbfhmg6q","time":1609572399,"event":{"mods":["2.2 Compatiblity","AchievementEnabler","BaseMod","Beaked The Cultist","Better Third Choice","Colored Powertips","Hermit","Highlight Path","Minty Spire (QoL Compilation)","Quick Restart","Random Character Button","Rare Cards Sparkle","Shop Mod","Spicy Shops","StSLib","The Animator","The Disciple","The Hierophant","The Kombatant","The Runesmith","The Saiyan","Uncapped","Waifu the Spire"],"gold_per_floor":[119,129,129,149,149,177,190,190,190,207,242,259,7,41,41,137,187,201,217,217,127,127,127],"floor_reached":22,"playtime":1742,"items_purged":["Strike_B","Strike_B"],"score":268,"play_id":"48ba179b-125f-4a5e-a538-b73941ae6053","local_time":"20210102012639","is_ascension_mode":true,"campfire_choices":[{"floor":8.0,"key":"REST"},{"floor":15.0,"key":"REST"}],"circlet_count":0,"master_deck":["Strike_B","Strike_B","Defend_B","Defend_B","Defend_B","Zap+1","Dualcast+1","Ball Lightning+1","Streamline","All Out Attack","Static Discharge","Ball Lightning","Conserve Battery","Streamline","Echo Form","Creative AI","Loop","Conserve Battery+1","Leap+1"],"relics":["Cracked Core","Regal Pillow","GremlinMask","Meat on the Bone","Pear","PreservedInsect","Medical Kit","Oddly Smooth Stone","Tiny House"],"acts_visited":["Exordium","TheCity"],"potions_floor_usage":[18],"damage_taken":[{"damage":2.0,"enemies":"Small Slimes","floor":1.0,"turns":3.0},{"damage":1.0,"enemies":"2 Louse","floor":2.0,"turns":2.0},{"damage":1.0,"enemies":"Cultist","floor":4.0,"turns":3.0},{"damage":21.0,"enemies":"Lagavulin","floor":6.0,"turns":7.0},{"damage":16.0,"enemies":"Lots of Slimes","floor":7.0,"turns":2.0},{"damage":13.0,"enemies":"3 Louse","floor":10.0,"turns":2.0},{"damage":15.0,"enemies":"3 Sentries","floor":11.0,"turns":4.0},{"damage":15.0,"enemies":"Large Slime","floor":12.0,"turns":4.0},{"damage":0.0,"enemies":"Gremlin Nob","floor":14.0,"turns":2.0},{"damage":12,"enemies":"The Guardian","floor":16,"turns":9},{"damage":20,"enemies":"Spheric Guardian","floor":18,"turns":5},{"damage":33,"enemies":"3 Byrds","floor":19,"turns":5},{"damage":53,"enemies":"Cultist and Chosen","floor":22,"turns":6}],"seed_played":"5078223652510191809","potions_obtained":[{"floor":1.0,"key":"Weak Potion"},{"floor":4.0,"key":"Fire Potion"},{"floor":7.0,"key":"SpeedPotion"},{"floor":17,"key":"LiquidBronze"}],"is_trial":false,"path_per_floor":["M","M","?","M","?","E","M","R","T","M","E","M","$","E","R","B",null,"M","M","?","?","M"],"character_chosen":"DEFECT","items_purchased":["Medical Kit"],"campfire_rested":2,"item_purchase_floors":[13],"current_hp_per_floor":[73,72,60,59,59,38,34,71,81,68,53,50,50,50,85,73,90,70,49,49,49,0,0],"gold":127,"neow_bonus":"UPGRADE_CARD","is_daily":false,"chose_seed":false,"campfire_upgraded":0,"win_rate":0.0,"timestamp":1609572399,"path_taken":["M","M","?","M","?","E","?","R","T","M","E","?","$","E","R","BOSS","M","M","?","?","?"],"items_purchased_type":["Relic"],"build_version":"2020-12-22","purchased_purges":2,"victory":false,"max_hp_per_floor":[75,75,75,75,75,75,75,75,85,85,85,85,85,85,85,85,90,90,90,90,90,90,90],"card_choices":[{"not_picked":["Skim","Double Energy"],"picked":"Ball Lightning","floor":1.0},{"not_picked":["Static Discharge","Cold Snap"],"picked":"Streamline","floor":2.0},{"not_picked":["Redo","Hologram"],"picked":"Static Discharge","floor":4.0},{"not_picked":["Steam","Redo","Sweeping Beam"],"picked":"SKIP","floor":6.0},{"not_picked":["Fission","Leap"],"picked":"Ball Lightning","floor":7.0},{"not_picked":["Compile Driver","Ball Lightning"],"picked":"Conserve Battery","floor":10.0},{"not_picked":["Compile Driver","Reboot"],"picked":"Streamline","floor":11.0},{"not_picked":["Glacier","Barrage","Cold Snap"],"picked":"SKIP","floor":12.0},{"not_picked":["Ball Lightning","Steam"],"picked":"Echo Form","floor":14.0},{"not_picked":["All For One","Fission"],"picked":"Creative AI","floor":16},{"not_picked":["Coolheaded","Rebound"],"picked":"Loop","floor":17},{"not_picked":["Skim+1","Steam Power+1"],"picked":"Conserve Battery+1","floor":18},{"not_picked":["Redo+1","Glacier"],"picked":"Leap+1","floor":19}],"player_experience":93251,"relics_obtained":[{"floor":6.0,"key":"Meat on the Bone"},{"floor":9.0,"key":"Pear"},{"floor":11.0,"key":"PreservedInsect"},{"floor":14.0,"key":"Oddly Smooth Stone"}],"event_choices":[{"damage_healed":0.0,"max_hp_gain":0.0,"max_hp_loss":0.0,"gold_gain":0.0,"event_name":"FaceTrader","player_choice":"Trade","floor":5.0,"gold_loss":0.0,"damage_taken":0.0,"relics_obtained":["GremlinMask"]},{"damage_healed":0,"gold_gain":0,"player_choice":"Ignored","damage_taken":0,"max_hp_gain":0,"max_hp_loss":0,"event_name":"The Mausoleum","floor":20,"gold_loss":0},{"cards_removed":["Defend_B"],"damage_healed":0,"gold_gain":0,"player_choice":"Upgrade and Remove","damage_taken":0,"max_hp_gain":0,"max_hp_loss":0,"event_name":"Designer","floor":21,"gold_loss":90,"cards_upgraded":["Dualcast"]}],"is_beta":false,"boss_relics":[{"not_picked":["Coffee Dripper","Calling Bell"],"picked":"Tiny House"}],"items_purged_floors":[13,13],"is_endless":false,"potions_floor_spawned":[1,4,7],"killed_by":"Cultist and Chosen","ascension_level":1}}