{"host":"ik8ww1p4uabx5gam","time":1609593397,"event":{"mods":["Always Whale","Aspiration","BaseMod","Better Third Choice","BetterRewards","Colored Map","Conspire","Energized Spire","FetchMod","Hubris","Infinite Spire","Jedi Mod","Minty Spire (QoL Compilation)","Random Character Button","Replay The Spire","Shop Mod","Spicy Shops","Spikes Relics","StSLib","The Blue Laboratory","Wandering Minibosses","??????REMEMod"],"gold_per_floor":[114,40,52,64,139,139,165,185,185,195,226,226,226,226,226,328,328,308,308,323,323,334,334,334,334],"floor_reached":24,"playtime":1206,"items_purged":[],"score":216,"play_id":"657b2fc9-b98b-49d0-a240-9996c4510034","local_time":"20210102071637","is_ascension_mode":true,"campfire_choices":[{"data":"Redo","floor":6,"key":"SMITH"},{"data":"Zap","floor":12,"key":"SMITH"},{"data":"FIFO Queue","floor":15,"key":"SMITH"},{"data":"Echo Form","floor":23,"key":"SMITH"}],"circlet_count":0,"master_deck":["Strike_B","Strike_B","Defend_B","Defend_B","Defend_B","Defend_B","Zap+1","Meteor Strike","Redo+1","Coolheaded","Steam","BasicCrystalCard","FIFO Queue+1","jedi:studyfrost","Stack","Bash","Venomology","Fission","Coolheaded","PlatinumSkin","Echo Form+1"],"relics":["REME_ComplimentaryCards","Happy Flower","SnailShell","conspire:BottledYoYo","Bronze Scales","Iron Core","Empty Cage","hubris:Towel"],"acts_visited":["Exordium","TheCity"],"potions_floor_usage":[11,18,22,24],"damage_taken":[{"damage":0,"enemies":"Small Slimes","floor":1,"turns":2},{"damage":19,"enemies":"infinitespire:Voidling","floor":3,"turns":4},{"damage":0,"enemies":"Cultist","floor":4,"turns":4},{"damage":4,"enemies":"Replay:BlueRogue","floor":7,"turns":8},{"damage":0,"enemies":"Looter","floor":8,"turns":3},{"damage":0,"enemies":"Large Slime","floor":10,"turns":5},{"damage":9,"enemies":"Lagavulin","floor":11,"turns":6},{"damage":19,"enemies":"The Guardian","floor":16,"turns":15},{"damage":3,"enemies":"2 Thieves","floor":18,"turns":4},{"damage":7,"enemies":"Shell Parasite","floor":20,"turns":5},{"damage":31,"enemies":"Snecko","floor":22,"turns":8},{"damage":33,"enemies":"REME_1_Revenger","floor":24,"turns":5}],"seed_played":"8420622548069323655","potions_obtained":[{"floor":4,"key":"Dexterity Potion"},{"floor":11,"key":"blueLaboratory:SavagePotion"},{"floor":22,"key":"Toxic Potion"}],"is_trial":false,"path_per_floor":["M","?","M","M","?","R","E","M","T","M","E","R","?","?","R","B",null,"M","?","M","?","M","R","E"],"character_chosen":"DEFECT","items_purchased":[],"campfire_rested":0,"item_purchase_floors":[],"current_hp_per_floor":[75,75,56,56,49,49,45,45,45,45,36,36,36,36,36,17,75,72,60,53,53,22,22,0,0],"gold":334,"neow_bonus":"ONE_RANDOM_RARE_CARD","is_daily":false,"chose_seed":false,"campfire_upgraded":4,"win_rate":0.0,"timestamp":1609593397,"path_taken":["M","?","?","M","?","R","E","M","T","?","E","R","?","?","R","BOSS","M","?","?","?","M","R","E"],"items_purchased_type":[],"build_version":"2020-12-22","purchased_purges":0,"victory":false,"max_hp_per_floor":[75,75,75,75,75,75,75,75,75,75,75,75,75,75,75,75,75,75,75,75,75,75,75,75,75],"card_choices":[{"not_picked":["ReplayTheSpireMod:Dual Polarity","jedi:blockon"],"picked":"Redo","floor":1},{"not_picked":["Self Repair","Redo"],"picked":"Coolheaded","floor":3},{"not_picked":["Sweeping Beam","Streamline"],"picked":"Steam","floor":4},{"not_picked":["Coolheaded","Leap"],"picked":"BasicCrystalCard","floor":7},{"not_picked":["ReplayTheSpireMod:Calculation Training","jedi:reiji"],"picked":"FIFO Queue","floor":8},{"not_picked":["jedi:overflow","Gash"],"picked":"jedi:studyfrost","floor":10},{"not_picked":["Compile Driver","Ball Lightning"],"picked":"Stack","floor":11},{"not_picked":["Double Tap","jedi:readyaimfire"],"picked":"Fission","floor":16},{"not_picked":["Leap","Force Field"],"picked":"Coolheaded","floor":18},{"not_picked":["Compile Driver+1","jedi:BurstFrost","jedi:markofdeath"],"picked":"SKIP","floor":20},{"not_picked":["Cold Snap+1","jedi:spotbugs"],"picked":"Echo Form","floor":22}],"player_experience":920999,"relics_obtained":[{"floor":7,"key":"SnailShell"},{"floor":9,"key":"conspire:BottledYoYo"},{"floor":11,"key":"Bronze Scales"}],"event_choices":[{"damage_healed":0,"gold_gain":0,"player_choice":"Paid Gold","damage_taken":0,"relics_obtained":["Happy Flower"],"max_hp_gain":0,"max_hp_loss":0,"event_name":"WeMeetAgain","floor":2,"gold_loss":74},{"damage_healed":0,"gold_gain":75,"player_choice":"Touch","damage_taken":7,"max_hp_gain":0,"max_hp_loss":0,"event_name":"FaceTrader","floor":5,"gold_loss":0},{"damage_healed":0,"gold_gain":0,"player_choice":"CARD ","damage_taken":12,"max_hp_gain":0,"max_hp_loss":0,"event_name":"Knowing Skull","floor":19,"potions_obtained":[],"gold_loss":0,"cards_obtained":["PlatinumSkin"]}],"is_beta":false,"boss_relics":[{"not_picked":["REME_DemonsWealth","Kintsugi"],"picked":"Empty Cage"}],"items_purged_floors":[],"is_endless":false,"potions_floor_spawned":[4,11,22],"killed_by":"REME_1_Revenger","ascension_level":1}}