{"host":"z9811rt50ti81n54","time":1609590106,"event":{"mods":["BaseMod","Minty Spire (QoL Compilation)","Relic Stats"],"gold_per_floor":[119,19,36,51,51,51,51,51,51,51,127,127,147,161,161,260,260,272,68,68,167,82,82,99,99,99,99,114,114,131,33,33,131,131,144,144,144,155,2,2,2,18,95,113,113,113],"floor_reached":45,"playtime":1134,"items_purged":["Decay"],"score":451,"play_id":"e5b75b83-20ee-4d64-888e-8d587e53c5fb","local_time":"20210102212145","is_ascension_mode":false,"campfire_choices":[{"data":"Mayhem","floor":6,"key":"SMITH"},{"data":"Shockwave","floor":8,"key":"SMITH"},{"data":"Havoc","floor":10,"key":"SMITH"},{"data":"Bash","floor":12,"key":"SMITH"},{"data":"Offering","floor":15,"key":"SMITH"},{"data":"Chrysalis","floor":23,"key":"SMITH"},{"data":"Anger","floor":25,"key":"PURGE"},{"floor":29,"key":"DIG"},{"data":"Rupture","floor":32,"key":"SMITH"},{"floor":40,"key":"DIG"}],"circlet_count":0,"master_deck":["Bash+1","Mayhem+1","Twin Strike","Iron Wave","Havoc+1","Shockwave+1","Offering+1","Corruption","Heavy Blade","Body Slam","Combust","Hemokinesis","Power Through","Pommel Strike","Infernal Blade","Hemokinesis","Shockwave","Chrysalis+1","Burning Pact","Ghostly","Ghostly","Ghostly","Ghostly","Ghostly","Entrench+1","Shrug It Off+1","Entrench+1","Rupture+1","Feed","Corruption","Exhume","Havoc+1","Dual Wield","Feel No Pain+1"],"relics":["Burning Blood","Kunai","Paper Frog","Pandora\u0027s Box","Peace Pipe","Shovel","Prayer Wheel","Strawberry","Sozu","Lee\u0027s Waffle","Potion Belt","Bottled Flame"],"acts_visited":["Exordium","TheCity","TheBeyond"],"potions_floor_usage":[33,33,33],"damage_taken":[{"damage":3,"enemies":"Cultist","floor":1,"turns":3},{"damage":2,"enemies":"2 Louse","floor":3,"turns":3},{"damage":7,"enemies":"Jaw Worm","floor":4,"turns":4},{"damage":7,"enemies":"Gremlin Gang","floor":13,"turns":5},{"damage":0,"enemies":"Exordium Wildlife","floor":14,"turns":2},{"damage":39,"enemies":"Slime Boss","floor":16,"turns":11},{"damage":6,"enemies":"Chosen","floor":18,"turns":3},{"damage":12,"enemies":"2 Thieves","floor":24,"turns":3},{"damage":9,"enemies":"Centurion and Healer","floor":28,"turns":5},{"damage":13,"enemies":"Shelled Parasite and Fungi","floor":30,"turns":5},{"damage":13,"enemies":"Champ","floor":33,"turns":8},{"damage":9,"enemies":"3 Darklings","floor":35,"turns":5},{"damage":5,"enemies":"Orb Walker","floor":38,"turns":3},{"damage":11,"enemies":"Jaw Worm Horde","floor":42,"turns":6},{"damage":17,"enemies":"Sphere and 2 Shapes","floor":44,"turns":5},{"damage":0,"enemies":"4 Shapes","floor":45,"turns":1}],"seed_played":"-8439045093289929198","potions_obtained":[{"floor":16,"key":"FearPotion"},{"floor":28,"key":"Weak Potion"}],"is_trial":false,"path_per_floor":["M","$","M","M","$","R","?","R","T","R","T","R","M","M","R","B",null,"M","$","?","?","?","R","M","R","T","T","M","R","M","$","R","B",null,"M","?","?","M","$","R","$","M","T","M","M"],"character_chosen":"IRONCLAD","items_purchased":["Anger","Chrysalis","Burning Pact","EntropicBrew","Lee\u0027s Waffle"],"campfire_rested":0,"item_purchase_floors":[2,19,19,31,39],"current_hp_per_floor":[80,80,80,79,79,79,79,79,79,79,79,79,78,80,80,47,80,80,80,40,40,40,40,34,34,34,34,31,38,31,31,31,27,50,47,47,47,48,57,57,57,52,52,41,41,41],"gold":113,"neow_bonus":"RANDOM_COLORLESS_2","is_daily":false,"chose_seed":false,"campfire_upgraded":7,"win_rate":0.0,"timestamp":1609590105,"path_taken":["M","$","M","M","?","R","?","R","T","R","?","R","?","M","R","BOSS","M","$","?","?","?","R","M","R","T","?","M","R","?","$","R","BOSS","M","?","?","M","$","R","?","M","T","?","?"],"items_purchased_type":["Card","Card","Card","Potion","Relic"],"build_version":"2020-12-22","purchased_purges":1,"victory":false,"max_hp_per_floor":[80,80,80,80,80,80,80,80,80,80,80,80,80,80,80,80,80,80,80,40,40,40,40,40,40,40,40,40,47,47,47,47,50,50,50,50,50,50,57,57,57,57,57,57,57,57],"relic_stats":{"Peace Pipe":1,"Sozu":1,"Lee\u0027s Waffle":9,"Shovel":2,"counters":[16,72],"Pandora\u0027s Box":["Heavy Blade","Body Slam","Combust","Hemokinesis","Power Through","Pommel Strike","Infernal Blade","Hemokinesis"],"Prayer Wheel":6,"Kunai":[21],"obtain_stats":[{"Peace Pipe":22,"Sozu":34,"Potion Belt":40,"Lee\u0027s Waffle":39,"Bottled Flame":43,"Shovel":26,"Strawberry":29,"Pandora\u0027s Box":17,"Prayer Wheel":27,"Kunai":9,"Burning Blood":0,"Paper Frog":11},{"Peace Pipe":7,"Sozu":11,"Potion Belt":13,"Lee\u0027s Waffle":13,"Bottled Flame":14,"Shovel":8,"Strawberry":9,"Pandora\u0027s Box":6,"Prayer Wheel":8,"Kunai":3,"Burning Blood":0,"Paper Frog":3},{"Peace Pipe":31,"Sozu":52,"Potion Belt":60,"Lee\u0027s Waffle":60,"Bottled Flame":66,"Shovel":34,"Strawberry":39,"Pandora\u0027s Box":28,"Prayer Wheel":34,"Kunai":10,"Burning Blood":0,"Paper Frog":10}],"Burning Blood":79},"card_choices":[{"not_picked":["Magnetism","Secret Technique"],"picked":"Mayhem","floor":0},{"not_picked":["True Grit","Wild Strike"],"picked":"Twin Strike","floor":1},{"not_picked":["Reckless Charge","Flex"],"picked":"Iron Wave","floor":3},{"not_picked":["Heavy Blade","Searing Blow"],"picked":"Havoc","floor":4},{"not_picked":["Armaments","Anger","Reckless Charge"],"picked":"SKIP","floor":13},{"not_picked":["Thunderclap","Sword Boomerang"],"picked":"Offering","floor":14},{"not_picked":["Limit Break","Exhume"],"picked":"Corruption","floor":16},{"not_picked":["Twin Strike+1","Clothesline"],"picked":"Shockwave","floor":18},{"not_picked":["Thunderclap","Wild Strike"],"picked":"Entrench+1","floor":24},{"not_picked":["Warcry+1","Blood for Blood+1"],"picked":"Shrug It Off+1","floor":28},{"not_picked":["Warcry+1","Sword Boomerang+1"],"picked":"Entrench+1","floor":28},{"not_picked":["Headbutt","Body Slam"],"picked":"Rupture","floor":30},{"not_picked":["Anger","Shrug It Off"],"picked":"Feed","floor":30},{"not_picked":["Double Tap","Feed"],"picked":"Corruption","floor":33},{"not_picked":["Armaments","Cleave","Havoc"],"picked":"SKIP","floor":35},{"not_picked":["Warcry","Clothesline+1","Spot Weakness+1"],"picked":"SKIP","floor":35},{"not_picked":["Wild Strike","Iron Wave"],"picked":"Exhume","floor":38},{"not_picked":["Headbutt+1","Warcry","Flex"],"picked":"SKIP","floor":38},{"not_picked":["Hemokinesis","Clash"],"picked":"Havoc+1","floor":42},{"not_picked":["Perfected Strike","True Grit+1"],"picked":"Dual Wield","floor":42},{"not_picked":["Sentinel","Shockwave"],"picked":"Feel No Pain+1","floor":44},{"not_picked":["Metallicize","Perfected Strike","Clash+1"],"picked":"SKIP","floor":44}],"player_experience":268403,"relics_obtained":[{"floor":9,"key":"Kunai"},{"floor":11,"key":"Paper Frog"},{"floor":26,"key":"Shovel"},{"floor":27,"key":"Prayer Wheel"},{"floor":29,"key":"Strawberry"},{"floor":40,"key":"Potion Belt"},{"floor":43,"key":"Bottled Flame"}],"event_choices":[{"damage_healed":0,"gold_gain":0,"cards_transformed":["Strike_R"],"player_choice":"Change","damage_taken":0,"max_hp_gain":0,"max_hp_loss":0,"event_name":"Living Wall","floor":7,"gold_loss":0,"cards_obtained":["Shockwave"]},{"damage_healed":0,"gold_gain":0,"player_choice":"Became a Ghost","damage_taken":0,"max_hp_gain":0,"max_hp_loss":40,"event_name":"Ghosts","floor":20,"gold_loss":0,"cards_obtained":["Ghostly","Ghostly","Ghostly","Ghostly","Ghostly"]},{"damage_healed":0,"gold_gain":99,"player_choice":"Stole From Cult","damage_taken":0,"max_hp_gain":0,"max_hp_loss":0,"event_name":"Nest","floor":21,"gold_loss":0},{"damage_healed":0,"gold_gain":0,"player_choice":"Obtained Relic","damage_taken":0,"relics_obtained":["Peace Pipe"],"max_hp_gain":0,"max_hp_loss":0,"event_name":"Addict","floor":22,"gold_loss":85},{"damage_healed":0,"gold_gain":0,"player_choice":"Ignored","damage_taken":0,"max_hp_gain":0,"max_hp_loss":0,"event_name":"Mysterious Sphere","floor":36,"gold_loss":0},{"damage_healed":0,"gold_gain":0,"player_choice":"Memory 1","damage_taken":0,"max_hp_gain":0,"max_hp_loss":0,"event_name":"SensoryStone","floor":37,"gold_loss":0}],"is_beta":false,"boss_relics":[{"not_picked":["Runic Dome","SacredBark"],"picked":"Pandora\u0027s Box"},{"not_picked":["Black Star","Mark of Pain"],"picked":"Sozu"}],"items_purged_floors":[2],"is_endless":false,"potions_floor_spawned":[16,28,38],"killed_by":"4 Shapes","ascension_level":0}}