{"host":"aas8f8jvicx6tcxp","time":1609570856,"event":{"mods":["BaseMod","Better Third Choice","BetterRewards","Downfall","Hermit","Jorbs\u0027s Wanderer Trilogy","Minty Spire (QoL Compilation)","Robot Space Explorer","StSLib","The Cursed"],"gold_per_floor":[109,284,284,295,314,343,355,355,408,434,434,154,184,197,197,293,293,311,138,158,175,192,192,224,194,247,264,264,664,677,697,697,800,800,811,823,823,823,823],"floor_reached":38,"playtime":3216,"items_purged":["Doubt"],"score":593,"play_id":"7937406e-6795-43d2-88eb-56a50a21ba06","local_time":"20210102010056","is_ascension_mode":false,"campfire_choices":[{"data":"expansioncontent:DonusPower","floor":8,"key":"SMITH"},{"floor":11,"key":"REST"},{"floor":15,"key":"REST"},{"floor":23,"key":"REST"},{"floor":28,"key":"REST"},{"floor":32,"key":"REST"}],"circlet_count":0,"master_deck":["Strike_B","Strike_B","Strike_B","Strike_B","Defend_B","Defend_B+1","Defend_B+1","Defend_B","Zap","Dualcast","expansioncontent:DonusPower+1","Lockon","Cold Snap","Capacitor","Genetic Algorithm","Scrape","All For One","expansioncontent:TimeRipple","Ball Lightning","Multi-Cast","Blizzard","expansioncontent:DefensiveStance","Beam Cell","Rip and Tear+1","Aggregate","Redo+1","Streamline+1","Barrage+1","Recycle","FTL+1","Amplify","Tempest+1","Conserve Battery+1"],"relics":["Cracked Core","Guardian:PocketSentry","Bag of Marbles","Happy Flower","Pen Nib","Membership Card","Bottled Tornado","SlaversCollar","Eternal Feather","Oddly Smooth Stone","War Paint","Old Coin","Darkstone Periapt","SacredBark"],"acts_visited":["Exordium","TheCity","TheBeyond"],"potions_floor_usage":[6,10,16,18,20,22,27,27,27,29,31,35],"damage_taken":[{"damage":1,"enemies":"2 Louse","floor":1,"turns":3},{"damage":6,"enemies":"Jaw Worm","floor":4,"turns":2},{"damage":0,"enemies":"Cultist","floor":5,"turns":3},{"damage":25,"enemies":"3 Sentries","floor":6,"turns":7},{"damage":9,"enemies":"Looter","floor":7,"turns":2},{"damage":10,"enemies":"Lagavulin","floor":10,"turns":5},{"damage":12,"enemies":"Gremlin Nob","floor":13,"turns":3},{"damage":0,"enemies":"Large Slime","floor":14,"turns":3},{"damage":46,"enemies":"The Guardian","floor":16,"turns":9},{"damage":24,"enemies":"2 Thieves","floor":18,"turns":4},{"damage":10,"enemies":"3 Byrds","floor":20,"turns":5},{"damage":10,"enemies":"Snake Plant","floor":21,"turns":4},{"damage":10,"enemies":"Centurion and Healer","floor":22,"turns":5},{"damage":3,"enemies":"Book of Stabbing","floor":24,"turns":4},{"damage":25,"enemies":"Shelled Parasite and Fungi","floor":27,"turns":4},{"damage":27,"enemies":"Colosseum Slavers","floor":29,"turns":3},{"damage":12,"enemies":"Colosseum Nobs","floor":29,"turns":3},{"damage":20,"enemies":"Cultist and Chosen","floor":30,"turns":4},{"damage":22,"enemies":"Snake Plant","floor":31,"turns":4},{"damage":32,"enemies":"Champ","floor":33,"turns":9},{"damage":17,"enemies":"3 Shapes","floor":35,"turns":2},{"damage":51,"enemies":"3 Darklings","floor":36,"turns":10},{"damage":12,"enemies":"Jaw Worm Horde","floor":38,"turns":2}],"seed_played":"-2285972381525862630","potions_obtained":[{"floor":5,"key":"ColorlessPotion"},{"floor":7,"key":"EssenceOfSteel"},{"floor":14,"key":"Fire Potion"},{"floor":16,"key":"DuplicationPotion"},{"floor":18,"key":"BlessingOfTheForge"},{"floor":21,"key":"FearPotion"},{"floor":25,"key":"EntropicBrew"},{"floor":25,"key":"Guardian:BlockOnCardUsePotion"},{"floor":30,"key":"LiquidMemories"},{"floor":33,"key":"Swift Potion"}],"is_trial":false,"path_per_floor":["M","?","?","M","M","E","M","R","T","E","R","$","E","M","R","B",null,"M","$","M","M","M","R","E","?","T","M","R","?","M","M","R","B",null,"M","M","?","M"],"character_chosen":"DEFECT","items_purchased":["expansioncontent:DonusPower","Guardian:PocketSentry","Lockon","Membership Card","FairyPotion","expansioncontent:TimeRipple","expansioncontent:DefensiveStance","Eternal Feather"],"campfire_rested":5,"item_purchase_floors":[0,0,0,12,12,12,19,19],"current_hp_per_floor":[74,74,74,68,68,43,34,34,34,24,46,46,34,34,56,10,75,51,51,41,31,21,58,55,55,55,30,67,28,8,9,49,17,75,58,7,7,0,0],"gold":823,"neow_bonus":"","is_daily":false,"chose_seed":false,"campfire_upgraded":1,"win_rate":0.0,"timestamp":1609570856,"path_taken":["M","?","?","M","M","E","M","R","T","E","R","$","E","M","R","BOSS","M","$","M","M","M","R","E","?","T","?","R","?","M","M","R","BOSS","M","M","?","M"],"items_purchased_type":["Card","Relic","Card","Relic","Potion","Card","Card","Relic"],"build_version":"2020-12-22","purchased_purges":1,"victory":false,"max_hp_per_floor":[75,75,75,75,75,75,75,75,75,75,75,75,75,75,75,75,75,75,75,75,75,75,75,75,75,75,75,75,75,75,75,75,75,75,75,75,75,75,75],"card_choices":[{"not_picked":["Sweeping Beam","Steam"],"picked":"Cold Snap","floor":1},{"not_picked":["Rebound","Skim","Hologram"],"picked":"SKIP","floor":4},{"not_picked":["Stack","Ball Lightning"],"picked":"Capacitor","floor":5},{"not_picked":["Hyperbeam","Leap"],"picked":"Genetic Algorithm","floor":6},{"not_picked":["Capacitor","Beam Cell"],"picked":"Scrape","floor":7},{"not_picked":["Cold Snap","Reboot"],"picked":"All For One","floor":10},{"not_picked":["Skim","Leap","Reprogram"],"picked":"SKIP","floor":13},{"not_picked":["Steam","Compile Driver"],"picked":"Ball Lightning","floor":14},{"not_picked":["All For One","Seek"],"picked":"Multi-Cast","floor":16},{"not_picked":["Streamline","Steam"],"picked":"Blizzard","floor":18},{"not_picked":["Force Field+1","Gash"],"picked":"Beam Cell","floor":20},{"not_picked":["Barrage","Leap"],"picked":"Rip and Tear+1","floor":21},{"not_picked":["Melter","Compile Driver"],"picked":"Aggregate","floor":22},{"not_picked":["Force Field","Conserve Battery"],"picked":"Redo+1","floor":24},{"not_picked":["Cold Snap","Genetic Algorithm+1"],"picked":"Streamline+1","floor":27},{"not_picked":["Consume+1","Scrape+1"],"picked":"Barrage+1","floor":29},{"not_picked":["Sweeping Beam","Coolheaded"],"picked":"Recycle","floor":30},{"not_picked":["Meteor Strike","Fusion"],"picked":"FTL+1","floor":31},{"not_picked":["Meteor Strike","Hyperbeam"],"picked":"Amplify","floor":33},{"not_picked":["Conserve Battery","Blizzard+1"],"picked":"Tempest+1","floor":35},{"not_picked":["Go for the Eyes","Cold Snap"],"picked":"Conserve Battery+1","floor":36}],"player_experience":287552,"relics_obtained":[{"floor":6,"key":"Bag of Marbles"},{"floor":9,"key":"Happy Flower"},{"floor":10,"key":"Pen Nib"},{"floor":13,"key":"Bottled Tornado"},{"floor":24,"key":"Oddly Smooth Stone"},{"floor":26,"key":"War Paint"},{"floor":29,"key":"Old Coin"},{"floor":29,"key":"Darkstone Periapt"}],"event_choices":[{"damage_healed":0,"gold_gain":175,"player_choice":"AGREE","damage_taken":109,"max_hp_gain":0,"max_hp_loss":0,"event_name":"betterThird:BetterSerpent","floor":2,"gold_loss":0},{"damage_healed":0,"gold_gain":0,"player_choice":"Ignored","damage_taken":0,"max_hp_gain":0,"max_hp_loss":0,"event_name":"Golden Wing","floor":3,"gold_loss":0},{"damage_healed":0,"gold_gain":0,"player_choice":"Bought 2 Potions","damage_taken":0,"max_hp_gain":0,"max_hp_loss":0,"event_name":"The Woman in Blue","floor":25,"gold_loss":0},{"damage_healed":0,"gold_gain":0,"player_choice":"Fight","damage_taken":0,"max_hp_gain":0,"max_hp_loss":0,"event_name":"Colosseum","floor":29,"gold_loss":0},{"damage_healed":0,"gold_gain":0,"player_choice":"Fought Nobs","damage_taken":0,"max_hp_gain":0,"max_hp_loss":0,"event_name":"Colosseum","floor":29,"gold_loss":0},{"damage_healed":0,"gold_gain":0,"player_choice":"Ignored","damage_taken":0,"max_hp_gain":0,"max_hp_loss":0,"event_name":"Mysterious Sphere","floor":37,"gold_loss":0}],"is_beta":false,"boss_relics":[{"not_picked":["Pandora\u0027s Box","Fusion Hammer"],"picked":"SlaversCollar"},{"not_picked":["Runic Dome","Snecko Eye"],"picked":"SacredBark"}],"items_purged_floors":[12],"is_endless":false,"potions_floor_spawned":[5,7,14,16,18,21,30,33],"killed_by":"Jaw Worm Horde","ascension_level":0}}