{"host":"sc0o2qwpf9j16a4i","time":1609622522,"event":{"mods":["AchievementEnabler","BaseMod","BetterRewards","Block Reminder","Colored Map","Colored Powertips","Custom Start","Highlight Path","Minty Spire (QoL Compilation)","Relic Stats"],"gold_per_floor":[110,110,123,141,156,156,190,190,214,214,230,230,256,256,256,330,330,347,365,379,172,192,192,192],"floor_reached":23,"playtime":769,"items_purged":["Strike_R"],"score":406,"play_id":"4691524b-06db-46a1-a188-420de54ffe2d","local_time":"20210102232202","is_ascension_mode":true,"campfire_choices":[{"floor":6.0,"key":"REST"},{"floor":8.0,"key":"REST"},{"floor":12.0,"key":"REST"},{"data":"Armaments","floor":15.0,"key":"SMITH"}],"circlet_count":0,"master_deck":["AscendersBane","Strike_R","Strike_R","Strike_R","Defend_R","Defend_R","Defend_R","Defend_R","Bash","Shockwave+1","Spot Weakness","Iron Wave","Shrug It Off","Armaments+1","Impervious","Reaper","Body Slam","Body Slam+1","Pommel Strike"],"relics":["SlaversCollar","Strawberry","Bronze Scales","Art of War","Smiling Mask","Coffee Dripper","Sling"],"acts_visited":["Exordium","TheCity"],"potions_floor_usage":[22,22],"damage_taken":[{"damage":13.0,"enemies":"Small Slimes","floor":1.0,"turns":5.0},{"damage":3.0,"enemies":"Cultist","floor":3.0,"turns":5.0},{"damage":4.0,"enemies":"Jaw Worm","floor":4.0,"turns":4.0},{"damage":16.0,"enemies":"3 Louse","floor":5.0,"turns":3.0},{"damage":32.0,"enemies":"3 Sentries","floor":7.0,"turns":10.0},{"damage":9.0,"enemies":"Lots of Slimes","floor":11.0,"turns":4.0},{"damage":2.0,"enemies":"Lagavulin","floor":13.0,"turns":6.0},{"damage":30.0,"enemies":"Hexaghost","floor":16.0,"turns":8.0},{"damage":52.0,"enemies":"Chosen","floor":18.0,"turns":9.0},{"damage":21.0,"enemies":"Spheric Guardian","floor":19.0,"turns":6.0},{"damage":12.0,"enemies":"Snecko","floor":20.0,"turns":7.0},{"damage":4,"enemies":"Snake Plant","floor":22,"turns":4},{"damage":39,"enemies":"3 Cultists","floor":23,"turns":5}],"seed_played":"-2529130775002966263","potions_obtained":[{"floor":1.0,"key":"CultistPotion"},{"floor":4.0,"key":"SpeedPotion"},{"floor":18.0,"key":"SpeedPotion"},{"floor":20.0,"key":"DuplicationPotion"}],"is_trial":false,"path_per_floor":["M","?","M","M","M","R","E","R","T","?","M","R","E","?","R","B",null,"M","M","M","$","M","M"],"character_chosen":"IRONCLAD","items_purchased":["Sling"],"campfire_rested":3,"item_purchase_floors":[21],"current_hp_per_floor":[55,55,52,48,32,54,29,53,53,48,39,63,61,61,61,31,69,26,16,10,10,18,0,0],"gold":192,"neow_bonus":"BOSS_RELIC","is_daily":false,"chose_seed":false,"campfire_upgraded":1,"win_rate":0.0,"timestamp":1609622522,"path_taken":["M","?","?","M","M","R","E","R","T","?","M","R","E","?","R","BOSS","M","M","M","?","M","M"],"items_purchased_type":["Relic"],"build_version":"2020-12-22","purchased_purges":1,"victory":false,"max_hp_per_floor":[75,75,75,75,75,75,82,82,82,82,82,82,82,82,82,82,82,82,82,82,82,82,82,82],"relic_stats":{"counters":[13,76],"Bronze Scales":[148],"Art of War":[12],"Smiling Mask":25,"obtain_stats":[{"SlaversCollar":0,"Strawberry":7,"Bronze Scales":9,"Art of War":10,"Coffee Dripper":17,"Smiling Mask":13,"Sling":21,"Burning Blood":0},{"SlaversCollar":0,"Strawberry":5,"Bronze Scales":5,"Art of War":5,"Coffee Dripper":8,"Smiling Mask":7,"Sling":11,"Burning Blood":0},{"SlaversCollar":0,"Strawberry":27,"Bronze Scales":27,"Art of War":27,"Coffee Dripper":45,"Smiling Mask":37,"Sling":67,"Burning Blood":0}]},"card_choices":[{"not_picked":["Sword Boomerang","Heavy Blade"],"picked":"Shockwave","floor":1.0},{"not_picked":["Iron Wave","Clash"],"picked":"Spot Weakness","floor":3.0},{"not_picked":["Fire Breathing","Twin Strike"],"picked":"Iron Wave","floor":4.0},{"not_picked":["Heavy Blade","Sword Boomerang"],"picked":"Shrug It Off","floor":5.0},{"not_picked":["Entrench","Thunderclap","Intimidate"],"picked":"SKIP","floor":7.0},{"not_picked":["Shrug It Off","Feel No Pain"],"picked":"Armaments","floor":11.0},{"not_picked":["Flex","True Grit"],"picked":"Impervious","floor":13.0},{"not_picked":["Impervious","Exhume"],"picked":"Reaper","floor":16.0},{"not_picked":["Reckless Charge","Sword Boomerang"],"picked":"Body Slam","floor":18.0},{"not_picked":["Perfected Strike","Clash"],"picked":"Body Slam+1","floor":19.0},{"not_picked":["Clash","Armaments","Sentinel"],"picked":"SKIP","floor":20.0},{"not_picked":["Twin Strike","Infernal Blade"],"picked":"Pommel Strike","floor":22}],"player_experience":526640,"relics_obtained":[{"floor":7.0,"key":"Strawberry"},{"floor":9.0,"key":"Bronze Scales"},{"floor":13.0,"key":"Smiling Mask"}],"event_choices":[{"damage_healed":0.0,"max_hp_gain":0.0,"max_hp_loss":0.0,"gold_gain":0.0,"event_name":"Upgrade Shrine","player_choice":"Upgraded","floor":2.0,"gold_loss":0.0,"damage_taken":0.0,"cards_upgraded":["Shockwave"]},{"damage_healed":0.0,"max_hp_gain":0.0,"max_hp_loss":0.0,"gold_gain":0.0,"event_name":"Scrap Ooze","player_choice":"Success","floor":10.0,"gold_loss":0.0,"damage_taken":5.0,"relics_obtained":["Art of War"]},{"cards_removed":["Strike_R"],"damage_healed":0.0,"max_hp_gain":0.0,"max_hp_loss":0.0,"gold_gain":0.0,"event_name":"Bonfire Elementals","player_choice":"Offered Basic","floor":14.0,"gold_loss":0.0,"damage_taken":0.0}],"is_beta":false,"boss_relics":[{"not_picked":["Calling Bell","Runic Cube"],"picked":"Coffee Dripper"}],"items_purged_floors":[21],"is_endless":false,"potions_floor_spawned":[1,4,11,13,18,20],"killed_by":"3 Cultists","ascension_level":20}}