{"host":"9inlmzyzdhcrisrs","time":1609577702,"event":{"mods":["AchievementEnabler","BaseMod","BetterRewards","Colored Map","Colored Powertips","Conspire","Dota2Spire","Downfall","GungeonMod","Highlight Path","Infinite Spire","Luminous","Marisa£®ÏF”Í°°ƒß¿Ì…≥£©","Mimic Mod","Minty Spire (QoL Compilation)","MostiFishMod","Permanent Neow","Quick Restart","Rare Cards Sparkle","Remove Card Discount Mod","Replay The Spire","Shop Mod","Spicy Shops","StSLib","SuperFastMode","The Cursed","The Dragon Tamer","The Jungle","The Servant 0.9.4","Transform Curses","Unceasing Turn Reminder"],"gold_per_floor":[113,124,135,150,150,182,182,194,228,228,242,242,242,49,49,152,152,171,181,194,194,194,194,226,226,261,261,1,13,13,31,31,130,130,145,163,181,181,181],"floor_reached":38,"playtime":2336,"items_purged":[],"score":448,"play_id":"94742db5-517c-481d-a674-6add8212b443","local_time":"20210102165502","is_ascension_mode":false,"campfire_choices":[{"floor":7.0,"key":"REST"},{"floor":10.0,"key":"REST"},{"floor":13.0,"key":"REST"},{"floor":15.0,"key":"REST"},{"floor":23,"key":"REST"},{"floor":25,"key":"REST"},{"floor":27,"key":"REST"},{"data":"PendulumOfEternity","floor":32,"key":"SMITH"}],"circlet_count":0,"master_deck":["Defend_S","Defend_S","Defend_S","Defend_S","KidneyShot","Exchange","CommonCold","LightFlow+1","Desolation","Moonlight","Gouge","Desolation","Defy+1","FanOfKnives","Snipe","Spin+1","MurderousAura","PendulumOfEternity+1","BestPractice","InstantArmor+1","Starlight+1","Luminosity","Advance","Pain","Injury","FlawlessForm","Bite","Bite","Bite","Bite","Bite","Rewind","Duplication","BestPractice","StarChef+1","Alleviate"],"relics":["Uniform","DaveBox","ThornShield","SynthV:TestCard","Simple Rune","Orichalcum","Mummified Hand","conspire:RoyalGoblet","Replay:Blank Codex","MutagenicStrength","Letter Opener","ReplayTheSpireMod:CursedCoin","Whetstone","ReplayTheSpireMod:Ninjato","Runic Pyramid","DemoMod:GlassGuonStoneRelic"],"acts_visited":["Exordium","TheCity","TheBeyond"],"potions_floor_usage":[16,19,19,20,24,33,33],"damage_taken":[{"damage":1.0,"enemies":"Jaw Worm","floor":1.0,"turns":2.0},{"damage":1.0,"enemies":"2 Louse","floor":2.0,"turns":2.0},{"damage":12.0,"enemies":"conspire:RoseBush","floor":3.0,"turns":2.0},{"damage":15.0,"enemies":"conspire:2 RoseBushes","floor":4.0,"turns":4.0},{"damage":29.0,"enemies":"Lagavulin","floor":6.0,"turns":4.0},{"damage":8.0,"enemies":"Lots of Slimes","floor":8.0,"turns":3.0},{"damage":7.0,"enemies":"Looter","floor":9.0,"turns":5.0},{"damage":3.0,"enemies":"Looter","floor":11.0,"turns":2.0},{"damage":31,"enemies":"Fading Forest","floor":16,"turns":11},{"damage":3,"enemies":"Shell Parasite","floor":18,"turns":3},{"damage":23,"enemies":"Spheric Guardian","floor":19,"turns":4},{"damage":20,"enemies":"Shelled Parasite and Fungi","floor":20,"turns":5},{"damage":6,"enemies":"Replay:Snechameleon","floor":24,"turns":5},{"damage":0,"enemies":"Cultist and Chosen","floor":26,"turns":4},{"damage":0,"enemies":"Cultist and Chosen","floor":29,"turns":4},{"damage":9,"enemies":"Centurion and Healer","floor":31,"turns":5},{"damage":14,"enemies":"Champ","floor":33,"turns":10},{"damage":36,"enemies":"3 Darklings","floor":35,"turns":5},{"damage":34,"enemies":"3 Shapes","floor":36,"turns":5},{"damage":15,"enemies":"Spire Growth","floor":37,"turns":5},{"damage":22,"enemies":"Transient","floor":38,"turns":2}],"seed_played":"-2090509730246910367","potions_obtained":[{"floor":2.0,"key":"Dota2Spire:Clarity"},{"floor":11.0,"key":"PowerPotion"},{"floor":16,"key":"Reflective Coating"},{"floor":18,"key":"Adrenaline Potion"},{"floor":20,"key":"Languid Potion"},{"floor":24,"key":"hexamod:EctoCoolerPotion"},{"floor":29,"key":"GamblersBrew"},{"floor":37,"key":"SteroidPotion"}],"is_trial":false,"path_per_floor":["M","M","M","M","?","E","R","M","MIM","R","M","?","R","$","R","B",null,"M","M","M","?","?","R","E","R","MIM","R","$","M","?","M","R","B",null,"M","M","M","M"],"character_chosen":"THE_SERVANT","items_purchased":["Mummified Hand","MurderousAura","Blood Vial","ReplayTheSpireMod:CursedCoin","Whetstone","ReplayTheSpireMod:Ninjato"],"campfire_rested":7,"item_purchase_floors":[14,14,28,28,28,28],"current_hp_per_floor":[64,63,51,36,36,7,26,18,11,30,27,14,33,33,52,21,65,62,39,19,3,3,22,16,35,35,54,54,56,56,58,58,56,65,36,9,1,0,0],"gold":181,"neow_bonus":"THREE_RARE_CARDS","is_daily":false,"chose_seed":false,"campfire_upgraded":1,"win_rate":0.0,"timestamp":1609577702,"path_taken":["M","M","M","M","?","E","R","M","MIM","R","M","?","R","?","R","BOSS","M","M","?","?","?","R","E","R","MIM","R","$","M","?","M","R","BOSS","M","M","M","M"],"items_purchased_type":["Relic","Card","Relic","Relic","Relic","Relic"],"build_version":"2020-12-22","purchased_purges":0,"victory":false,"max_hp_per_floor":[65,65,65,65,65,65,65,65,65,65,65,65,65,65,65,65,65,65,65,65,65,65,65,65,65,65,65,65,65,65,65,65,65,65,65,65,65,65,65],"card_choices":[{"not_picked":["Deny","FloweringNight"],"picked":"LightFlow","floor":0.0},{"not_picked":["Collapse","Manipulate"],"picked":"Desolation","floor":1.0},{"not_picked":["Misdirection","Starlight","TimeWarp","GearUp"],"picked":"Moonlight","floor":2.0},{"not_picked":["Rewind","Alleviate","SpecialFormula","Unruled"],"picked":"Gouge","floor":3.0},{"not_picked":["ShatteredReality","Read","Luminosity","TheWorld"],"picked":"Desolation","floor":4.0},{"not_picked":["Revamp","MoonPhase","ShiftingGears","Rearm"],"picked":"Defy","floor":6.0},{"not_picked":["FastForward","Unruled","Potential","DualDimension"],"picked":"FanOfKnives","floor":8.0},{"not_picked":["FanOfKnives","Barrier","FastForward","Unruled"],"picked":"Snipe","floor":9.0},{"not_picked":["FastForward","ShiftingGears","Foresight","Ricochet"],"picked":"Spin","floor":11.0},{"not_picked":["Embodiment","MurderousAura","KillingDoll","Deny"],"picked":"PendulumOfEternity","floor":16},{"not_picked":["Revamp","Hightail","Reset","Sabotage"],"picked":"BestPractice","floor":18},{"not_picked":["FloweringNight","ShatteredReality","StarChef","Potential"],"picked":"InstantArmor+1","floor":19},{"not_picked":["Spin","ShatteredReality+1","DualDimension+1","Rewind"],"picked":"Starlight+1","floor":20},{"not_picked":["Revamp","Manipulate","Deny","StarChef"],"picked":"Luminosity","floor":24},{"not_picked":["Reset","Defy","RealityMarble","Unruled"],"picked":"Advance","floor":26},{"not_picked":["Rearm","Gouge","TimeWarp","Alleviate"],"picked":"FlawlessForm","floor":29},{"not_picked":["DoubleEdge","Ricochet","TimeWarp","SurpressingFire"],"picked":"Rewind","floor":31},{"not_picked":["FlawlessForm","Deny","LightFlow","Embodiment"],"picked":"Duplication","floor":33},{"not_picked":["Desolation","Ricochet","Barrier+1","DoubleEdge"],"picked":"BestPractice","floor":35},{"not_picked":["FlawlessForm","BottledTime","Rearm","Starlight"],"picked":"StarChef+1","floor":36},{"not_picked":["WasteNot+1","ShatteredReality+1","Defy+1","DoubleEdge+1"],"picked":"Alleviate","floor":37}],"player_experience":15079,"relics_obtained":[{"floor":1.0,"key":"SynthV:TestCard"},{"floor":6.0,"key":"Simple Rune"},{"floor":9.0,"key":"Orichalcum"},{"floor":21,"key":"Replay:Blank Codex"},{"floor":24,"key":"Letter Opener"}],"event_choices":[{"damage_healed":0.0,"max_hp_gain":0.0,"max_hp_loss":0.0,"gold_gain":0.0,"event_name":"Liars Game","player_choice":"Ignored","floor":5.0,"gold_loss":0.0,"damage_taken":0.0},{"damage_healed":0.0,"max_hp_gain":0.0,"max_hp_loss":0.0,"gold_gain":0.0,"event_name":"Shining Light","player_choice":"Entered Light","floor":12.0,"gold_loss":0.0,"damage_taken":13.0,"cards_upgraded":["Strike_S","Defy"]},{"damage_healed":0,"gold_gain":0,"player_choice":"Obtained Book","damage_taken":16,"max_hp_gain":0,"max_hp_loss":0,"event_name":"Cursed Tome","floor":21,"gold_loss":0},{"damage_healed":0,"gold_gain":0,"player_choice":"Inject Mutagens","damage_taken":0,"relics_obtained":["MutagenicStrength"],"max_hp_gain":0,"max_hp_loss":0,"event_name":"Drug Dealer","floor":22,"gold_loss":0},{"damage_healed":0,"gold_gain":0,"player_choice":"Became a vampire (Vial)","damage_taken":0,"max_hp_gain":0,"max_hp_loss":0,"event_name":"Vampires","floor":30,"relics_lost":["Blood Vial"],"gold_loss":0,"cards_obtained":["Bite","Bite","Bite","Bite","Bite"]}],"is_beta":false,"boss_relics":[{"not_picked":["Dota2Spire:RefresherOrb","Busted Crown"],"picked":"conspire:RoyalGoblet"},{"not_picked":["conspire:SpecialSausage","Tiny House"],"picked":"Runic Pyramid"}],"items_purged_floors":[],"is_endless":false,"potions_floor_spawned":[2,11,16,18,20,24,29,37],"killed_by":"Transient","ascension_level":0}}