{"host":"gx7yyrn1gkym3qpb","time":1609604080,"event":{"mods":["AchievementEnabler","BaseMod","Better Altar","Better Match","Better Note","Better Sensory Stone","Better Skull","Better Third Choice","Highlight Path","Minty Spire (QoL Compilation)","Permanent Neow","Quick Restart","StSLib","Unceasing Turn Reminder"],"gold_per_floor":[109,109,129,129,54,97,115,151,202,243,243,286,301,326,326,326,326],"floor_reached":16,"playtime":537,"items_purged":[],"score":228,"play_id":"12dd0f5d-8e59-40fb-b3e4-85e30f5c7fdb","local_time":"20210102111440","is_ascension_mode":true,"campfire_choices":[{"data":"Hemokinesis","floor":11.0,"key":"SMITH"},{"data":"Fire Breathing","floor":15.0,"key":"SMITH"}],"circlet_count":0,"master_deck":["AscendersBane","Strike_R","Strike_R","Strike_R","Strike_R","Defend_R","Defend_R","Defend_R","Defend_R","Bash","Dark Shackles","Hemokinesis+1","Feel No Pain","Fire Breathing+1","Shockwave"],"relics":["Burning Blood","Incense Burner","Golden Idol","Singing Bowl","Centennial Puzzle","Strawberry","Gremlin Horn"],"acts_visited":["Exordium"],"potions_floor_usage":[16],"damage_taken":[{"damage":12.0,"enemies":"Small Slimes","floor":1.0,"turns":3.0},{"damage":0.0,"enemies":"2 Louse","floor":3.0,"turns":3.0},{"damage":58.0,"enemies":"Gremlin Nob","floor":6.0,"turns":5.0},{"damage":3.0,"enemies":"Jaw Worm","floor":7.0,"turns":3.0},{"damage":12.0,"enemies":"3 Sentries","floor":8.0,"turns":6.0},{"damage":28.0,"enemies":"Lagavulin","floor":10.0,"turns":8.0},{"damage":17.0,"enemies":"Gremlin Nob","floor":12.0,"turns":4.0},{"damage":11.0,"enemies":"Lots of Slimes","floor":13.0,"turns":3.0},{"damage":6.0,"enemies":"Looter","floor":14.0,"turns":5.0},{"damage":65,"enemies":"Slime Boss","floor":16,"turns":6}],"seed_played":"-3553314997410320658","potions_obtained":[{"floor":1.0,"key":"Regen Potion"},{"floor":3.0,"key":"BloodPotion"},{"floor":6.0,"key":"BloodPotion"},{"floor":12.0,"key":"FairyPotion"},{"floor":13.0,"key":"Ancient Potion"},{"floor":14.0,"key":"Regen Potion"}],"is_trial":false,"path_per_floor":["M","?","M","?","?","E","M","E","T","E","R","E","M","M","R","B"],"character_chosen":"IRONCLAD","items_purchased":[],"campfire_rested":0,"item_purchase_floors":[],"current_hp_per_floor":[44,44,50,50,50,12,15,22,22,22,22,13,10,12,12,0,0],"gold":326,"neow_bonus":"ONE_RARE_RELIC","is_daily":false,"chose_seed":false,"campfire_upgraded":2,"win_rate":0.0,"timestamp":1609604080,"path_taken":["M","?","M","?","?","E","M","E","T","E","R","E","M","M","R","BOSS"],"items_purchased_type":[],"build_version":"2020-12-22","purchased_purges":0,"victory":false,"max_hp_per_floor":[75,75,75,68,68,68,68,68,68,77,77,79,81,83,83,83,83],"card_choices":[{"not_picked":["Pummel","Armaments","Clash"],"picked":"SKIP","floor":1.0},{"not_picked":["Bandage Up","Enlightenment"],"picked":"Dark Shackles","floor":2.0},{"not_picked":["Perfected Strike","Pommel Strike"],"picked":"Hemokinesis","floor":3.0},{"not_picked":["Havoc","Double Tap"],"picked":"Feel No Pain","floor":6.0},{"not_picked":["Flex","Heavy Blade"],"picked":"Fire Breathing","floor":7.0},{"not_picked":["Uppercut","Havoc"],"picked":"Shockwave","floor":8.0},{"not_picked":["Clash","Seeing Red","Burning Pact"],"picked":"Singing Bowl","floor":10.0},{"not_picked":["Body Slam","Sword Boomerang","Uppercut"],"picked":"Singing Bowl","floor":12.0},{"not_picked":["Rampage","Flex","Ghostly Armor"],"picked":"Singing Bowl","floor":13.0},{"not_picked":["Heavy Blade","Clothesline","Sword Boomerang"],"picked":"Singing Bowl","floor":14.0}],"player_experience":377944,"relics_obtained":[{"floor":6.0,"key":"Singing Bowl"},{"floor":8.0,"key":"Centennial Puzzle"},{"floor":10.0,"key":"Strawberry"},{"floor":12.0,"key":"Gremlin Horn"}],"event_choices":[{"damage_healed":0.0,"max_hp_gain":0.0,"max_hp_loss":0.0,"gold_gain":1.0,"event_name":"betterStone:BetterStone","player_choice":"1","floor":2.0,"gold_loss":0.0,"damage_taken":0.0},{"damage_healed":0.0,"max_hp_gain":0.0,"max_hp_loss":7.0,"gold_gain":0.0,"event_name":"Golden Idol","player_choice":"Lose Max HP","floor":4.0,"gold_loss":0.0,"damage_taken":0.0,"relics_obtained":["Golden Idol"]},{"cards_removed":["Strike_R"],"damage_healed":0.0,"max_hp_gain":0.0,"max_hp_loss":0.0,"gold_gain":0.0,"event_name":"The Cleric","player_choice":"Card Removal","floor":5.0,"gold_loss":75.0,"damage_taken":0.0}],"is_beta":false,"boss_relics":[],"items_purged_floors":[],"is_endless":false,"potions_floor_spawned":[1,3,6,12,13,14],"killed_by":"Slime Boss","ascension_level":15}}