{"host":"sum4dy402bbv9y4o","time":1609566649,"event":{"mods":["Aspiration","BaseMod","Conspire","Highlight Path","Minty Spire (QoL Compilation)","StSLib"],"gold_per_floor":[111,161,4,18,18,43,43,75,75,88,118,168,8,23,23,97,97,112,112,112,112,126,158,158,170,216,229,76,89,89,89,89,160,160,174,0,0,0,0,0,17,46,72,92,92,35,55,71,71,71,71],"floor_reached":50,"playtime":1894,"items_purged":["Defend_B","Strike_B"],"score":1116,"play_id":"98f29f1c-9f43-49c4-88c0-a47e033ee145","local_time":"20210102085049","is_ascension_mode":true,"campfire_choices":[{"data":"Dualcast","floor":7,"key":"SMITH"},{"data":"Loop","floor":15,"key":"SMITH"},{"data":"Electrodynamics","floor":24,"key":"SMITH"},{"floor":30,"key":"REST"},{"data":"1","floor":32,"key":"LIFT"},{"data":"2","floor":40,"key":"LIFT"},{"data":"3","floor":45,"key":"LIFT"},{"floor":49,"key":"REST"}],"circlet_count":0,"master_deck":["AscendersBane","Strike_B","Strike_B","Defend_B","Zap","Dualcast+1","Chill","Conserve Battery","Go for the Eyes","Coolheaded","Ball Lightning","Loop+1","Ball Lightning","Core Surge","Barrage","Electrodynamics+1","Compile Driver","Streamline","White Noise","Gash","Cleave+1","Recycle+1","Doppelganger","Glacier","PiercingWail+1","Madness+1"],"relics":["Cracked Core","aspiration:Nostalgia","Burning Blood","Pocketwatch","Girya","aspiration:AnachronicSnailShell","Regal Pillow","PreservedInsect","aspiration:SecretTechniqueScroll","PrismaticShard","Dead Branch","Toy Ornithopter","InkBottle","Empty Cage","Red Mask","Strawberry","aspiration:Lifesprig"],"acts_visited":["Exordium","TheCity","TheBeyond"],"potions_floor_usage":[6,8,14,23,27,29,42,48,50],"damage_taken":[{"damage":4,"enemies":"Small Slimes","floor":1,"turns":3},{"damage":0,"enemies":"Cultist","floor":4,"turns":3},{"damage":21,"enemies":"Lagavulin","floor":6,"turns":7},{"damage":8,"enemies":"3 Sentries","floor":8,"turns":6},{"damage":0,"enemies":"2 Louse","floor":10,"turns":2},{"damage":8,"enemies":"Gremlin Nob","floor":11,"turns":4},{"damage":5,"enemies":"Exordium Thugs","floor":14,"turns":3},{"damage":0,"enemies":"Slime Boss","floor":16,"turns":7},{"damage":2,"enemies":"Spheric Guardian","floor":18,"turns":3},{"damage":9,"enemies":"3 Byrds","floor":22,"turns":4},{"damage":9,"enemies":"Slavers","floor":23,"turns":2},{"damage":9,"enemies":"3 Cultists","floor":25,"turns":3},{"damage":43,"enemies":"Shelled Parasite and Fungi","floor":27,"turns":4},{"damage":8,"enemies":"Snake Plant","floor":29,"turns":3},{"damage":52,"enemies":"Collector","floor":33,"turns":6},{"damage":5,"enemies":"3 Darklings","floor":35,"turns":2},{"damage":14,"enemies":"3 Shapes","floor":41,"turns":3},{"damage":16,"enemies":"Nemesis","floor":42,"turns":5},{"damage":5,"enemies":"Maw","floor":44,"turns":7},{"damage":12,"enemies":"Jaw Worm Horde","floor":47,"turns":5},{"damage":10,"enemies":"Transient","floor":48,"turns":6},{"damage":85,"enemies":"Donu and Deca","floor":50,"turns":5}],"seed_played":"8725713085770364930","potions_obtained":[{"floor":1,"key":"AttackPotion"},{"floor":6,"key":"Fire Potion"},{"floor":11,"key":"Explosive Potion"},{"floor":22,"key":"AttackPotion"},{"floor":23,"key":"conspire:TimeTravelPotion"},{"floor":27,"key":"Strength Potion"},{"floor":33,"key":"PotionOfCapacity"},{"floor":42,"key":"DistilledChaos"},{"floor":48,"key":"FearPotion"}],"is_trial":false,"path_per_floor":["M","?","$","M","$","E","R","E","T","M","E","?","$","M","R","B",null,"M","?","?","?","M","E","R","M","T","M","$","M","R","?","R","B",null,"M","?","?","?","$","R","M","E","T","M","R","$","M","M","R","B"],"character_chosen":"DEFECT","items_purchased":["Conserve Battery","Go for the Eyes","PreservedInsect","AttackPotion","PowerPotion"],"campfire_rested":2,"item_purchase_floors":[3,3,13,28,46],"current_hp_per_floor":[66,59,59,65,65,50,50,48,48,54,52,52,52,53,53,59,68,71,59,59,59,56,53,53,50,50,34,34,37,71,71,71,25,60,61,61,61,61,61,61,53,55,55,56,56,56,50,51,78,0,0],"gold":71,"neow_bonus":"NOSTALGIA","is_daily":false,"chose_seed":false,"campfire_upgraded":3,"win_rate":0.0,"timestamp":1609566649,"path_taken":["M","?","$","M","?","E","R","E","T","M","E","?","$","?","R","BOSS","M","?","?","?","M","E","R","M","T","?","$","M","R","?","R","BOSS","M","?","?","?","?","R","M","E","T","M","R","$","?","M","R","BOSS"],"items_purchased_type":["Card","Card","Relic","Potion","Potion"],"build_version":"2020-12-22","purchased_purges":2,"victory":false,"max_hp_per_floor":[71,71,71,71,71,71,71,71,71,71,71,71,71,71,71,71,71,71,71,71,71,71,71,71,71,71,71,71,71,71,71,71,71,71,71,71,71,71,71,71,71,78,78,78,78,78,78,78,78,78,78],"card_choices":[{"not_picked":["Melter","Hologram"],"picked":"Chill","floor":1},{"not_picked":["Reprogram","Turbo"],"picked":"Coolheaded","floor":4},{"not_picked":["Skim","Go for the Eyes"],"picked":"Ball Lightning","floor":6},{"not_picked":["Coolheaded","Double Energy"],"picked":"Loop","floor":8},{"not_picked":["Gash","Loop"],"picked":"Ball Lightning","floor":10},{"not_picked":["Self Repair","Genetic Algorithm"],"picked":"Core Surge","floor":11},{"not_picked":["Beam Cell","Coolheaded"],"picked":"Barrage","floor":14},{"not_picked":["Creative AI","Machine Learning"],"picked":"Electrodynamics","floor":16},{"not_picked":["Consume","Undo"],"picked":"Compile Driver","floor":18},{"not_picked":["Sweeping Beam","Rebound"],"picked":"Streamline","floor":19},{"not_picked":["Clothesline","Swift Strike"],"picked":"Gash","floor":22},{"not_picked":["Dodge and Roll","Infernal Blade"],"picked":"Cleave+1","floor":23},{"not_picked":["Fire Breathing+1","EmptyFist","WaveOfTheHand"],"picked":"SKIP","floor":25},{"not_picked":["Vault","True Grit"],"picked":"Recycle+1","floor":27},{"not_picked":["Backflip","Clash"],"picked":"Steam","floor":29},{"not_picked":["Reboot","Envenom"],"picked":"Doppelganger","floor":33},{"not_picked":["Accuracy","Calculated Gamble","Poisoned Stab"],"picked":"SKIP","floor":35},{"not_picked":["JustLucky","Prostrate"],"picked":"Glacier","floor":41},{"not_picked":["FearNoEvil","Bouncing Flask"],"picked":"PiercingWail+1","floor":42},{"not_picked":["Nirvana","Prepared","Seek"],"picked":"SKIP","floor":44},{"not_picked":["Beam Cell","Deadly Poison","Headbutt"],"picked":"SKIP","floor":47},{"not_picked":["EmptyFist","Whirlwind+1"],"picked":"Madness+1","floor":48}],"player_experience":2882247,"relics_obtained":[{"floor":6,"key":"Pocketwatch"},{"floor":8,"key":"Girya"},{"floor":9,"key":"aspiration:AnachronicSnailShell"},{"floor":11,"key":"Regal Pillow"},{"floor":19,"key":"PrismaticShard"},{"floor":23,"key":"Dead Branch"},{"floor":26,"key":"Toy Ornithopter"},{"floor":42,"key":"Strawberry"},{"floor":43,"key":"aspiration:Lifesprig"}],"event_choices":[{"damage_healed":0,"gold_gain":50,"player_choice":"Touch","damage_taken":7,"max_hp_gain":0,"max_hp_loss":0,"event_name":"FaceTrader","floor":2,"gold_loss":0},{"damage_healed":0,"gold_gain":50,"player_choice":"Pray","damage_taken":0,"max_hp_gain":0,"max_hp_loss":0,"event_name":"Golden Shrine","floor":12,"gold_loss":0},{"damage_healed":0,"gold_gain":0,"player_choice":"Read","damage_taken":0,"max_hp_gain":0,"max_hp_loss":0,"event_name":"The Library","floor":21,"gold_loss":0,"cards_obtained":["White Noise"]},{"cards_removed":["Steam"],"damage_healed":0,"gold_gain":0,"player_choice":"Gave Card","damage_taken":0,"relics_obtained":["InkBottle"],"max_hp_gain":0,"max_hp_loss":0,"event_name":"WeMeetAgain","floor":31,"gold_loss":0},{"damage_healed":0,"gold_gain":0,"player_choice":"Paid","damage_taken":0,"relics_obtained":["Red Mask"],"max_hp_gain":0,"max_hp_loss":0,"event_name":"Tomb of Lord Red Mask","floor":36,"gold_loss":174},{"cards_removed":["Defend_B"],"damage_healed":0,"gold_gain":0,"player_choice":"Removed Skill","damage_taken":0,"max_hp_gain":0,"max_hp_loss":0,"event_name":"Falling","floor":37,"gold_loss":0},{"damage_healed":0,"gold_gain":0,"player_choice":"Ignored","damage_taken":0,"max_hp_gain":0,"max_hp_loss":0,"event_name":"Mysterious Sphere","floor":38,"gold_loss":0}],"is_beta":false,"boss_relics":[{"not_picked":["aspiration:Stellarator","Sozu"],"picked":"aspiration:SecretTechniqueScroll"},{"not_picked":["conspire:SeveredTorchhead","aspiration:RitualDagger"],"picked":"Empty Cage"}],"items_purged_floors":[3,28],"is_endless":false,"potions_floor_spawned":[1,6,11,22,23,27,33,42,48],"killed_by":"Donu and Deca","ascension_level":20}}