{"host":"2461dio7vetlq1z3","time":1609631907,"event":{"mods":["2.2 Compatiblity","AchievementEnabler","Aspiration","BaseMod","Better Third Choice","Friendly Minions","Hubris","Minty Spire (QoL Compilation)","Relic Stats","Replay The Spire","Spicy Shops","StSLib","Waifu the Spire"],"gold_per_floor":[119,194,15,25,40,40,54,86,141,141,176,53,63,79,79,79,79],"floor_reached":16,"playtime":1095,"items_purged":["Strike_B"],"score":224,"play_id":"5186404a-824a-471f-874f-34b30d52e9af","local_time":"20210103005827","is_ascension_mode":true,"campfire_choices":[{"data":"Crystallizer","floor":6,"key":"SMITH"},{"floor":10,"key":"REST"},{"floor":15,"key":"REST"}],"circlet_count":0,"master_deck":["AscendersBane","Strike_B","Strike_B","Strike_B","Defend_B","Defend_B","Defend_B","Defend_B","Zap","Dualcast","Lockon","Ball Lightning","Undo","Crystallizer+1","Rip and Tear","BasicCrystalCard","Defragment+1","BasicCrystalCard","Redo"],"relics":["Painkiller Herb","hubris:BallOfYels","Strawberry","hubris:RGBLights"],"acts_visited":["Exordium"],"potions_floor_usage":[7,8,16],"damage_taken":[{"damage":2,"enemies":"Cultist","floor":1,"turns":4},{"damage":12,"enemies":"Small Slimes","floor":4,"turns":2},{"damage":2,"enemies":"Jaw Worm","floor":5,"turns":3},{"damage":11,"enemies":"3 Louse","floor":7,"turns":4},{"damage":23,"enemies":"Gremlin Nob","floor":8,"turns":4},{"damage":7,"enemies":"Lagavulin","floor":11,"turns":5},{"damage":6,"enemies":"Exordium Thugs","floor":13,"turns":3},{"damage":6,"enemies":"Blue Slaver","floor":14,"turns":4},{"damage":48,"enemies":"Fading Forest","floor":16,"turns":7}],"seed_played":"9118066523578862484","potions_obtained":[{"floor":1,"key":"Adrenaline Potion"},{"floor":11,"key":"SpeedPotion"}],"is_trial":false,"path_per_floor":["?","?","T","?","?","T","?","E","T","T","E","T","?","?","T","B"],"character_chosen":"DEFECT","items_purchased":["Ball Lightning","Fire Potion","Defragment+1","BasicCrystalCard"],"campfire_rested":2,"item_purchase_floors":[3,3,12,12],"current_hp_per_floor":[62,51,51,39,37,37,26,3,10,33,26,26,20,14,37,0,0],"gold":79,"neow_bonus":"BOSS_RELIC","is_daily":false,"chose_seed":false,"campfire_upgraded":1,"win_rate":0.0,"timestamp":1609631907,"path_taken":["?","?","T","?","?","T","?","E","T","T","E","T","?","?","T","BOSS"],"items_purchased_type":["Card","Potion","Card","Card"],"build_version":"2020-12-22","purchased_purges":1,"victory":false,"max_hp_per_floor":[71,71,71,71,71,71,71,71,78,78,78,78,78,78,78,78,78],"relic_stats":{"counters":[9,36],"obtain_stats":[{"hubris:BallOfYels":8,"Strawberry":9,"Painkiller Herb":0,"Cracked Core":0,"hubris:RGBLights":11},{"hubris:BallOfYels":5,"Strawberry":5,"Painkiller Herb":0,"Cracked Core":0,"hubris:RGBLights":6},{"hubris:BallOfYels":17,"Strawberry":17,"Painkiller Herb":0,"Cracked Core":0,"hubris:RGBLights":22}]},"card_choices":[{"not_picked":["Fusion","Steam Power"],"picked":"Lockon","floor":1},{"not_picked":["Panic Button","Beam Cell"],"picked":"Undo","floor":4},{"not_picked":["Hologram","Beam Cell"],"picked":"Crystallizer","floor":5},{"not_picked":["Gash","ReplaySolidLightProjector"],"picked":"Rip and Tear","floor":7},{"not_picked":["Stack","Darkness"],"picked":"BasicCrystalCard","floor":8},{"not_picked":["Rebound","Steam","Turbo"],"picked":"SKIP","floor":11},{"not_picked":["Meteor Strike","Stack","Gash"],"picked":"SKIP","floor":13},{"not_picked":["Stack","Sweeping Beam"],"picked":"Redo","floor":14}],"player_experience":1030062,"relics_obtained":[{"floor":8,"key":"hubris:BallOfYels"},{"floor":9,"key":"Strawberry"},{"floor":11,"key":"hubris:RGBLights"}],"event_choices":[{"damage_healed":0,"gold_gain":75,"player_choice":"Gold","damage_taken":11,"max_hp_gain":0,"max_hp_loss":0,"event_name":"betterThird:BetterGoop","floor":2,"gold_loss":0}],"is_beta":false,"boss_relics":[],"items_purged_floors":[3],"is_endless":false,"potions_floor_spawned":[1,4,5,11],"killed_by":"Fading Forest","ascension_level":20}}