{"host":"v4tuy5ykrbdcm9o9","time":1609569136,"event":{"mods":["BaseMod","Duelist Mod","Minty Spire (QoL Compilation)","Replay The Spire","StSLib"],"gold_per_floor":[119,133,233,250,250,275,293,322,371,36,68,68,68,93,93,192,192,211,211,231,231,231,231,259,32,32,61,78,78,28,41,41,137,137,153,164,179,197,215,215,243,243,243,256,256,291,291,323,323,323,323,323,17,46,46],"floor_reached":56,"playtime":6443,"items_purged":["Amnesia"],"score":1659,"play_id":"9444f896-a9d1-4e70-82cb-418ae8859c31","local_time":"20210102013216","is_ascension_mode":true,"campfire_choices":[{"floor":13,"key":"REST"},{"floor":15,"key":"REST"},{"floor":23,"key":"REST"},{"data":"Vault","floor":29,"key":"SMITH"},{"data":"Replay:Cycle","floor":32,"key":"SMITH"},{"floor":45,"key":"REST"},{"floor":47,"key":"RECALL"}],"circlet_count":0,"master_deck":["Strike_P+1","Strike_P+1","Strike_P+1","Strike_P+1","Defend_P+1","Defend_P+1","Defend_P+1","Defend_P+1","Eruption","Vigilance","Wireheading","JustLucky","Evaluate","CutThroughFate","SashWhip","CrushJoints","Replay:Hum","Nirvana","Devotion+1","Halt","Consecrate","Replay:BluntJabs","Establishment","Evaluate","Judgement","Replay:ManipulateFuture+1","EmptyBody+1","Weave","Weave","Replay:Anticipation+1","Vault+1","BattleHymn+1","FlurryOfBlows+1","Replay:Cycle+1","Replay:Cycle","Blasphemy","Replay:Hum","BowlingBash+1","Alpha","MasterReality","Weave","Replay:Battleflow+1","Wireheading+1","Collect+1","Indignation"],"relics":["PureWater","Blue Doll","Lantern","Chameleon Ring","Pet Ghost","PreservedInsect","ReplayTheSpireMod:Ring of Collecting","ReplayTheSpireMod:Ring of Addiction","SacredBark","Toy Ornithopter","Ancient Tea Set","Honey Jar","Bronze Scales","Replay:Baseball","Ring of Panic","Incense Burner","Philosopher\u0027s Stone","Frozen Egg 2","Ring of Searing","Replay:Mystery Machine","Garlic","ReplayTheSpireMod:Ninjato","Letter Opener"],"acts_visited":["Exordium","TheCity","TheBeyond","TheEnding"],"potions_floor_usage":[2,6,11,14,20,24,27,28,33,33,36,37,39,41,44,46,48,50,50,50,50,55,55,55,55,55,55,55,55,55,55,55],"damage_taken":[{"damage":0,"enemies":"Small Slimes","floor":1,"turns":2},{"damage":1,"enemies":"Cultist","floor":2,"turns":4},{"damage":12,"enemies":"2 Louse","floor":4,"turns":3},{"damage":0,"enemies":"Lagavulin","floor":6,"turns":4},{"damage":18,"enemies":"Large Slime","floor":7,"turns":5},{"damage":30,"enemies":"Gremlin Nob","floor":8,"turns":4},{"damage":11,"enemies":"Lagavulin","floor":11,"turns":5},{"damage":12,"enemies":"3 Sentries","floor":14,"turns":3},{"damage":15,"enemies":"The Guardian","floor":16,"turns":9},{"damage":0,"enemies":"Spheric Guardian","floor":18,"turns":1},{"damage":14,"enemies":"2 Thieves","floor":20,"turns":3},{"damage":1,"enemies":"theDuelist:KaibaA2","floor":24,"turns":3},{"damage":0,"enemies":"Slavers","floor":27,"turns":4},{"damage":3,"enemies":"Shelled Parasite and Fungi","floor":28,"turns":4},{"damage":3,"enemies":"Snake Plant","floor":31,"turns":3},{"damage":40,"enemies":"Champ","floor":33,"turns":6},{"damage":10,"enemies":"3 Shapes","floor":35,"turns":4},{"damage":21,"enemies":"3 Darklings","floor":36,"turns":3},{"damage":0,"enemies":"Sphere and 2 Shapes","floor":37,"turns":3},{"damage":1,"enemies":"Jaw Worm Horde","floor":38,"turns":4},{"damage":0,"enemies":"Transient","floor":39,"turns":6},{"damage":0,"enemies":"R_Hoarder","floor":41,"turns":4},{"damage":22,"enemies":"4 Shapes","floor":44,"turns":2},{"damage":7,"enemies":"Giant Head","floor":46,"turns":4},{"damage":15,"enemies":"R_Hoarder","floor":48,"turns":4},{"damage":61,"enemies":"Awakened One","floor":50,"turns":8},{"damage":10,"enemies":"Shield and Spear","floor":54,"turns":3},{"damage":39,"enemies":"The Heart","floor":55,"turns":5}],"seed_played":"2458675233098545797","potions_obtained":[{"floor":1,"key":"ColorlessPotion"},{"floor":4,"key":"FearPotion"},{"floor":8,"key":"SteroidPotion"},{"floor":11,"key":"SteroidPotion"},{"floor":12,"key":"Venom Potion"},{"floor":16,"key":"GamblersBrew"},{"floor":27,"key":"Strength Potion"},{"floor":28,"key":"LiquidBronze"},{"floor":33,"key":"CultistPotion"},{"floor":36,"key":"LifebloodPotion"},{"floor":38,"key":"FearPotion"},{"floor":40,"key":"Reflective Coating"},{"floor":40,"key":"PowerPotion"},{"floor":42,"key":"LiquidBronze"},{"floor":42,"key":"SteroidPotion"},{"floor":44,"key":"SpeedPotion"},{"floor":49,"key":"Energy Potion"},{"floor":49,"key":"SteroidPotion"},{"floor":52,"key":"BlessingOfTheForge"},{"floor":52,"key":"EntropicBrew"},{"floor":54,"key":"SpeedPotion"}],"is_trial":false,"path_per_floor":["M","M","?","M","?","E","M","E","T","$","E","?","R","E","R","B",null,"M","?","M","?","?","R","E","$","T","E","M","R","$","M","R","B",null,"M","M","M","M","M","R","E","R","T","M","R","E","R","E","R","B",null,"R","$","E","B",null],"character_chosen":"WATCHER","items_purchased":["Devotion+1","Halt","Consecrate","Replay:BluntJabs","Ambrosia","Replay:Anticipation+1","SkillPotion","Block Potion","FlurryOfBlows+1","Replay:Cycle","ReplayTheSpireMod:Ninjato","Adrenaline Potion"],"campfire_rested":4,"item_purchase_floors":[10,10,10,10,10,25,25,25,30,30,53,53],"current_hp_per_floor":[79,78,59,47,73,73,55,25,25,25,14,14,37,30,53,38,79,77,77,67,53,53,77,79,79,79,80,77,77,77,74,74,38,78,68,52,57,56,61,61,66,66,66,49,72,70,70,60,60,19,78,78,78,66,71],"gold":46,"neow_bonus":"TEN_PERCENT_HP_BONUS","is_daily":false,"chose_seed":false,"campfire_upgraded":2,"win_rate":0.0,"timestamp":1609569136,"path_taken":["M","M","?","?","?","E","M","E","T","$","E","?","R","E","R","BOSS","M","?","M","?","?","R","E","$","T","E","M","R","?","M","R","BOSS","M","?","M","M","M","R","E","R","T","M","R","E","R","E","R","BOSS","R","$","E","BOSS"],"items_purchased_type":["Card","Card","Card","Card","Potion","Card","Potion","Potion","Card","Card","Relic","Potion"],"build_version":"2020-12-22","purchased_purges":1,"victory":true,"max_hp_per_floor":[79,79,79,79,79,79,79,79,79,79,79,79,79,79,79,79,79,77,77,77,82,82,82,80,80,80,80,80,80,80,80,78,78,78,78,78,78,78,78,78,78,78,78,78,78,78,78,78,78,78,78,78,78,76,76],"card_choices":[{"not_picked":["FlyingSleeves","Replay:DivineShield"],"picked":"Wireheading","floor":1},{"not_picked":["Wallop","PathToVictory"],"picked":"JustLucky","floor":2},{"not_picked":["Study","Replay:DivineShield"],"picked":"Evaluate","floor":3},{"not_picked":["BattleHymn","EmptyBody"],"picked":"CutThroughFate","floor":3},{"not_picked":["Evaluate","JustLucky"],"picked":"SashWhip","floor":4},{"not_picked":["Adaptation","Omniscience"],"picked":"CrushJoints","floor":6},{"not_picked":["LikeWater","ThirdEye"],"picked":"Replay:Hum","floor":7},{"not_picked":["Replay:BluntJabs","EmptyBody"],"picked":"Nirvana","floor":8},{"not_picked":["CrushJoints","Halt"],"picked":"Establishment","floor":11},{"not_picked":["JustLucky","PathToVictory"],"picked":"Evaluate","floor":14},{"not_picked":["Replay:LoomingThreat","Brilliance"],"picked":"Judgement","floor":16},{"not_picked":["EmptyBody+1","Replay:BluntJabs","PathToVictory"],"picked":"Replay:ManipulateFuture+1","floor":18},{"not_picked":["EmptyFist","JustLucky","Tantrum"],"picked":"EmptyBody+1","floor":20},{"not_picked":["SashWhip+1","Prostrate+1","Replay:DivineShield"],"picked":"Weave","floor":24},{"not_picked":["Swivel","JustLucky","Replay:BluntJabs+1"],"picked":"Vault","floor":27},{"not_picked":["LikeWater","Replay:AtTheReady","WheelKick"],"picked":"BattleHymn+1","floor":28},{"not_picked":["CarveReality+1","Vengeance","BattleHymn"],"picked":"Replay:Cycle","floor":31},{"not_picked":["Omniscience","SpiritShield","Brilliance"],"picked":"Blasphemy","floor":33},{"not_picked":["Replay:Anticipation+1","CrushJoints","SashWhip"],"picked":"Replay:Hum","floor":35},{"not_picked":["Evaluate+1","JustLucky+1","CarveReality+1"],"picked":"BowlingBash+1","floor":36},{"not_picked":["Halt+1","FlurryOfBlows+1","Worship+1"],"picked":"Alpha","floor":37},{"not_picked":["BowlingBash","Halt+1","PathToVictory","CarveReality+1"],"picked":"SKIP","floor":38},{"not_picked":["DeceiveReality","Evaluate","Vengeance"],"picked":"MasterReality","floor":39},{"not_picked":["Swivel+1","Prostrate","SpiritShield"],"picked":"Weave","floor":41},{"not_picked":["Halt+1","PathToVictory+1","EmptyBody"],"picked":"Replay:Battleflow+1","floor":44},{"not_picked":["FollowUp","EmptyBody","Replay:Hum"],"picked":"Wireheading+1","floor":46},{"not_picked":["WheelKick","Vengeance","CrushJoints+1"],"picked":"Collect+1","floor":48},{"not_picked":["BowlingBash+1","WreathOfFlame+1","ForeignInfluence"],"picked":"Indignation","floor":54}],"player_experience":527182,"relics_obtained":[{"floor":3,"key":"Blue Doll"},{"floor":6,"key":"Lantern"},{"floor":8,"key":"Chameleon Ring"},{"floor":9,"key":"Pet Ghost"},{"floor":11,"key":"PreservedInsect"},{"floor":12,"key":"ReplayTheSpireMod:Ring of Collecting"},{"floor":12,"key":"ReplayTheSpireMod:Ring of Addiction"},{"floor":12,"key":"SacredBark"},{"floor":12,"key":"Toy Ornithopter"},{"floor":14,"key":"Ancient Tea Set"},{"floor":24,"key":"Bronze Scales"},{"floor":26,"key":"Replay:Baseball"},{"floor":26,"key":"Ring of Panic"},{"floor":27,"key":"Incense Burner"},{"floor":41,"key":"Frozen Egg 2"},{"floor":43,"key":"Ring of Searing"},{"floor":46,"key":"Replay:Mystery Machine"},{"floor":48,"key":"Garlic"},{"floor":54,"key":"Letter Opener"}],"event_choices":[{"damage_healed":26,"gold_gain":0,"player_choice":"Banana","damage_taken":0,"max_hp_gain":0,"max_hp_loss":0,"event_name":"Big Fish","floor":5,"gold_loss":0},{"damage_healed":0,"gold_gain":0,"player_choice":"Simplicity","damage_taken":0,"max_hp_gain":0,"max_hp_loss":0,"event_name":"Back to Basics","floor":19,"gold_loss":0,"cards_upgraded":["Strike_P","Strike_P","Strike_P","Strike_P","Defend_P","Defend_P","Defend_P","Defend_P"]},{"damage_healed":0,"gold_gain":0,"player_choice":"Shed Blood","damage_taken":19,"max_hp_gain":5,"max_hp_loss":0,"event_name":"Forgotten Altar","floor":21,"gold_loss":0},{"damage_healed":0,"gold_gain":0,"player_choice":"Read","damage_taken":0,"max_hp_gain":0,"max_hp_loss":0,"event_name":"The Library","floor":22,"gold_loss":0,"cards_obtained":["Weave"]}],"is_beta":false,"boss_relics":[{"not_picked":["Pandora\u0027s Box","Tiny House"],"picked":"Honey Jar"},{"not_picked":["Painkiller Herb","Fusion Hammer"],"picked":"Philosopher\u0027s Stone"}],"items_purged_floors":[25],"is_endless":false,"potions_floor_spawned":[1,4,8,11,16,27,28,33,36,38,44,54],"ascension_level":4}}