{"host":"65a95dzim48ko8ke","time":1609580412,"event":{"mods":["BaseMod","Better Third Choice","Colored Powertips","MarisaÅiñ∂âJÅ@ñÇóùçπÅj","Minty Spire (QoL Compilation)","Quick Restart","Rare Cards Sparkle","Spicy Shops","StSLib"],"gold_per_floor":[117,131,131,149,168,194,205,240,240,269,269,288,315,335,335,438,438,451,141,156,156,156,189,202,237,237,272,285,305,305,331,331,429,429,445,465,9,22,37,49,74,74,97,132,150,175,187,204,204,204],"floor_reached":51,"playtime":5880,"items_purged":["Injury"],"score":1238,"play_id":"6d789f98-5e71-4ac8-a8fd-0a4161fd1bad","local_time":"20210102184012","is_ascension_mode":true,"campfire_choices":[{"floor":11.0,"key":"REST"},{"floor":15.0,"key":"REST"},{"data":"JA","floor":30.0,"key":"SMITH"},{"data":"MysteriousBeam","floor":32.0,"key":"SMITH"},{"data":"FinalSpark","floor":42,"key":"SMITH"},{"data":"BlazingStar","floor":49,"key":"SMITH"}],"circlet_count":0,"master_deck":["Strike_MRS+1","Strike_MRS+1","Strike_MRS+1","Strike_MRS+1","Defend_MRS+1","Defend_MRS+1","Defend_MRS+1","Defend_MRS+1","MasterSpark","UpSweep","IllusionStar","DC+1","PowerUp","GasGiant","JA+1","ManaConvection","AsteroidBelt+1","MysteriousBeam+1","EarthLightRay+1","GravityBeat","DeepEcoloBomb","ManaRampage+1","GrandCross+1","OneTimeOff+1","AsteroidBelt+1","EventHorizon+1","PulseMagic+1","AsteroidBelt+1","ManaRampage+1","GasGiant+1","GrandCross","OortCloud+1","FinalSpark+1","GalacticHalo+1","CasketOfStar+1","MagicChant+1","GrandCross+1","GravityBeat","Writhe","Singularity+1","SprinkleStarSeal+1","BlazingStar+1","SporeBomb+1","AsteroidBelt+1"],"relics":["SlaversCollar","Ancient Tea Set","Toxic Egg 2","Letter Opener","Frozen Egg 2","FossilizedHelix","Cursed Key","Blood Vial","Regal Pillow","Eternal Feather","Pen Nib","Darkstone Periapt","Ice Cream","Vajra","Juzu Bracelet","ExperimentalFamiliar","Bottled Flame","Membership Card","Kunai","Bag of Marbles","Orichalcum","Oddly Smooth Stone"],"acts_visited":["Exordium","TheCity","TheBeyond"],"potions_floor_usage":[41,50,50],"damage_taken":[{"damage":2.0,"enemies":"Small Slimes","floor":1.0,"turns":4.0},{"damage":1.0,"enemies":"Cultist","floor":2.0,"turns":3.0},{"damage":0.0,"enemies":"2 Louse","floor":4.0,"turns":2.0},{"damage":3.0,"enemies":"Looter","floor":5.0,"turns":2.0},{"damage":30.0,"enemies":"Lagavulin","floor":6.0,"turns":5.0},{"damage":1.0,"enemies":"Exordium Wildlife","floor":7.0,"turns":3.0},{"damage":19.0,"enemies":"Gremlin Nob","floor":8.0,"turns":4.0},{"damage":7.0,"enemies":"3 Sentries","floor":10.0,"turns":5.0},{"damage":10.0,"enemies":"Exordium Thugs","floor":12.0,"turns":4.0},{"damage":10.0,"enemies":"Gremlin Nob","floor":13.0,"turns":4.0},{"damage":0.0,"enemies":"Large Slime","floor":14.0,"turns":1.0},{"damage":11.0,"enemies":"Hexaghost","floor":16.0,"turns":8.0},{"damage":0.0,"enemies":"Shell Parasite","floor":18.0,"turns":4.0},{"damage":0.0,"enemies":"Spheric Guardian","floor":20.0,"turns":4.0},{"damage":14.0,"enemies":"Slavers","floor":23.0,"turns":5.0},{"damage":1.0,"enemies":"Centurion and Healer","floor":24.0,"turns":4.0},{"damage":0.0,"enemies":"Book of Stabbing","floor":25.0,"turns":4.0},{"damage":7.0,"enemies":"Slavers","floor":27.0,"turns":2.0},{"damage":0.0,"enemies":"Snake Plant","floor":28.0,"turns":1.0},{"damage":0.0,"enemies":"Shelled Parasite and Fungi","floor":29.0,"turns":4.0},{"damage":7.0,"enemies":"Book of Stabbing","floor":31.0,"turns":3.0},{"damage":44.0,"enemies":"Automaton","floor":33.0,"turns":8.0},{"damage":0.0,"enemies":"Orb Walker","floor":35.0,"turns":1.0},{"damage":0.0,"enemies":"3 Darklings","floor":36.0,"turns":2.0},{"damage":0.0,"enemies":"Sphere and 2 Shapes","floor":38.0,"turns":4.0},{"damage":0.0,"enemies":"Spire Growth","floor":39.0,"turns":2.0},{"damage":1,"enemies":"Transient","floor":40,"turns":5},{"damage":11,"enemies":"Nemesis","floor":41,"turns":5},{"damage":0,"enemies":"Giant Head","floor":44,"turns":5},{"damage":0,"enemies":"Maw","floor":45,"turns":5},{"damage":22,"enemies":"Nemesis","floor":46,"turns":5},{"damage":0,"enemies":"Sphere and 2 Shapes","floor":47,"turns":3},{"damage":0,"enemies":"Jaw Worm Horde","floor":48,"turns":2},{"damage":0,"enemies":"Time Eater","floor":50,"turns":8}],"seed_played":"-455926918776520268","potions_obtained":[{"floor":4.0,"key":"CultistPotion"},{"floor":5.0,"key":"BottledSpark"},{"floor":6.0,"key":"StarNLove"},{"floor":12.0,"key":"Regen Potion"},{"floor":13.0,"key":"SkillPotion"},{"floor":16.0,"key":"LiquidBronze"},{"floor":24.0,"key":"Block Potion"},{"floor":25.0,"key":"StarNLove"},{"floor":29.0,"key":"SmokeBomb"},{"floor":31.0,"key":"ShroomBrew"},{"floor":35.0,"key":"Swift Potion"},{"floor":39.0,"key":"Fruit Juice"},{"floor":44,"key":"StarNLove"},{"floor":46,"key":"ColorlessPotion"}],"is_trial":false,"path_per_floor":["M","M","?","M","M","E","M","E","T","E","R","M","E","M","R","B",null,"M","$","M","?","?","E","M","E","T","E","M","M","R","E","R","B",null,"M","M","$","M","M","M","E","R","T","E","M","E","M","M","R","B",null],"character_chosen":"MARISA","items_purchased":["Blood Vial","Regal Pillow","OneTimeOff+1","CasketOfStar+1","Bottled Flame","Membership Card"],"campfire_rested":2,"item_purchase_floors":[19,19,19,37,37,37],"current_hp_per_floor":[73,72,72,72,69,39,38,19,19,12,34,24,20,20,42,37,66,72,72,74,74,74,67,68,70,76,71,73,75,81,74,81,37,70,72,74,74,76,83,84,81,86,92,92,92,76,84,86,92,92],"gold":204,"neow_bonus":"BOSS_RELIC","is_daily":false,"chose_seed":false,"campfire_upgraded":4,"win_rate":0.0,"timestamp":1609580412,"path_taken":["M","M","?","M","M","E","M","E","T","E","R","M","E","?","R","BOSS","M","$","M","?","?","E","M","E","T","E","M","M","R","E","R","BOSS","M","M","$","M","M","M","E","R","T","E","M","E","M","M","R","BOSS"],"items_purchased_type":["Relic","Relic","Card","Card","Relic","Relic"],"build_version":"2020-12-22","purchased_purges":1,"victory":true,"max_hp_per_floor":[75,75,75,75,75,75,75,75,75,75,75,75,75,75,75,75,75,75,75,75,75,75,75,75,75,81,81,81,81,81,81,81,81,81,81,81,81,81,86,86,86,86,92,92,92,92,92,92,92,92],"card_choices":[{"not_picked":["GalacticHalo","PulseMagic"],"picked":"IllusionStar","floor":1.0},{"not_picked":["SporeBomb","SatelliteIllusion"],"picked":"DC","floor":2.0},{"not_picked":["WitchLeyline","GrandCross"],"picked":"PowerUp","floor":4.0},{"not_picked":["ShootTheMoon","AlicesGift"],"picked":"GasGiant","floor":5.0},{"not_picked":["GravityBeat","RefractionSpark"],"picked":"JA","floor":6.0},{"not_picked":["DarkMatter","GrandCross"],"picked":"ManaConvection","floor":7.0},{"not_picked":["Occultation+1","WitchOfGreed"],"picked":"AsteroidBelt+1","floor":8.0},{"not_picked":["SporeBomb+1","LuminesStrike"],"picked":"MysteriousBeam","floor":10.0},{"not_picked":["SprinkleStarSeal+1","WitchOfGreed+1"],"picked":"EarthLightRay+1","floor":12.0},{"not_picked":["OpenUniverse+1","DarkSpark"],"picked":"GravityBeat","floor":13.0},{"not_picked":["BlazeAway+1","ManaConvection+1"],"picked":"DeepEcoloBomb","floor":14.0},{"not_picked":["BinaryStars+1","CasketOfStar+1"],"picked":"ManaRampage+1","floor":16.0},{"not_picked":["EnergyRecoil+1","LuminesStrike"],"picked":"GrandCross+1","floor":18.0},{"not_picked":["UnstableBomb","IllusionStar+1"],"picked":"AsteroidBelt+1","floor":20.0},{"not_picked":["PowerUp+1","MilkyWay+1"],"picked":"EventHorizon+1","floor":23.0},{"not_picked":["GravityBeat","AbsoluteMagnitude"],"picked":"PulseMagic+1","floor":24.0},{"not_picked":["MilkyWay+1","MaximisePower+1"],"picked":"AsteroidBelt+1","floor":25.0},{"not_picked":["Occultation+1","DarkSpark+1"],"picked":"ManaRampage+1","floor":27.0},{"not_picked":["DragonMeteor","SuperPerseids+1"],"picked":"GasGiant+1","floor":28.0},{"not_picked":["ChargingUp+1","MeteoricShower"],"picked":"GrandCross","floor":29.0},{"not_picked":["DoubleSpark","WitchLeyline"],"picked":"OortCloud+1","floor":31.0},{"not_picked":["EscapeVelocity+1","SatelliteIllusion+1"],"picked":"FinalSpark","floor":33.0},{"not_picked":["UnstableBomb+1","MysteriousBeam+1","EnergyFlow+1"],"picked":"SKIP","floor":35.0},{"not_picked":["GravityBeat","IllusionStar+1"],"picked":"GalacticHalo+1","floor":36.0},{"not_picked":["EnergyRecoil+1","OrrerysSun+1"],"picked":"MagicChant+1","floor":38.0},{"not_picked":["UnstableBomb+1","UltimateShortwave+1"],"picked":"GrandCross+1","floor":39.0},{"not_picked":["DoubleSpark+1","LuminesStrike+1"],"picked":"GravityBeat","floor":40},{"not_picked":["WitchOfGreed+1","StarBarrage+1","Orbital+1"],"picked":"SKIP","floor":41},{"not_picked":["BlazeAway+1","MysteriousBeam"],"picked":"Singularity+1","floor":44},{"not_picked":["Acceleration+1","GravityBeat+1"],"picked":"SprinkleStarSeal+1","floor":45},{"not_picked":["ManaRampage+1","ShootingEcho+1"],"picked":"BlazingStar","floor":46},{"not_picked":["DoubleSpark+1","MaximisePower+1"],"picked":"SporeBomb+1","floor":47},{"not_picked":["DeepEcoloBomb","ChargingUp+1"],"picked":"AsteroidBelt+1","floor":48}],"player_experience":334554,"relics_obtained":[{"floor":6.0,"key":"Ancient Tea Set"},{"floor":8.0,"key":"Toxic Egg 2"},{"floor":9.0,"key":"Letter Opener"},{"floor":10.0,"key":"Frozen Egg 2"},{"floor":13.0,"key":"FossilizedHelix"},{"floor":23.0,"key":"Pen Nib"},{"floor":25.0,"key":"Darkstone Periapt"},{"floor":26.0,"key":"Ice Cream"},{"floor":27.0,"key":"Vajra"},{"floor":31.0,"key":"Juzu Bracelet"},{"floor":41,"key":"Kunai"},{"floor":43,"key":"Bag of Marbles"},{"floor":44,"key":"Orichalcum"},{"floor":46,"key":"Oddly Smooth Stone"}],"event_choices":[{"damage_healed":0.0,"max_hp_gain":0.0,"max_hp_loss":0.0,"gold_gain":0.0,"event_name":"Upgrade Shrine","player_choice":"Upgraded","floor":3.0,"gold_loss":0.0,"damage_taken":0.0,"cards_upgraded":["DC"]},{"damage_healed":0.0,"max_hp_gain":0.0,"max_hp_loss":0.0,"gold_gain":0.0,"event_name":"The Mausoleum","player_choice":"Opened","floor":21.0,"gold_loss":0.0,"damage_taken":0.0,"relics_obtained":["Eternal Feather"]},{"damage_healed":0.0,"max_hp_gain":0.0,"max_hp_loss":8.0,"gold_gain":0.0,"event_name":"betterThird:BetterWriting","player_choice":"Simplicity","floor":22.0,"gold_loss":0.0,"damage_taken":0.0}],"is_beta":false,"boss_relics":[{"not_picked":["Tiny House","Runic Dome"],"picked":"Cursed Key"},{"not_picked":["RampagingMagicTools","Fusion Hammer"],"picked":"ExperimentalFamiliar"}],"items_purged_floors":[37],"is_endless":false,"potions_floor_spawned":[4,5,6,12,13,16,24,25,29,31,33,35,39,44,46],"ascension_level":5}}