{"host":"d8hh7rr4yzitjeuj","time":1609561087,"event":{"mods":["2.2 Compatiblity","AchievementEnabler","BaseMod","CapriCore","Colored Map","Colored Powertips","Highlight Path","Keyboard Shortcuts","Minty Spire (QoL Compilation)","Permanent Neow","Quick Restart","StSLib","SuperFastMode"],"gold_per_floor":[115,131,144,163,173,207,223,236,236,236,255,255,274,290,290,367,367,383,118,136,136,136],"floor_reached":21,"playtime":639,"items_purged":["Hyperbeam"],"score":378,"play_id":"550f6db9-5294-491c-8939-70282ed20c32","local_time":"20210102131807","is_ascension_mode":true,"campfire_choices":[{"floor":10.0,"key":"REST"},{"data":"Go for the Eyes","floor":15.0,"key":"SMITH"}],"circlet_count":0,"master_deck":["AscendersBane","Strike_B","Strike_B","Strike_B","Strike_B","Defend_B","Defend_B","Defend_B","Defend_B","Zap","Dualcast","Hologram","Self Repair","Conserve Battery","Beam Cell","Fusion","Sunder","Meteor Strike","Go for the Eyes+1","Compile Driver","Biased Cognition","Defragment","Master of Strategy"],"relics":["Cracked Core","Singing Bowl","Ice Cream","Nuclear Battery"],"acts_visited":["Exordium","TheCity"],"potions_floor_usage":[20,20],"damage_taken":[{"damage":0.0,"enemies":"Cultist","floor":1.0,"turns":2.0},{"damage":0.0,"enemies":"2 Louse","floor":2.0,"turns":1.0},{"damage":12.0,"enemies":"Jaw Worm","floor":3.0,"turns":4.0},{"damage":9.0,"enemies":"Large Slime","floor":4.0,"turns":5.0},{"damage":2.0,"enemies":"Red Slaver","floor":5.0,"turns":2.0},{"damage":32.0,"enemies":"Gremlin Nob","floor":6.0,"turns":4.0},{"damage":15.0,"enemies":"3 Louse","floor":7.0,"turns":3.0},{"damage":5.0,"enemies":"Exordium Wildlife","floor":8.0,"turns":2.0},{"damage":0.0,"enemies":"2 Fungi Beasts","floor":11.0,"turns":2.0},{"damage":10.0,"enemies":"Large Slime","floor":13.0,"turns":6.0},{"damage":19.0,"enemies":"Lots of Slimes","floor":14.0,"turns":4.0},{"damage":19.0,"enemies":"The Guardian","floor":16.0,"turns":9.0},{"damage":37.0,"enemies":"Shell Parasite","floor":18.0,"turns":5.0},{"damage":15,"enemies":"3 Byrds","floor":20,"turns":5},{"damage":24,"enemies":"Snake Plant","floor":21,"turns":2}],"seed_played":"8399088857178962249","potions_obtained":[{"floor":4.0,"key":"Swift Potion"},{"floor":6.0,"key":"ColorlessPotion"},{"floor":8.0,"key":"Dexterity Potion"},{"floor":14.0,"key":"BlessingOfTheForge"},{"floor":16.0,"key":"DuplicationPotion"},{"floor":20,"key":"Dexterity Potion"}],"is_trial":false,"path_per_floor":["M","M","M","M","M","E","M","M","T","R","M","?","M","M","R","B",null,"M","$","M","M"],"character_chosen":"DEFECT","items_purchased":["Master of Strategy"],"campfire_rested":1,"item_purchase_floors":[19],"current_hp_per_floor":[64,64,59,57,55,30,22,17,17,38,40,40,39,27,27,15,60,30,30,24,0,0],"gold":136,"neow_bonus":"ONE_RANDOM_RARE_CARD","is_daily":false,"chose_seed":false,"campfire_upgraded":1,"win_rate":0.0,"timestamp":1609561087,"path_taken":["M","M","M","M","M","E","M","?","T","R","M","?","M","M","R","BOSS","M","$","M","M"],"items_purchased_type":["Card"],"build_version":"2020-12-22","purchased_purges":1,"victory":false,"max_hp_per_floor":[71,71,71,71,71,71,71,71,71,71,73,73,75,75,75,75,75,75,75,77,77,77],"card_choices":[{"not_picked":["Ball Lightning","Conserve Battery"],"picked":"Hologram","floor":1.0},{"not_picked":["Stack","Go for the Eyes"],"picked":"Self Repair","floor":2.0},{"not_picked":["Tempest","Ball Lightning"],"picked":"Conserve Battery","floor":3.0},{"not_picked":["Rainbow","Go for the Eyes"],"picked":"Beam Cell","floor":4.0},{"not_picked":["Compile Driver","Gash"],"picked":"Fusion","floor":5.0},{"not_picked":["Cold Snap","White Noise"],"picked":"Sunder","floor":6.0},{"not_picked":["Consume","FTL"],"picked":"Meteor Strike","floor":7.0},{"not_picked":["Leap","Gash"],"picked":"Go for the Eyes","floor":8.0},{"not_picked":["Scrape","Beam Cell","Fusion"],"picked":"Singing Bowl","floor":11.0},{"not_picked":["Doom and Gloom","Streamline","Tempest"],"picked":"Singing Bowl","floor":13.0},{"not_picked":["Coolheaded","Beam Cell"],"picked":"Compile Driver","floor":14.0},{"not_picked":["Creative AI","All For One"],"picked":"Biased Cognition","floor":16.0},{"not_picked":["Redo","Heatsinks"],"picked":"Defragment","floor":18.0},{"not_picked":["Rebound+1","Consume","Reprogram"],"picked":"Singing Bowl","floor":20}],"player_experience":1393425,"relics_obtained":[{"floor":6.0,"key":"Singing Bowl"},{"floor":9.0,"key":"Ice Cream"}],"event_choices":[{"damage_healed":0.0,"max_hp_gain":0.0,"max_hp_loss":0.0,"gold_gain":0.0,"event_name":"Scrap Ooze","player_choice":"Fled","floor":12.0,"gold_loss":0.0,"damage_taken":0.0}],"is_beta":false,"boss_relics":[{"not_picked":["Inserter","Empty Cage"],"picked":"Nuclear Battery"}],"items_purged_floors":[19],"is_endless":false,"potions_floor_spawned":[4,6,8,14,16,20],"killed_by":"Snake Plant","ascension_level":20}}