{"host":"k4sml0yodkvgduav","time":1609613546,"event":{"mods":["Act Like it!","Arknights The Spire","BaseMod","CapriCore","Hallownest","Hermit","Highlight Path","Luminous","Minty Spire (QoL Compilation)","MostiFishMod","Quick Restart","Replay The Spire","Spicy Shops","StSLib","The Administrix","The Servant 0.9.4","TheSwordswoman","UnlockEverythingMod","Yakumo Yukari mod","Youmu£®ªÍ∆«—˝√Œ£©","Yuyuko"],"gold_per_floor":[111,111,122,132,132,141,167,194,194,214,214,247,258,276,276,387,387,415,424,454,469,403,403,427,427,427,336,356,370,370,413,413,525,525,548,548,566,566,583,626,644,644,644,656,656,656,566,607,607,608],"floor_reached":51,"playtime":4459,"items_purged":["ats:Strike V","ats:Strike S","Normality","Decay","ats:Strike G","ats:Defend","ats:Defend","ats:Defend","ats:Defend"],"score":856,"play_id":"d9e75e66-e753-490c-9d8d-b38befdf7b72","local_time":"20210103025226","is_ascension_mode":false,"campfire_choices":[{"floor":15.0,"key":"REST"},{"data":"ats:Soul Absorption","floor":23,"key":"SMITH"},{"data":"ats:Counter Healing Mode","floor":25,"key":"SMITH"},{"data":"ats:Ignite","floor":32,"key":"SMITH"},{"data":"ats:Emotion Absorption","floor":42,"key":"SMITH"},{"data":"1","floor":45,"key":"LIFT"},{"data":"2","floor":49,"key":"LIFT"}],"circlet_count":0,"master_deck":["ats:Strike C","ats:Emotion Absorption+1","ats:Disruption Kick+1","ats:Mental Burst+1","ats:Burning Ground+1","ats:Charging Defense","ats:Revitalization+1","ats:Guardian Obelisk+1","ats:Soul Absorption+1","ats:Nebulous Foxfire+1","ats:Apocalypse","ats:Apocalypse+1","MostiFishMod:KingOfFree+1","ats:Nebulous Foxfire+1","ats:Counter Healing Mode+1","ats:Ignite+1","ats:Directed Diagnosis+1","ats:Apocalypse+1","ats:Sunburst+1","ats:Nebulous Foxfire+1","ats:Ignite+1","ats:Calcification+1","ats:Burning Ground","ats:Roar Of Ursus+1","ats:Wolf Pack+1"],"relics":["ats:Sanity","DaveBox","DiscerningMonocle","SynthV:TestCard","ChiLing","Chi","Ling","ats:Industrial Water Cannon","PreservedInsect","Guide Book","CeramicFish","ats:Spiritual Recovery","ats:Berate","ats:Special","ReplayTheSpireMod:Shallot","Sundial","Gremlin Food","ats:Originium","Replay:Ringing Soul","ats:Cure","Art of War","Onion Ring","ReplayTheSpireMod:ShopPack","Golden Egg","War Paint","HaiYi:Twilight","Kunai","HandDrill","Membership Card","SynthV:C4","Shuriken","Chameleon Ring","Replay:WaspNest","TheAbacus","Mercury Hourglass","Toy Ornithopter","TimeFreeze","MutagenicStrength","Mummified Hand","TimeKeys","Replay:Mystery Machine","ClockworkSouvenir","Thread and Needle","Ying","Girya","ats:Rhine Circuitry","MetatronsCube","Bag of Marbles","DaCapo","CaptainsWheel","BionicSphere","Replay:Towering Pillar of Hats","ReplayTheSpireMod:TigerMarble","Replay:Bottled Flurry","OrangePellets","Chemical X","MealTicket","Oddly Smooth Stone"],"acts_visited":["Exordium","TheCity","TheBeyond"],"potions_floor_usage":[16],"damage_taken":[{"damage":12.0,"enemies":"2 Louse","floor":1.0,"turns":4.0},{"damage":1.0,"enemies":"Cultist","floor":3.0,"turns":2.0},{"damage":6.0,"enemies":"Jaw Worm","floor":4.0,"turns":2.0},{"damage":2.0,"enemies":"Exordium Thugs","floor":7.0,"turns":2.0},{"damage":3.0,"enemies":"Large Slime","floor":8.0,"turns":3.0},{"damage":8.0,"enemies":"Exordium Wildlife","floor":10.0,"turns":3.0},{"damage":5.0,"enemies":"3 Sentries","floor":12.0,"turns":3.0},{"damage":9.0,"enemies":"Red Slaver","floor":13.0,"turns":3.0},{"damage":29,"enemies":"Fading Forest","floor":16,"turns":11},{"damage":1,"enemies":"Spheric Guardian","floor":18,"turns":1},{"damage":10,"enemies":"Chosen","floor":20,"turns":4},{"damage":14,"enemies":"Shelled Parasite and Fungi","floor":21,"turns":5},{"damage":2,"enemies":"Cultist and Chosen","floor":24,"turns":4},{"damage":31,"enemies":"Snake Plant","floor":28,"turns":3},{"damage":9,"enemies":"Sentry and Sphere","floor":29,"turns":5},{"damage":4,"enemies":"Gremlin Leader","floor":31,"turns":3},{"damage":69,"enemies":"Champ","floor":33,"turns":11},{"damage":1,"enemies":"3 Darklings","floor":35,"turns":2},{"damage":6,"enemies":"3 Shapes","floor":37,"turns":2},{"damage":17,"enemies":"Writhing Mass","floor":39,"turns":3},{"damage":7,"enemies":"Nemesis","floor":40,"turns":4},{"damage":0,"enemies":"Jaw Worm Horde","floor":41,"turns":1},{"damage":0,"enemies":"Transient","floor":44,"turns":5},{"damage":0,"enemies":"R_Hoarder","floor":48,"turns":3},{"damage":0,"enemies":"Donu and Deca","floor":50,"turns":6}],"seed_played":"2661750198799004247","potions_obtained":[{"floor":1.0,"key":"SteroidPotion"},{"floor":7.0,"key":"LiquidMemories"},{"floor":21,"key":"FearPotion"},{"floor":31,"key":"LifebloodPotion"}],"is_trial":false,"path_per_floor":["M","$","M","M","?","$","M","M","T","M","T","E","M","$","R","B",null,"M","?","M","M","$","R","M","R","T","$","M","M","?","E","R","B",null,"M","$","M","$","M","E","M","R","T","M","R","$","?","E","R","B",null],"character_chosen":"DOCTOR_CLASS","items_purchased":["ChiLing","ats:Industrial Water Cannon","PreservedInsect","Milkshake","ColorlessPotion","ats:Burning Ground","ats:Charging Defense","Guide Book","CeramicFish","ats:Spiritual Recovery","ats:Berate","ats:Special","ReplayTheSpireMod:Shallot","ats:Soul Absorption","ats:Cure","Art of War","Onion Ring","ReplayTheSpireMod:ShopPack","Golden Egg","War Paint","Block Potion","Kunai","HandDrill","Membership Card","SynthV:C4","ats:Directed Diagnosis","Chameleon Ring","Replay:WaspNest","TheAbacus","Mercury Hourglass","Toy Ornithopter","TimeFreeze","ats:Sunburst+1","Replay:Mystery Machine","ClockworkSouvenir","Thread and Needle","Ying","Girya","ats:Rhine Circuitry","MetatronsCube","Bag of Marbles","DaCapo","CaptainsWheel","Adrenaline Potion","ReplayTheSpireMod:TigerMarble","Replay:Bottled Flurry","OrangePellets","Chemical X","MealTicket","Death Potion"],"campfire_rested":1,"item_purchase_floors":[2,2,2,2,2,2,2,2,6,6,6,6,6,6,14,14,14,14,14,14,14,22,22,22,22,22,27,27,27,27,27,27,27,36,36,36,36,36,36,38,38,38,38,38,46,46,46,46,46,46],"current_hp_per_floor":[39,39,38,32,32,32,30,29,29,25,25,23,18,21,43,61,78,81,84,85,82,85,85,92,92,92,95,74,81,81,95,95,62,105,107,107,103,103,95,104,104,104,104,111,111,111,111,114,114,114],"gold":608,"neow_bonus":"THREE_RARE_CARDS","is_daily":false,"chose_seed":false,"campfire_upgraded":4,"win_rate":0.0,"timestamp":1609613546,"path_taken":["M","$","M","M","?","$","M","?","T","M","?","E","M","$","R","BOSS","M","?","M","M","$","R","M","R","T","$","?","M","?","E","R","BOSS","M","$","M","$","M","E","M","R","T","M","R","$","?","E","R","BOSS"],"items_purchased_type":["Relic","Relic","Relic","Potion","Potion","Card","Card","Relic","Relic","Relic","Relic","Relic","Relic","Card","Relic","Relic","Relic","Relic","Relic","Relic","Potion","Relic","Relic","Relic","Relic","Card","Relic","Relic","Relic","Relic","Relic","Relic","Card","Relic","Relic","Relic","Relic","Relic","Relic","Relic","Relic","Relic","Relic","Potion","Relic","Relic","Relic","Relic","Relic","Potion"],"build_version":"2020-12-22","purchased_purges":9,"victory":true,"max_hp_per_floor":[72,72,72,72,72,72,72,72,72,72,72,72,72,75,75,78,78,81,84,87,87,90,90,93,93,93,96,99,99,99,102,102,105,105,108,108,108,108,108,111,111,111,111,111,111,111,111,114,114,114],"card_choices":[{"not_picked":["ats:Dogmatic Field","ats:Rat Pack"],"picked":"ats:Disruption Kick","floor":0.0},{"not_picked":["ats:Charging Defense","ats:Collapsing Strike"],"picked":"ats:Mental Burst","floor":1.0},{"not_picked":["ats:Closed Bolt Burst Fire","ats:Cat Scratch","ats:Assault Order","ats:Flexible Camouflage"],"picked":"ats:Revitalization","floor":3.0},{"not_picked":["ats:Curse Doll","ats:Powerful Strike","ats:Childhood Dance","ats:Leaping Hammer"],"picked":"ats:Guardian Obelisk","floor":4.0},{"not_picked":["ats:Cat Scratch","ats:Flexible Camouflage","ats:Revitalization","ats:Childhood Dance"],"picked":"ats:Nebulous Foxfire","floor":7.0},{"not_picked":["ats:Childhood Dance","ats:Revitalization","ats:Poison Spread","ats:Chain Hook"],"picked":"ats:Apocalypse","floor":8.0},{"not_picked":["ats:Leaping Hammer","ats:Hammer On","ats:Charging Defense","ats:Steam Pump"],"picked":"ats:Apocalypse","floor":10.0},{"not_picked":["ats:Song Of Battle","ats:Childhood Dance","ats:Leaping Hammer","ats:Revitalization","ats:Consecutive Shot Auto"],"picked":"SKIP","floor":12.0},{"not_picked":["ats:LN2 Cannon","ats:Steam Pump","ats:Flexible Camouflage","ats:Childhood Dance","ats:Encircling Forest"],"picked":"SKIP","floor":13.0},{"not_picked":["MostiFishMod:JungleRules","ReplayTheSpireMod:Necrogeddon","Secret Weapon","MostiFishMod:PerfectForm"],"picked":"MostiFishMod:KingOfFree","floor":14.0},{"not_picked":["ats:Disruption Kick","ats:Calcification","ats:Wolf Pack","ats:Durian"],"picked":"ats:Nebulous Foxfire","floor":16},{"not_picked":["ats:Sword Rain","ats:Charging Defense+1","ats:Leaping Hammer","ats:Blood Oath+1"],"picked":"ats:Counter Healing Mode","floor":18},{"not_picked":["ats:Explosion Area Strengthen+1","ats:Revitalization","ats:Apocalypse","ats:Childhood Dance"],"picked":"ats:Ignite+1","floor":20},{"not_picked":["ats:Neurotoxin","ats:Poison Spread","ats:Flexible Camouflage+1","ats:Curse Doll","ats:Revitalization"],"picked":"SKIP","floor":21},{"not_picked":["ats:Powerful Strike+1","ats:Leaping Hammer","ats:Revitalization","ats:Explosion Area Strengthen"],"picked":"ats:Apocalypse+1","floor":24},{"not_picked":["ats:Apocalypse","ats:Hammer On","ats:Ignite","ats:Poison Spread"],"picked":"ats:Nebulous Foxfire","floor":28},{"not_picked":["ats:Poison Spread","ats:Guardian Obelisk+1","ats:Curse Doll","ats:Apocalypse","ats:Powerful Strike+1"],"picked":"SKIP","floor":29},{"not_picked":["ats:Durian","ats:Shell Defense+1","ats:Charging Defense","ats:Guardian Obelisk"],"picked":"ats:Ignite","floor":31},{"not_picked":["ats:Wolf Pack","ats:Soul Rend","ats:Ambush","ats:Dogmatic Field"],"picked":"ats:Calcification","floor":33},{"not_picked":["ats:Directed Diagnosis+1","ats:Powerful Strike+1","ats:Encircling Forest","ats:Childhood Dance"],"picked":"ats:Burning Ground","floor":35},{"not_picked":["ats:Thermite Blade+1","ats:Blood Oath+1","ats:Curse Doll+1","ats:Song Of Battle","ats:Chain Hook+1"],"picked":"SKIP","floor":37},{"not_picked":["ats:Powerful Strike","ats:Curse Doll+1","ats:Revitalization+1","ats:Shadow Raid+1","ats:Hook Shot"],"picked":"SKIP","floor":39},{"not_picked":["ats:Poison Spread","ats:Explosion Area Strengthen","ats:Thermite Blade","ats:Leaping Hammer+1"],"picked":"ats:Roar Of Ursus","floor":40},{"not_picked":["ats:Spore Proliferation","ats:Powerful Strike","ats:Sunburst+1","ats:Cat Scratch+1","ats:Beaten Up+1"],"picked":"SKIP","floor":41},{"not_picked":["ats:Poison Spread+1","ats:Charging Defense+1","ats:Cat Scratch+1","ats:Revitalization","ats:Powerful Strike+1"],"picked":"SKIP","floor":44},{"not_picked":["ats:Poison Spread","ats:Flexible Camouflage+1","ats:Ignite","ats:Curse Doll"],"picked":"ats:Wolf Pack","floor":48}],"player_experience":351244,"relics_obtained":[{"floor":1.0,"key":"SynthV:TestCard"},{"floor":9.0,"key":"Sundial"},{"floor":11.0,"key":"Gremlin Food"},{"floor":12.0,"key":"ats:Originium"},{"floor":12.0,"key":"Replay:Ringing Soul"},{"floor":26,"key":"Shuriken"},{"floor":31,"key":"ats:Originium"},{"floor":31,"key":"Mummified Hand"},{"floor":40,"key":"ats:Originium"},{"floor":40,"key":"BionicSphere"},{"floor":43,"key":"Replay:Towering Pillar of Hats"},{"floor":48,"key":"Oddly Smooth Stone"}],"event_choices":[{"damage_healed":0.0,"max_hp_gain":0.0,"max_hp_loss":0.0,"gold_gain":0.0,"event_name":"Accursed Blacksmith","player_choice":"Forge","floor":5.0,"gold_loss":0.0,"damage_taken":0.0,"cards_upgraded":["ats:Guardian Obelisk"]},{"damage_healed":0,"gold_gain":0,"player_choice":"Cursed","damage_taken":0,"max_hp_gain":0,"max_hp_loss":0,"event_name":"Wheel of Change","floor":19,"gold_loss":0,"cards_obtained":["Decay"]},{"damage_healed":0,"gold_gain":0,"player_choice":"Inject Mutagens","damage_taken":0,"relics_obtained":["MutagenicStrength"],"max_hp_gain":0,"max_hp_loss":0,"event_name":"Drug Dealer","floor":30,"gold_loss":0},{"cards_removed":["ats:Armor Crushing Shot"],"damage_healed":0,"gold_gain":0,"player_choice":"Upgrade and Remove","damage_taken":0,"max_hp_gain":0,"max_hp_loss":0,"event_name":"Designer","floor":47,"gold_loss":90,"cards_upgraded":["ats:Revitalization"]}],"is_beta":false,"boss_relics":[{"not_picked":["Kintsugi","ExusiaiGun"],"picked":"HaiYi:Twilight"},{"not_picked":["ats:Tactical Delivery","Transparent"],"picked":"TimeKeys"}],"items_purged_floors":[2,6,14,22,27,27,36,38,46],"is_endless":false,"potions_floor_spawned":[1,7,8,12,21,29,31,35,40],"ascension_level":0}}