{"host":"yvb207ks1sg3cxef","time":1609600823,"event":{"mods":["2.2 Compatiblity","BaseMod","Bestiary","Colored Powertips","Minty Spire (QoL Compilation)","Permanent Neow","Quick Restart","Relic Stats","StSLib"],"gold_per_floor":[119,119,138,65,84,119,119,146,146,26,26,37,71,85,85,85,85],"floor_reached":16,"playtime":470,"items_purged":["Strike_G"],"score":240,"play_id":"fc796919-7082-4e68-95ca-7ab09247fd26","local_time":"20210102205023","is_ascension_mode":true,"campfire_choices":[{"data":"Skewer","floor":7.0,"key":"SMITH"},{"floor":11.0,"key":"REST"},{"floor":15,"key":"REST"}],"circlet_count":0,"master_deck":["AscendersBane","Strike_G","Strike_G","Strike_G","Strike_G","Defend_G","Defend_G","Defend_G","Defend_G","Defend_G","Survivor","Neutralize","Quick Slash","Skewer+1","After Image","Footwork","Dash","Venomology","Backflip"],"relics":["Velvet Choker","Tiny Chest","Ornamental Fan","StrikeDummy","Snake Skull","Potion Belt","Darkstone Periapt"],"acts_visited":["Exordium"],"potions_floor_usage":[16,16],"damage_taken":[{"damage":5.0,"enemies":"Small Slimes","floor":1.0,"turns":3.0},{"damage":0.0,"enemies":"Cultist","floor":3.0,"turns":5.0},{"damage":3.0,"enemies":"Jaw Worm","floor":5.0,"turns":3.0},{"damage":4.0,"enemies":"Gremlin Nob","floor":6.0,"turns":4.0},{"damage":11.0,"enemies":"Lagavulin","floor":8.0,"turns":6.0},{"damage":5.0,"enemies":"Red Slaver","floor":12.0,"turns":5.0},{"damage":15,"enemies":"Gremlin Nob","floor":13,"turns":4},{"damage":7,"enemies":"Looter","floor":14,"turns":2},{"damage":37,"enemies":"Hexaghost","floor":16,"turns":11}],"seed_played":"2820520798387459278","potions_obtained":[{"floor":1.0,"key":"Weak Potion"},{"floor":5.0,"key":"ColorlessPotion"},{"floor":8.0,"key":"LiquidBronze"},{"floor":14,"key":"SkillPotion"}],"is_trial":false,"path_per_floor":["M","?","M","?","M","E","R","E","T","$","R","M","E","M","R","B"],"character_chosen":"THE_SILENT","items_purchased":["Dash"],"campfire_rested":2,"item_purchase_floors":[10],"current_hp_per_floor":[54,28,28,28,25,21,21,10,10,10,29,24,9,2,21,0,0],"gold":85,"neow_bonus":"BOSS_RELIC","is_daily":false,"chose_seed":false,"campfire_upgraded":1,"win_rate":0.0,"timestamp":1609600823,"path_taken":["M","?","M","?","M","E","R","E","T","$","R","M","E","?","R","BOSS"],"items_purchased_type":["Card"],"build_version":"2020-12-22","purchased_purges":1,"victory":false,"max_hp_per_floor":[66,66,66,66,66,66,66,66,66,66,66,66,66,66,66,66,66],"relic_stats":{"Darkstone Periapt":0,"counters":[9,43],"Ornamental Fan":[60],"Tiny Chest":0,"Snake Skull":[3],"obtain_stats":[{"Potion Belt":9,"Darkstone Periapt":13,"Ornamental Fan":4,"Velvet Choker":0,"Tiny Chest":2,"Snake Skull":8,"StrikeDummy":6,"Ring of the Snake":0},{"Potion Belt":5,"Darkstone Periapt":7,"Ornamental Fan":2,"Velvet Choker":0,"Tiny Chest":1,"Snake Skull":5,"StrikeDummy":4,"Ring of the Snake":0},{"Potion Belt":21,"Darkstone Periapt":30,"Ornamental Fan":8,"Velvet Choker":0,"Tiny Chest":3,"Snake Skull":21,"StrikeDummy":15,"Ring of the Snake":0}]},"card_choices":[{"not_picked":["All Out Attack","Cloak And Dagger"],"picked":"Quick Slash","floor":1.0},{"not_picked":["Dagger Throw","Slice"],"picked":"Skewer","floor":3.0},{"not_picked":["Sucker Punch","Poisoned Stab","Blade Dance"],"picked":"SKIP","floor":5.0},{"not_picked":["Quick Slash","Dodge and Roll"],"picked":"After Image","floor":6.0},{"not_picked":["Acrobatics","Prepared"],"picked":"Footwork","floor":8.0},{"not_picked":["Concentrate","Catalyst","Flying Knee"],"picked":"SKIP","floor":12.0},{"not_picked":["Cloak And Dagger","Deadly Poison"],"picked":"Venomology","floor":13},{"not_picked":["Blade Dance","Sucker Punch"],"picked":"Backflip","floor":14}],"player_experience":282992,"relics_obtained":[{"floor":6.0,"key":"StrikeDummy"},{"floor":8.0,"key":"Snake Skull"},{"floor":9.0,"key":"Potion Belt"},{"floor":13,"key":"Darkstone Periapt"}],"event_choices":[{"damage_healed":0.0,"max_hp_gain":0.0,"max_hp_loss":0.0,"gold_gain":0.0,"event_name":"Scrap Ooze","player_choice":"Success","floor":2.0,"gold_loss":0.0,"damage_taken":26.0,"relics_obtained":["Tiny Chest"]},{"damage_healed":0.0,"max_hp_gain":0.0,"max_hp_loss":0.0,"gold_gain":0.0,"event_name":"WeMeetAgain","player_choice":"Paid Gold","floor":4.0,"gold_loss":73.0,"damage_taken":0.0,"relics_obtained":["Ornamental Fan"]}],"is_beta":false,"boss_relics":[],"items_purged_floors":[10],"is_endless":false,"potions_floor_spawned":[1,5,8,14],"killed_by":"Hexaghost","ascension_level":20}}