{"host":"uonldg9uriwfhjjx","time":1609559593,"event":{"mods":["AchievementEnabler","BaseMod","Minty Spire (QoL Compilation)","Relic Stats"],"gold_per_floor":[117,42,58,72,88,88,415,415,415,425,425,271,271,146,146,224,224,240,20,31,44,44,44,78,5,17,43,55,96,108,10,10,83,83,93,93,93,105,105,105],"floor_reached":39,"playtime":1404,"items_purged":["Pain","Strike_G","Defend_G","Strike_G"],"score":949,"play_id":"87e64217-5cfd-4ff9-a74c-d44830e994cb","local_time":"20210101225313","is_ascension_mode":true,"campfire_choices":[{"data":"Accuracy","floor":6.0,"key":"SMITH"},{"data":"Blade Dance","floor":8.0,"key":"SMITH"},{"data":"Cloak And Dagger","floor":11.0,"key":"SMITH"},{"data":"A Thousand Cuts","floor":15.0,"key":"SMITH"},{"data":"Blade Dance","floor":23.0,"key":"SMITH"},{"data":"Accuracy","floor":30,"key":"SMITH"},{"data":"Envenom","floor":32,"key":"SMITH"}],"circlet_count":0,"master_deck":["AscendersBane","Strike_G","Strike_G","Defend_G","Defend_G","Survivor","Neutralize","Accuracy+1","A Thousand Cuts+1","Cloak And Dagger+1","PiercingWail","Blade Dance+1","Escape Plan","Footwork","PiercingWail","Cloak And Dagger+1","Envenom+1","Blade Dance+1","Blur","Setup+1","Accuracy+1","Terror","Footwork","Phantasmal Killer","Madness","Madness"],"relics":["Ring of the Snake","Old Coin","Ice Cream","Sozu","Tingsha","MawBank","White Beast Statue","Potion Belt","SlaversCollar"],"acts_visited":["Exordium","TheCity","TheBeyond"],"potions_floor_usage":[],"damage_taken":[{"damage":7.0,"enemies":"Cultist","floor":1.0,"turns":5.0},{"damage":4.0,"enemies":"Small Slimes","floor":3.0,"turns":3.0},{"damage":3.0,"enemies":"2 Louse","floor":4.0,"turns":3.0},{"damage":5.0,"enemies":"Gremlin Gang","floor":5.0,"turns":3.0},{"damage":7.0,"enemies":"Lagavulin","floor":7.0,"turns":7.0},{"damage":1.0,"enemies":"Looter","floor":10.0,"turns":4.0},{"damage":0.0,"enemies":"Slime Boss","floor":16.0,"turns":7.0},{"damage":0.0,"enemies":"3 Byrds","floor":18.0,"turns":5.0},{"damage":0.0,"enemies":"Chosen","floor":20.0,"turns":5.0},{"damage":8.0,"enemies":"Snecko","floor":21.0,"turns":4.0},{"damage":0.0,"enemies":"Book of Stabbing","floor":24.0,"turns":5.0},{"damage":0.0,"enemies":"Shelled Parasite and Fungi","floor":27.0,"turns":3.0},{"damage":13,"enemies":"Slavers","floor":29,"turns":5},{"damage":0,"enemies":"Collector","floor":33,"turns":6},{"damage":3,"enemies":"Orb Walker","floor":35,"turns":2},{"damage":29,"enemies":"3 Darklings","floor":38,"turns":5},{"damage":38,"enemies":"Spire Growth","floor":39,"turns":3}],"seed_played":"4411642296103310290","potions_obtained":[{"floor":1.0,"key":"ColorlessPotion"},{"floor":5.0,"key":"Ancient Potion"},{"floor":7.0,"key":"SkillPotion"}],"is_trial":false,"path_per_floor":["M","$","M","M","M","R","E","R","T","M","R","$","?","$","R","B",null,"M","$","M","M","?","R","E","?","T","M","?","E","R","$","R","B",null,"M","?","?","M","M"],"character_chosen":"THE_SILENT","items_purchased":["Cloak And Dagger","Blur","Terror","Footwork"],"campfire_rested":0,"item_purchase_floors":[12,19,31,31],"current_hp_per_floor":[52,52,48,45,40,40,33,33,33,32,32,32,32,32,32,32,58,58,58,58,50,50,50,50,50,50,50,50,37,37,37,37,37,59,56,44,44,15,0,0],"gold":105,"neow_bonus":"TRANSFORM_TWO_CARDS","is_daily":false,"chose_seed":false,"campfire_upgraded":7,"win_rate":0.0,"timestamp":1609559593,"path_taken":["M","$","M","M","?","R","E","R","T","M","R","$","?","?","R","BOSS","M","?","M","M","?","R","E","?","T","?","?","E","R","$","R","BOSS","M","?","?","M","M"],"items_purchased_type":["Card","Card","Card","Card"],"build_version":"2020-12-22","purchased_purges":4,"victory":false,"max_hp_per_floor":[66,66,66,66,66,66,66,66,66,66,66,66,66,66,66,66,66,66,66,66,66,66,66,66,66,66,66,66,66,66,66,66,66,66,66,66,66,66,66,66],"relic_stats":{"Sozu":6,"counters":[17,75],"Tingsha":[6],"MawBank":72,"obtain_stats":[{"Ice Cream":9,"Sozu":17,"Potion Belt":29,"SlaversCollar":34,"Tingsha":24,"MawBank":25,"White Beast Statue":26,"Ring of the Snake":0,"Old Coin":7},{"Ice Cream":5,"Sozu":7,"Potion Belt":13,"SlaversCollar":14,"Tingsha":11,"MawBank":11,"White Beast Statue":11,"Ring of the Snake":0,"Old Coin":5},{"Ice Cream":21,"Sozu":32,"Potion Belt":59,"SlaversCollar":65,"Tingsha":51,"MawBank":51,"White Beast Statue":51,"Ring of the Snake":0,"Old Coin":21}],"Ring of the Snake":[34]},"card_choices":[{"not_picked":["Well Laid Plans","Bane"],"picked":"Cloak And Dagger","floor":1.0},{"not_picked":["Underhanded Strike","Caltrops"],"picked":"PiercingWail","floor":3.0},{"not_picked":["Underhanded Strike","Dodge and Roll"],"picked":"Blade Dance","floor":4.0},{"not_picked":["Slice","Poisoned Stab"],"picked":"Escape Plan","floor":5.0},{"not_picked":["Distraction","Predator"],"picked":"Footwork","floor":7.0},{"not_picked":["Dagger Throw","Acrobatics"],"picked":"PiercingWail","floor":10.0},{"not_picked":["Malaise","Bullet Time"],"picked":"Envenom","floor":16.0},{"not_picked":["Reflex","Bane"],"picked":"Blade Dance","floor":18.0},{"not_picked":["Tactician+1","Dagger Throw","Poisoned Stab"],"picked":"SKIP","floor":20.0},{"not_picked":["Caltrops","Glass Knife","PiercingWail"],"picked":"SKIP","floor":21.0},{"not_picked":["Crippling Poison","Quick Slash","Underhanded Strike"],"picked":"SKIP","floor":24.0},{"not_picked":["Poisoned Stab","Riddle With Holes"],"picked":"Setup+1","floor":27},{"not_picked":["Flying Knee","Riddle With Holes+1"],"picked":"Accuracy","floor":29},{"not_picked":["Bullet Time","Glass Knife"],"picked":"Phantasmal Killer","floor":33},{"not_picked":["Dagger Spray","Deadly Poison","Slice+1"],"picked":"SKIP","floor":35},{"not_picked":["Deadly Poison","Prepared","Slice+1"],"picked":"SKIP","floor":38}],"player_experience":700486,"relics_obtained":[{"floor":7.0,"key":"Old Coin"},{"floor":9.0,"key":"Ice Cream"},{"floor":24.0,"key":"Tingsha"},{"floor":26.0,"key":"White Beast Statue"},{"floor":29,"key":"Potion Belt"}],"event_choices":[{"damage_healed":0.0,"max_hp_gain":0.0,"max_hp_loss":0.0,"gold_gain":0.0,"event_name":"Upgrade Shrine","player_choice":"Upgraded","floor":13.0,"gold_loss":0.0,"damage_taken":0.0,"cards_upgraded":["Cloak And Dagger"]},{"damage_healed":0.0,"max_hp_gain":0.0,"max_hp_loss":0.0,"gold_gain":0.0,"event_name":"Vampires","player_choice":"Ignored","floor":22.0,"gold_loss":0.0,"damage_taken":0.0},{"damage_healed":0.0,"max_hp_gain":0.0,"max_hp_loss":0.0,"gold_gain":0.0,"event_name":"WeMeetAgain","player_choice":"Paid Gold","floor":25.0,"gold_loss":73.0,"damage_taken":0.0,"relics_obtained":["MawBank"]},{"cards_removed":["Defend_G"],"damage_healed":0,"gold_gain":0,"player_choice":"Elegance","damage_taken":0,"max_hp_gain":0,"max_hp_loss":0,"event_name":"Back to Basics","floor":28,"gold_loss":0},{"damage_healed":0,"gold_gain":0,"player_choice":"Embrace Madness","damage_taken":12,"max_hp_gain":0,"max_hp_loss":0,"event_name":"Winding Halls","floor":36,"gold_loss":0,"cards_obtained":["Madness","Madness"]},{"damage_healed":0,"gold_gain":0,"player_choice":"Memory 1","damage_taken":0,"max_hp_gain":0,"max_hp_loss":0,"event_name":"SensoryStone","floor":37,"gold_loss":0}],"is_beta":false,"boss_relics":[{"not_picked":["Philosopher\u0027s Stone","SacredBark"],"picked":"Sozu"},{"not_picked":["Coffee Dripper","Calling Bell"],"picked":"SlaversCollar"}],"items_purged_floors":[2,12,14,19],"is_endless":false,"potions_floor_spawned":[1,5,7,20,27,29,33,35,38],"killed_by":"Spire Growth","ascension_level":15}}