{"host":"yo9wwslrag05lh37","time":1609574748,"event":{"mods":["AchievementEnabler","BaseMod","Block Reminder","Colored Map","Colored Powertips","GifTheSpireLib","HexUI Lib","Highlight Path","Minty Spire (QoL Compilation)","Rare Cards Sparkle","Relic Stats","StSLib","everything is the same but u backflip on backflip"],"gold_per_floor":[117,134,145,12,30,56,56,87,110,75,75,75,75,0,0,72,72,87,87,87,137,52,52,88,88,88,88,88],"floor_reached":27,"playtime":979,"items_purged":["Strike_R"],"score":495,"play_id":"82251619-444c-4d39-a7fb-626c0b167ce4","local_time":"20210102090548","is_ascension_mode":true,"campfire_choices":[{"floor":7.0,"key":"REST"},{"floor":13.0,"key":"REST"},{"data":"Bash","floor":15.0,"key":"SMITH"},{"data":"Whirlwind","floor":23.0,"key":"SMITH"},{"floor":25.0,"key":"REST"}],"circlet_count":0,"master_deck":["AscendersBane","Strike_R+1","Strike_R+1","Strike_R","Defend_R","Defend_R","Defend_R","Defend_R+1","Bash+1","Clothesline","Wild Strike+1","Double Tap","Carnage","Inflame","Feed","Whirlwind+1","Evolve"],"relics":["Burning Blood","Blood Vial","Whetstone","Juzu Bracelet","Runic Dome","CeramicFish","Bottled Flame","Molten Egg 2"],"acts_visited":["Exordium","TheCity"],"potions_floor_usage":[27],"damage_taken":[{"damage":6.0,"enemies":"Cultist","floor":1.0,"turns":4.0},{"damage":5.0,"enemies":"2 Louse","floor":2.0,"turns":3.0},{"damage":6.0,"enemies":"Jaw Worm","floor":3.0,"turns":5.0},{"damage":16.0,"enemies":"Exordium Thugs","floor":5.0,"turns":5.0},{"damage":30.0,"enemies":"3 Sentries","floor":6.0,"turns":7.0},{"damage":46.0,"enemies":"Lagavulin","floor":8.0,"turns":9.0},{"damage":37.0,"enemies":"The Guardian","floor":16.0,"turns":12.0},{"damage":39.0,"enemies":"3 Byrds","floor":18.0,"turns":6.0},{"damage":71.0,"enemies":"Book of Stabbing","floor":24.0,"turns":5.0},{"damage":48,"enemies":"Slavers","floor":27,"turns":2}],"seed_played":"2077670031323808101","potions_obtained":[{"floor":5.0,"key":"BlessingOfTheForge"},{"floor":16.0,"key":"EntropicBrew"},{"floor":24.0,"key":"PowerPotion"}],"is_trial":false,"path_per_floor":["M","M","M","$","M","E","R","E","T","?","?","?","R","$","R","B",null,"M","?","?","?","?","R","E","R","T","E"],"character_chosen":"IRONCLAD","items_purchased":["Double Tap","Explosive Potion"],"campfire_rested":3,"item_purchase_floors":[4,4],"current_hp_per_floor":[64,65,65,65,55,31,57,19,19,41,14,14,40,40,40,11,70,42,60,60,60,60,60,18,46,46,0,0],"gold":88,"neow_bonus":"TWENTY_PERCENT_HP_BONUS","is_daily":false,"chose_seed":false,"campfire_upgraded":2,"win_rate":0.0,"timestamp":1609574748,"path_taken":["M","M","M","$","M","E","R","E","T","?","?","?","R","$","R","BOSS","M","?","?","?","?","R","E","R","T","E"],"items_purchased_type":["Card","Potion"],"build_version":"2020-12-22","purchased_purges":1,"victory":false,"max_hp_per_floor":[89,89,89,89,89,89,89,89,89,89,89,89,89,89,89,89,89,92,92,92,92,92,92,95,95,95,95,95],"relic_stats":{"Blood Vial":10,"counters":[10,58],"CeramicFish":9,"Juzu Bracelet":1,"Whetstone":["Wild Strike","Strike_R"],"obtain_stats":[{"Blood Vial":6,"Runic Dome":17,"Bottled Flame":24,"CeramicFish":22,"Molten Egg 2":26,"Juzu Bracelet":9,"Whetstone":8,"Burning Blood":0},{"Blood Vial":5,"Runic Dome":7,"Bottled Flame":9,"CeramicFish":8,"Molten Egg 2":9,"Juzu Bracelet":6,"Whetstone":6,"Burning Blood":0},{"Blood Vial":24,"Runic Dome":45,"Bottled Flame":56,"CeramicFish":51,"Molten Egg 2":56,"Juzu Bracelet":33,"Whetstone":33,"Burning Blood":0}],"Burning Blood":54},"card_choices":[{"not_picked":["Thunderclap","Heavy Blade"],"picked":"Clothesline","floor":1.0},{"not_picked":["Second Wind","Thunderclap","Evolve"],"picked":"SKIP","floor":2.0},{"not_picked":["Warcry","Shrug It Off"],"picked":"Wild Strike","floor":3.0},{"not_picked":["Searing Blow","Clothesline"],"picked":"Carnage","floor":5.0},{"not_picked":["Flex","Dark Embrace","Searing Blow"],"picked":"SKIP","floor":6.0},{"not_picked":["Clash","True Grit"],"picked":"Inflame","floor":8.0},{"not_picked":["Fiend Fire","Double Tap"],"picked":"Feed","floor":16.0},{"not_picked":["Uppercut","Flame Barrier"],"picked":"Whirlwind","floor":18.0},{"not_picked":["Fire Breathing+1","Twin Strike"],"picked":"Evolve","floor":24.0}],"player_experience":1443125,"relics_obtained":[{"floor":6.0,"key":"Blood Vial"},{"floor":8.0,"key":"Whetstone"},{"floor":9.0,"key":"Juzu Bracelet"},{"floor":24.0,"key":"Bottled Flame"},{"floor":26.0,"key":"Molten Egg 2"}],"event_choices":[{"damage_healed":22.0,"max_hp_gain":0.0,"max_hp_loss":0.0,"gold_gain":0.0,"event_name":"The Cleric","player_choice":"Healed","floor":10.0,"gold_loss":35.0,"damage_taken":0.0},{"damage_healed":0.0,"max_hp_gain":0.0,"max_hp_loss":0.0,"gold_gain":0.0,"event_name":"Shining Light","player_choice":"Entered Light","floor":11.0,"gold_loss":0.0,"damage_taken":27.0,"cards_upgraded":["Defend_R","Strike_R"]},{"cards_removed":["Strike_R"],"damage_healed":0.0,"max_hp_gain":0.0,"max_hp_loss":0.0,"gold_gain":0.0,"event_name":"Bonfire Elementals","player_choice":"Offered Basic","floor":12.0,"gold_loss":0.0,"damage_taken":0.0},{"damage_healed":18.0,"max_hp_gain":0.0,"max_hp_loss":0.0,"gold_gain":0.0,"event_name":"The Library","player_choice":"Heal","floor":19.0,"gold_loss":0.0,"damage_taken":0.0},{"damage_healed":0.0,"max_hp_gain":0.0,"max_hp_loss":0.0,"gold_gain":0.0,"event_name":"The Mausoleum","player_choice":"Ignored","floor":20.0,"gold_loss":0.0,"damage_taken":0.0},{"damage_healed":0.0,"max_hp_gain":0.0,"max_hp_loss":0.0,"gold_gain":50.0,"event_name":"Nest","player_choice":"Stole From Cult","floor":21.0,"gold_loss":0.0,"damage_taken":0.0},{"damage_healed":0.0,"max_hp_gain":0.0,"max_hp_loss":0.0,"gold_gain":0.0,"event_name":"Addict","player_choice":"Obtained Relic","floor":22.0,"gold_loss":85.0,"damage_taken":0.0,"relics_obtained":["CeramicFish"]}],"is_beta":false,"boss_relics":[{"not_picked":["SacredBark","Tiny House"],"picked":"Runic Dome"}],"items_purged_floors":[14],"is_endless":false,"potions_floor_spawned":[5,16,24],"killed_by":"Slavers","ascension_level":20}}