{"host":"sum4dy402bbv9y4o","time":1609601681,"event":{"mods":["Aspiration","BaseMod","Conspire","Highlight Path","Minty Spire (QoL Compilation)","StSLib"],"gold_per_floor":[113,113,131,131,145,145,172,172,172,172,172,172,199,17,17,94,94,107,107,125,50,61,61,81,92,92,51,51,101,133,146,146,223,273,293,293,293,329,348,348,373,373,373],"floor_reached":42,"playtime":1797,"items_purged":["Defend_B"],"score":958,"play_id":"703bd883-c90f-41c5-8db6-c5b74779c4ac","local_time":"20210102183441","is_ascension_mode":true,"campfire_choices":[{"data":"Dualcast","floor":6,"key":"SMITH"},{"floor":8,"key":"REST"},{"data":"Barrage","floor":12,"key":"SMITH"},{"data":"Redo","floor":15,"key":"SMITH"},{"floor":23,"key":"REST"},{"floor":28,"key":"REST"},{"data":"Zap","floor":32,"key":"SMITH"},{"data":"Capacitor","floor":40,"key":"SMITH"}],"circlet_count":0,"master_deck":["AscendersBane","Defend_B","Zap+1","Dualcast+1","Rebound","Reboot","Barrage+1","Capacitor+1","Ball Lightning","Redo+1","Go for the Eyes","All For One","Cold Snap","Conserve Battery","Cold Snap+1","Beam Cell","Ball Lightning+1","BootSequence","Electrodynamics","Reinforced Body","Cold Snap","HandOfGreed"],"relics":["Cracked Core","aspiration:Nostalgia","Ring of the Snake","Question Card","Ornamental Fan","aspiration:AnachronicSnailShell","Empty Cage","MutagenicStrength","Dead Branch","Incense Burner","Tiny House","Strawberry"],"acts_visited":["Exordium","TheCity","TheBeyond"],"potions_floor_usage":[7,7,13,16,22,30,30,39,42],"damage_taken":[{"damage":9,"enemies":"Jaw Worm","floor":1,"turns":5},{"damage":1,"enemies":"Cultist","floor":3,"turns":3},{"damage":0,"enemies":"2 Louse","floor":5,"turns":3},{"damage":44,"enemies":"Gremlin Nob","floor":7,"turns":4},{"damage":20,"enemies":"Lagavulin","floor":13,"turns":5},{"damage":18,"enemies":"Hexaghost","floor":16,"turns":8},{"damage":3,"enemies":"3 Byrds","floor":18,"turns":3},{"damage":1,"enemies":"conspire:FuzzyDice","floor":20,"turns":5},{"damage":51,"enemies":"Shelled Parasite and Fungi","floor":22,"turns":4},{"damage":0,"enemies":"3 Cultists","floor":24,"turns":4},{"damage":0,"enemies":"Snecko","floor":25,"turns":2},{"damage":0,"enemies":"Slavers","floor":30,"turns":3},{"damage":0,"enemies":"Sentry and Sphere","floor":31,"turns":3},{"damage":30,"enemies":"Automaton","floor":33,"turns":9},{"damage":0,"enemies":"Orb Walker","floor":35,"turns":2},{"damage":10,"enemies":"3 Shapes","floor":38,"turns":3},{"damage":8,"enemies":"Writhing Mass","floor":39,"turns":6},{"damage":34,"enemies":"Reptomancer","floor":41,"turns":8},{"damage":22,"enemies":"Maw","floor":42,"turns":6}],"seed_played":"4055412683894147808","potions_obtained":[{"floor":3,"key":"EntropicBrew"},{"floor":7,"key":"SteroidPotion"},{"floor":13,"key":"PotionOfCapacity"},{"floor":16,"key":"Explosive Potion"},{"floor":22,"key":"Block Potion"},{"floor":33,"key":"SkillPotion"},{"floor":34,"key":"FearPotion"}],"is_trial":false,"path_per_floor":["M","?","M","?","M","R","E","R","T","?","?","R","E","$","R","B",null,"M","?","M","$","M","R","M","M","T","$","R","?","E","M","R","B",null,"M","?","?","M","M","R","E","M"],"character_chosen":"DEFECT","items_purchased":["Ball Lightning","Redo","Go for the Eyes","PowerPotion","BootSequence"],"campfire_rested":3,"item_purchase_floors":[14,14,14,14,27],"current_hp_per_floor":[55,55,54,54,54,54,10,31,31,24,47,47,27,27,27,9,56,53,53,52,52,1,22,22,22,22,22,43,43,43,43,43,13,62,62,62,62,52,44,44,17,0,0],"gold":373,"neow_bonus":"NOSTALGIA","is_daily":false,"chose_seed":false,"campfire_upgraded":5,"win_rate":0.0,"timestamp":1609601681,"path_taken":["M","?","?","?","?","R","E","R","T","?","?","R","E","$","R","BOSS","M","?","M","$","M","R","M","M","T","$","R","?","E","?","R","BOSS","M","?","?","M","M","R","E","M"],"items_purchased_type":["Card","Card","Card","Potion","Card"],"build_version":"2020-12-22","purchased_purges":1,"victory":false,"max_hp_per_floor":[71,71,71,71,71,71,71,71,71,71,71,71,71,71,71,71,71,71,71,71,71,71,71,71,71,71,71,71,71,71,71,71,71,76,76,76,76,76,76,76,83,83,83],"card_choices":[{"not_picked":["Hologram","Stack","Consume"],"picked":"SKIP","floor":1},{"not_picked":["Sweeping Beam","Barrage"],"picked":"Rebound","floor":3},{"not_picked":["Fusion","Stack"],"picked":"Barrage","floor":5},{"not_picked":["Amplify","Turbo","Stack"],"picked":"SKIP","floor":7},{"not_picked":["Gash","Stack","White Noise"],"picked":"Capacitor","floor":13},{"not_picked":["Biased Cognition","Seek","Reboot"],"picked":"All For One","floor":16},{"not_picked":["Doom and Gloom","Barrage","Auto Shields"],"picked":"Cold Snap","floor":18},{"not_picked":["Steam","Barrage","Sweeping Beam"],"picked":"Conserve Battery","floor":20},{"not_picked":["Conserve Battery+1","Hologram","Glacier"],"picked":"Cold Snap+1","floor":22},{"not_picked":["Steam","Hologram","Conserve Battery"],"picked":"Beam Cell","floor":24},{"not_picked":["Gash","Leap","Steam Power"],"picked":"Ball Lightning","floor":25},{"not_picked":["conspire:Rain","Defragment","Aggregate"],"picked":"Electrodynamics","floor":30},{"not_picked":["Stack","Sweeping Beam","Leap"],"picked":"Reinforced Body","floor":31},{"not_picked":["Stack","Beam Cell","Streamline"],"picked":"Cold Snap","floor":34},{"not_picked":["Go for the Eyes","Compile Driver","Stack+1","Scrape"],"picked":"SKIP","floor":35},{"not_picked":["Master of Strategy","Bandage Up","Dark Shackles"],"picked":"HandOfGreed","floor":37},{"not_picked":["Sweeping Beam","Leap","Beam Cell","Reinforced Body"],"picked":"SKIP","floor":38},{"not_picked":["Compile Driver+1","Capacitor+1","Ball Lightning","conspire:Rain"],"picked":"SKIP","floor":39},{"not_picked":["Aggregate+1","Heatsinks","Beam Cell","Loop"],"picked":"SKIP","floor":41}],"player_experience":2884141,"relics_obtained":[{"floor":7,"key":"Question Card"},{"floor":9,"key":"Ornamental Fan"},{"floor":13,"key":"aspiration:AnachronicSnailShell"},{"floor":26,"key":"Dead Branch"},{"floor":30,"key":"Incense Burner"},{"floor":41,"key":"Strawberry"}],"event_choices":[{"cards_removed":["Defend_B"],"damage_healed":0,"gold_gain":0,"player_choice":"Offered Basic","damage_taken":0,"max_hp_gain":0,"max_hp_loss":0,"event_name":"Bonfire Elementals","floor":2,"gold_loss":0},{"damage_healed":0,"gold_gain":0,"cards_transformed":["Strike_B"],"player_choice":"Transformed","damage_taken":0,"max_hp_gain":0,"max_hp_loss":0,"event_name":"Transmorgrifier","floor":4,"gold_loss":0,"cards_obtained":["Reboot"]},{"cards_removed":["Strike_B"],"damage_healed":0,"gold_gain":0,"player_choice":"Card Removal","damage_taken":7,"max_hp_gain":0,"max_hp_loss":0,"event_name":"Golden Wing","floor":10,"gold_loss":0},{"damage_healed":23,"gold_gain":0,"player_choice":"Banana","damage_taken":0,"max_hp_gain":0,"max_hp_loss":0,"event_name":"Big Fish","floor":11,"gold_loss":0},{"damage_healed":0,"gold_gain":0,"player_choice":"Inject Mutagens","damage_taken":0,"relics_obtained":["MutagenicStrength"],"max_hp_gain":0,"max_hp_loss":0,"event_name":"Drug Dealer","floor":19,"gold_loss":0},{"damage_healed":0,"gold_gain":100,"player_choice":"Bet on Murderer","damage_taken":0,"max_hp_gain":0,"max_hp_loss":0,"event_name":"The Joust","floor":29,"gold_loss":50},{"cards_removed":["Defend_B"],"damage_healed":0,"gold_gain":0,"player_choice":"Removed Skill","damage_taken":0,"max_hp_gain":0,"max_hp_loss":0,"event_name":"Falling","floor":36,"gold_loss":0},{"damage_healed":0,"gold_gain":0,"player_choice":"Memory 1","damage_taken":0,"max_hp_gain":0,"max_hp_loss":0,"event_name":"SensoryStone","floor":37,"gold_loss":0}],"is_beta":false,"boss_relics":[{"not_picked":["FrozenCore","aspiration:PoetsPen"],"picked":"Empty Cage"},{"not_picked":["Sozu","conspire:RunicOctahedron"],"picked":"Tiny House"}],"items_purged_floors":[21],"is_endless":false,"potions_floor_spawned":[3,7,13,16,22,33,35],"killed_by":"Maw","ascension_level":20}}