{"host":"9qgbal69wq5palas","time":1609551771,"event":{"mods":["2.2 Compatiblity","Abigail Mod","AchievementEnabler","Act Like it!","Aspiration","Astrologer","Bartender","BaseMod","Better Altar","Better Note","Better Skull","Better Third Choice","Colored Powertips","Hallownest","Hermit","Highlight Path","Hubris","Infinite Spire","Jorbs\u0027s Wanderer Trilogy","Koishi","Lobotomy","Minty Spire (QoL Compilation)","Potionbrewer","Quick Restart","Random Character Button","Replay The Spire","Shade Mod","Shop Mod","Spicy Shops","StSLib","The Animator","The Bug Knight","The Cursed","The Disciple","The Exalted","The Hierophant","The Necromancer","The Servant 0.9.4","Wandering Minibosses"],"gold_per_floor":[109,34,34,7,20,20,55,55,55,68,52,78,59,91,91,196,196,210,230,300,316,316,344,344,379,379,479,479,511,523,539,539,638,738,758,758,772,790,806,838,863,863,890,916,488,517,517,517,517,517,517,517,517,517,517,341,366,366],"floor_reached":59,"playtime":4899,"items_purged":["Regret","AbbyMod:Ab_Strike","ReplayTheSpireMod:Splinters","stsjorbsmod:Procrastination"],"score":2027,"play_id":"3710cb7a-fbe1-4269-9b2e-56dbf365ed6e","local_time":"20210102024251","is_ascension_mode":true,"campfire_choices":[{"data":"AbbyMod:WitchTrial","floor":6.0,"key":"SMITH"},{"floor":24.0,"key":"RECALL"},{"data":"AbbyMod:ConsumeFlesh","floor":32.0,"key":"SMITH"},{"data":"AbbyMod:CosmicSpark","floor":49,"key":"SMITH"},{"data":"Clumsy","floor":51,"key":"PURGE"},{"data":"AbbyMod:TentacleSwarm","floor":55,"key":"SMITH"}],"circlet_count":0,"master_deck":["AbbyMod:Ab_Strike","AbbyMod:Ab_Strike","AbbyMod:Ab_Strike","AbbyMod:Ab_Defend","AbbyMod:Ab_Defend","AbbyMod:FleetingSanity","AbbyMod:ForeheadBeam","AbbyMod:SanityCheck","AbbyMod:WitchTrial+1","AbbyMod:Hitomi+1","AbbyMod:ExposeNavel","AbbyMod:ConsumeFlesh+1","AbbyMod:TeddyBear","AbbyMod:LiftSkirt","AbbyMod:Kinoko","AbbyMod:CosmicSpark","AbbyMod:Hitomi","AbbyMod:ImpossibleGeometry","ReplayTheSpireMod:Chaos Vortex","AbbyMod:FlyingMascot","AbbyMod:DemonPancake+1","AbbyMod:HolidayWishes+1","AbbyMod:Kuroboshi","AbbyMod:Keyblade","AbbyMod:HeroCreationA","AbbyMod:CosmicSpark+1","AbbyMod:Ab_SwirlOfMadness","AbbyMod:LifeSentence","AbbyMod:PowerGamer+1","AbbyMod:Ab_SwirlOfMadness+1","AbbyMod:TeddyBear","AbbyMod:ImpossibleGeometry","AbbyMod:TentacleSwarm+1","AbbyMod:Ab_DarkestPact","AbbyMod:Kinoko+1","Apotheosis"],"relics":["AbbyMod:Salem_Diary","Mummified Hand","hubris:Towel","Vajra","hubris:PeanutButter","Cursed Key","wanderingMiniBosses:ThiefScarf","Protect_Vest","Pantograph","Silver_Glasses","Pen Nib","Durian","Bromod:ArcaneConsequence","Juzu Bracelet","Bromod:ArcaneMomentum","Gremlin Horn","hubris:CuriousFeather","Replay:Bottled Flurry","aspiration:RitualStick","Bromod:ArcaneTrickery","Replay:Wanted Poster","hubris:TerracottaHorce","WingedGreaves","Gremlin Food","Replay:Kaleidoscope","Snack Pack","ReplayTheSpireMod:Ninjato","Gambling Chip","hubris:GlazedTorus"],"acts_visited":["Exordium","TheCity","TheBeyond","TheEnding"],"potions_floor_usage":[46,52,58,58],"damage_taken":[{"damage":0.0,"enemies":"Jaw Worm","floor":1.0,"turns":6.0},{"damage":11.0,"enemies":"Cultist","floor":5.0,"turns":5.0},{"damage":0.0,"enemies":"Replay:BlueRogue","floor":7.0,"turns":5.0},{"damage":0.0,"enemies":"2 Louse","floor":10.0,"turns":2.0},{"damage":1.0,"enemies":"Looter","floor":11.0,"turns":7.0},{"damage":0.0,"enemies":"Lagavulin","floor":12.0,"turns":7.0},{"damage":16.0,"enemies":"Exordium Wildlife","floor":13.0,"turns":7.0},{"damage":26.0,"enemies":"3 Sentries","floor":14.0,"turns":4.0},{"damage":20.0,"enemies":"The Guardian","floor":16.0,"turns":12.0},{"damage":2.0,"enemies":"Spheric Guardian","floor":18.0,"turns":4.0},{"damage":4.0,"enemies":"Chosen","floor":19.0,"turns":4.0},{"damage":10.0,"enemies":"3 Cultists","floor":20.0,"turns":6.0},{"damage":0.0,"enemies":"Snake Plant","floor":21.0,"turns":6.0},{"damage":0.0,"enemies":"Replay:Snechameleon","floor":23.0,"turns":5.0},{"damage":22.0,"enemies":"Slavers","floor":25.0,"turns":5.0},{"damage":7.0,"enemies":"Colosseum Slavers","floor":27.0,"turns":5.0},{"damage":0.0,"enemies":"Colosseum Nobs","floor":27.0,"turns":3.0},{"damage":0.0,"enemies":"Gremlin Leader","floor":29.0,"turns":3.0},{"damage":0.0,"enemies":"Snecko","floor":30.0,"turns":3.0},{"damage":0.0,"enemies":"Chosen and Byrds","floor":31.0,"turns":3.0},{"damage":31.0,"enemies":"hubris:MusketHawk","floor":33.0,"turns":7.0},{"damage":19.0,"enemies":"3 Darklings","floor":35.0,"turns":3.0},{"damage":0.0,"enemies":"Orb Walker","floor":37.0,"turns":2.0},{"damage":0.0,"enemies":"Sphere and 2 Shapes","floor":38.0,"turns":3.0},{"damage":0.0,"enemies":"Spire Growth","floor":39.0,"turns":4.0},{"damage":0.0,"enemies":"Nemesis","floor":40.0,"turns":5.0},{"damage":0.0,"enemies":"Giant Head","floor":44.0,"turns":6.0},{"damage":0,"enemies":"Reptomancer","floor":46,"turns":3},{"damage":37,"enemies":"infinitespire:MassOfShapes","floor":52,"turns":4},{"damage":0,"enemies":"Shield and Spear","floor":57,"turns":3},{"damage":115,"enemies":"The Heart","floor":58,"turns":6}],"seed_played":"-8049390227933266294","potions_obtained":[{"floor":10.0,"key":"Energy Potion"},{"floor":11.0,"key":"potionbrewer:EndurancePotion"},{"floor":14.0,"key":"Block Potion"},{"floor":16.0,"key":"Fire Potion"},{"floor":21.0,"key":"Strength Potion"},{"floor":23.0,"key":"potionbrewer:NoxiousPotion"},{"floor":27.0,"key":"PowerPotion"},{"floor":30.0,"key":"Ancient Potion"},{"floor":33.0,"key":"Explosive Potion"},{"floor":37.0,"key":"Dexterity Potion"},{"floor":46,"key":"Energy Potion"}],"is_trial":false,"path_per_floor":["M","$","?","$","M","R","E","?","T","M","M","E","M","E","R","B",null,"M","M","M","M","AVR","E","R","E","T","?","?","E","M","M","R","B",null,"M","AVR","M","M","M","E","?","?","T","E","$","E","PTL","PTL","R","?","R","B",null,null,"R","$","E","B",null],"character_chosen":"Ab_Foreigner","items_purchased":["AbbyMod:SanityCheck","ReplayTheSpireMod:Ninjato","AbbyMod:Ab_DarkestPact","Apotheosis"],"campfire_rested":0,"item_purchase_floors":[4,45,45,56],"current_hp_per_floor":[60,60,60,60,53,53,53,53,53,53,52,53,48,33,53,54,68,67,67,68,68,68,78,78,68,68,81,65,83,84,84,84,56,86,69,69,69,86,92,94,94,94,94,96,96,98,98,98,98,98,98,68,68,92,92,92,102,34],"gold":366,"neow_bonus":"RANDOM_EVENT","is_daily":false,"chose_seed":false,"campfire_upgraded":4,"win_rate":0.0,"timestamp":1609551771,"path_taken":["M","$","?","?","M","R","E","?","T","M","M","E","?","E","R","BOSS","M","M","M","M","AVR","E","R","E","T","?","?","E","M","M","R","BOSS","M","AVR","M","M","M","E","?","?","T","E","$","E","PTL","PTL","R","?","R","BOSS","R","$","E","BOSS"],"items_purchased_type":["Card","Relic","Card","Card"],"build_version":"2020-12-22","purchased_purges":4,"victory":true,"max_hp_per_floor":[60,60,60,60,64,64,64,64,64,64,64,65,66,67,67,68,68,69,70,71,72,72,78,78,79,79,81,81,83,84,84,84,86,86,88,88,88,90,92,94,94,94,94,96,96,98,98,98,98,98,98,100,100,100,100,100,102,104],"card_choices":[{"not_picked":["AbbyMod:Keyblade","AbbyMod:SavingThrow"],"picked":"AbbyMod:SweetPancakes","floor":1.0},{"not_picked":["AbbyMod:AceInTheHole","AbbyMod:LossOfSanity"],"picked":"AbbyMod:WitchTrial","floor":5.0},{"not_picked":["AbbyMod:FatalEntropy","AbbyMod:AceInTheHole"],"picked":"AbbyMod:Hitomi","floor":7.0},{"not_picked":["AbbyMod:PreciousMemories","AbbyMod:WorldStrongest"],"picked":"AbbyMod:ExposeNavel","floor":10.0},{"not_picked":["AbbyMod:WitchTrial","AbbyMod:SuperMuscular"],"picked":"AbbyMod:ConsumeFlesh","floor":11.0},{"not_picked":["AbbyMod:WorldStrongest","AbbyMod:StarRadiance"],"picked":"AbbyMod:TeddyBear","floor":12.0},{"not_picked":["AbbyMod:Thflth","AbbyMod:Ygna"],"picked":"AbbyMod:LiftSkirt","floor":13.0},{"not_picked":["AbbyMod:SweetPancakes","AbbyMod:Ab_PuppyEyes"],"picked":"AbbyMod:Kinoko","floor":14.0},{"not_picked":["AbbyMod:Ab_PuppyEyes","AbbyMod:MysteryKey"],"picked":"AbbyMod:CosmicSpark","floor":16.0},{"not_picked":["AbbyMod:MeltBrain+1","AbbyMod:TeddyBear"],"picked":"AbbyMod:Hitomi","floor":18.0},{"not_picked":["AbbyMod:Memocide+1","AbbyMod:SilverKey","AbbyMod:Dabigail"],"picked":"SKIP","floor":19.0},{"not_picked":["AbbyMod:Takeuchi","AbbyMod:Dabigail","AbbyMod:SuperMuscular"],"picked":"SKIP","floor":20.0},{"not_picked":["AbbyMod:ConsumeFlesh","AbbyMod:MysteryKey"],"picked":"AbbyMod:ImpossibleGeometry","floor":21.0},{"not_picked":["AbbyMod:VoidWhispers","AbbyMod:Ab_FiveStars+1"],"picked":"AbbyMod:FlyingMascot","floor":23.0},{"not_picked":["AbbyMod:HolidayWishes+1","AbbyMod:ExposedCore+1"],"picked":"AbbyMod:DemonPancake+1","floor":25.0},{"not_picked":["AbbyMod:ChocoKey","AbbyMod:SavingThrow+1"],"picked":"AbbyMod:HolidayWishes+1","floor":27.0},{"not_picked":["AbbyMod:Meteo+1","AbbyMod:SuperMuscular"],"picked":"AbbyMod:Kuroboshi","floor":29.0},{"not_picked":["AbbyMod:SavingThrow","AbbyMod:PapaProtection"],"picked":"AbbyMod:Keyblade","floor":30.0},{"not_picked":["AbbyMod:MindCleanse","AbbyMod:AdultWords"],"picked":"AbbyMod:HeroCreationA","floor":31.0},{"not_picked":["AbbyMod:Ab_OldOneTrigger","AbbyMod:AbsoluteCorruption"],"picked":"AbbyMod:CosmicSpark","floor":33.0},{"not_picked":["AbbyMod:AlignStars","AbbyMod:WormHole"],"picked":"AbbyMod:Ab_SwirlOfMadness","floor":35.0},{"not_picked":["AbbyMod:WitchTrial","AbbyMod:EyesOfMadness"],"picked":"AbbyMod:LifeSentence","floor":37.0},{"not_picked":["AbbyMod:ChocoKey+1","AbbyMod:SavingThrow+1"],"picked":"AbbyMod:PowerGamer+1","floor":38.0},{"not_picked":["AbbyMod:Thflth+1","AbbyMod:LiftSkirt+1"],"picked":"AbbyMod:Ab_SwirlOfMadness+1","floor":39.0},{"not_picked":["AbbyMod:LifeSentence+1","AbbyMod:HeroCreationA+1"],"picked":"AbbyMod:TeddyBear","floor":40.0},{"not_picked":["AbbyMod:LossOfSanity","AbbyMod:AdultWords+1"],"picked":"AbbyMod:ImpossibleGeometry","floor":41.0},{"not_picked":["AbbyMod:WitchTrial","AbbyMod:Keyblade"],"picked":"AbbyMod:TentacleSwarm","floor":44.0},{"not_picked":["AbbyMod:Keyblade","AbbyMod:OldOneLimb"],"picked":"AbbyMod:Kinoko+1","floor":46},{"not_picked":["AbbyMod:LossOfSanity+1","AbbyMod:FlyingMascot"],"picked":"AbbyMod:CommandSpell+1","floor":57}],"player_experience":2686040,"relics_obtained":[{"floor":7.0,"key":"Mummified Hand"},{"floor":9.0,"key":"Pantograph"},{"floor":12.0,"key":"Vajra"},{"floor":14.0,"key":"hubris:PeanutButter"},{"floor":20.0,"key":"wanderingMiniBosses:ThiefScarf"},{"floor":20.0,"key":"Protect_Vest"},{"floor":20.0,"key":"Pantograph"},{"floor":23.0,"key":"Durian"},{"floor":25.0,"key":"Bromod:ArcaneConsequence"},{"floor":26.0,"key":"Juzu Bracelet"},{"floor":27.0,"key":"hubris:CuriousFeather"},{"floor":27.0,"key":"Replay:Bottled Flurry"},{"floor":29.0,"key":"Bromod:ArcaneTrickery"},{"floor":40.0,"key":"Gremlin Food"},{"floor":41.0,"key":"Replay:Kaleidoscope"},{"floor":44.0,"key":"Snack Pack"},{"floor":46,"key":"Gambling Chip"},{"floor":57,"key":"hubris:GlazedTorus"}],"event_choices":[{"damage_healed":0.0,"max_hp_gain":0.0,"max_hp_loss":0.0,"gold_gain":0.0,"event_name":"Big Fish","player_choice":"Box","floor":0.0,"gold_loss":0.0,"damage_taken":0.0,"relics_obtained":["Protect_Vest"],"cards_obtained":["Regret"]},{"cards_removed":["AbbyMod:Ab_Defend"],"damage_healed":0.0,"max_hp_gain":0.0,"max_hp_loss":0.0,"gold_gain":0.0,"event_name":"Wheel of Change","player_choice":"Card Removal","floor":3.0,"gold_loss":0.0,"damage_taken":0.0},{"damage_healed":0.0,"max_hp_gain":0.0,"max_hp_loss":0.0,"gold_gain":0.0,"event_name":"Colosseum","player_choice":"Fight","floor":27.0,"gold_loss":0.0,"damage_taken":0.0},{"damage_healed":0.0,"max_hp_gain":0.0,"max_hp_loss":0.0,"gold_gain":0.0,"event_name":"Colosseum","player_choice":"Fought Nobs","floor":27.0,"gold_loss":0.0,"damage_taken":0.0},{"damage_healed":0.0,"max_hp_gain":0.0,"max_hp_loss":0.0,"gold_gain":0.0,"event_name":"Tomb of Lord Red Mask","player_choice":"Ignored","floor":42.0,"gold_loss":0.0,"damage_taken":0.0}],"is_beta":false,"boss_relics":[{"not_picked":["Bromod:ArcaneGrace","aspiration:SilentSkillbook"],"picked":"Cursed Key"},{"not_picked":["Replay:Bronze Core","Calling Bell"],"picked":"Replay:Wanted Poster"}],"items_purged_floors":[2,22,36,45],"is_endless":false,"potions_floor_spawned":[10,11,14,16,21,23,27,27,30,33,37,38,46],"ascension_level":7}}