{"host":"ytx76dzs4hscrr3d","time":1609608717,"event":{"mods":["2.2 Compatiblity","AchievementEnabler","BaseMod","Colored Map","DeckTracker","Highlight Path","Minty Spire (QoL Compilation)","Random Character Button","Rare Cards Sparkle"],"gold_per_floor":[114,129,144,159,174,204,219,46,46,46,46,61,61,76,76,176,176,191,116,28,43,43,73,88,103,178,193,223,223,253,253,253,353,353,368,73,88,34,34,64,64,114,139,0,0,30,30,45,45,45],"floor_reached":51,"playtime":3509,"items_purged":[],"score":994,"play_id":"72899ad2-7b72-421a-81be-cbd7cab7e399","local_time":"20210102183157","daily_mods":["Insanity","Time Dilation","Binary"],"is_ascension_mode":false,"campfire_choices":[{"data":"Perfected Strike","floor":13,"key":"SMITH"},{"data":"Perfected Strike","floor":15,"key":"SMITH"},{"data":"Shrug It Off","floor":29,"key":"SMITH"},{"floor":32,"key":"REST"},{"data":"Shrug It Off","floor":41,"key":"SMITH"},{"floor":49,"key":"REST"}],"circlet_count":0,"master_deck":["Uppercut","Shrug It Off+1","Anger","Perfected Strike+1","Headbutt","Flame Barrier","Armaments","Sentinel","Heavy Blade","Havoc","Rage","Dropkick","Cleave","Havoc","Twin Strike","Battle Trance","Bloodletting","Twin Strike","Cleave","Inflame","True Grit+1","Burning Pact","Searing Blow","Spot Weakness","Bloodletting","Twin Strike","Twin Strike","Heavy Blade","True Grit","Warcry","True Grit+1","Cleave","Shrug It Off+1","Body Slam","Thunderclap","Wild Strike","Havoc","Flex","Dual Wield","Wild Strike","Sentinel","Clothesline","Perfected Strike+1","Anger","Flex","Rampage","Warcry","Clash","Warcry","Twin Strike","Headbutt","Clothesline","Perfected Strike","Flex","Clash","Perfected Strike","Flame Barrier","Cleave","Offering","Clothesline","Power Through","True Grit","Exhume","Blind","Mind Blast","Shrug It Off","Shrug It Off","Thunderclap","Shrug It Off","Intimidate","Madness","Madness"],"relics":["Burning Blood","Bag of Preparation","Orrery","Kunai","Happy Flower","Pear","Busted Crown","Smiling Mask","Shuriken","Strawberry","Turnip","Black Star","Paper Frog","Bronze Scales","Lantern","Pocketwatch","Centennial Puzzle","Ornamental Fan","War Paint"],"acts_visited":["Exordium","TheCity","TheBeyond"],"potions_floor_usage":[39],"damage_taken":[{"damage":0,"enemies":"Cultist","floor":1,"turns":3},{"damage":0,"enemies":"Jaw Worm","floor":2,"turns":2},{"damage":0,"enemies":"2 Louse","floor":3,"turns":2},{"damage":7,"enemies":"Blue Slaver","floor":4,"turns":2},{"damage":0,"enemies":"2 Fungi Beasts","floor":5,"turns":2},{"damage":6,"enemies":"Gremlin Nob","floor":6,"turns":3},{"damage":3,"enemies":"Lots of Slimes","floor":7,"turns":2},{"damage":0,"enemies":"Looter","floor":12,"turns":2},{"damage":9,"enemies":"Blue Slaver","floor":14,"turns":2},{"damage":66,"enemies":"Hexaghost","floor":16,"turns":8},{"damage":10,"enemies":"2 Thieves","floor":18,"turns":2},{"damage":9,"enemies":"Shell Parasite","floor":21,"turns":2},{"damage":20,"enemies":"Slavers","floor":23,"turns":4},{"damage":7,"enemies":"Centurion and Healer","floor":24,"turns":4},{"damage":20,"enemies":"Sentry and Sphere","floor":25,"turns":4},{"damage":0,"enemies":"Snake Plant","floor":27,"turns":1},{"damage":27,"enemies":"Gremlin Leader","floor":28,"turns":4},{"damage":31,"enemies":"Slavers","floor":30,"turns":4},{"damage":32,"enemies":"Collector","floor":33,"turns":6},{"damage":0,"enemies":"Orb Walker","floor":35,"turns":1},{"damage":24,"enemies":"3 Darklings","floor":37,"turns":7},{"damage":0,"enemies":"Spire Growth","floor":39,"turns":2},{"damage":6,"enemies":"Nemesis","floor":40,"turns":1},{"damage":0,"enemies":"Mind Bloom Boss Battle","floor":42,"turns":3},{"damage":31,"enemies":"Giant Head","floor":46,"turns":7},{"damage":6,"enemies":"Transient","floor":48,"turns":5},{"damage":89,"enemies":"Donu and Deca","floor":50,"turns":9}],"seed_played":"-4486375853315586652","potions_obtained":[{"floor":1,"key":"SmokeBomb"},{"floor":2,"key":"Weak Potion"},{"floor":4,"key":"Fire Potion"},{"floor":7,"key":"FearPotion"},{"floor":25,"key":"FairyPotion"},{"floor":46,"key":"AttackPotion"},{"floor":48,"key":"EntropicBrew"}],"is_trial":false,"path_per_floor":["M","M","M","M","M","E","M","$","T","?","T","M","R","M","R","B",null,"M","?","$","M","?","E","M","M","T","M","E","R","E","?","R","B",null,"M","$","M","$","M","E","R","?","T","$","?","E","?","M","R","B",null],"character_chosen":"IRONCLAD","items_purchased":["Clash","Orrery","Blind","Paper Frog","Shrug It Off","Shrug It Off","Thunderclap","Shrug It Off","Intimidate"],"campfire_rested":2,"item_purchase_floors":[8,8,20,36,36,38,44,44,44],"current_hp_per_floor":[80,80,80,79,80,80,80,80,80,77,87,90,90,87,87,27,90,86,86,86,83,83,69,68,54,54,60,46,46,21,9,38,12,97,97,97,79,79,85,85,85,91,91,91,79,54,44,44,73,19],"gold":45,"neow_bonus":"","is_daily":true,"chose_seed":false,"campfire_upgraded":4,"win_rate":0.0,"timestamp":1609608717,"path_taken":["M","M","?","M","M","E","M","$","T","?","?","M","R","?","R","BOSS","M","?","$","M","?","E","M","M","T","M","E","R","E","?","R","BOSS","M","$","M","?","M","E","R","?","T","$","?","E","?","?","R","BOSS"],"items_purchased_type":["Card","Relic","Card","Relic","Card","Card","Card","Card","Card"],"build_version":"2020-12-22","purchased_purges":0,"victory":true,"max_hp_per_floor":[80,80,80,80,80,80,80,80,80,80,90,90,90,90,90,90,90,90,90,90,90,90,90,90,90,90,90,97,97,97,97,97,97,97,97,97,97,97,97,97,97,97,97,97,97,97,97,97,97,97],"card_choices":[{"not_picked":["Perfected Strike"],"picked":"Warcry","floor":1},{"not_picked":["Sentinel"],"picked":"Twin Strike","floor":2},{"not_picked":["Cleave"],"picked":"Headbutt","floor":3},{"not_picked":["Demon Form"],"picked":"Clothesline","floor":4},{"not_picked":["Cleave","Heavy Blade"],"picked":"SKIP","floor":5},{"not_picked":["Juggernaut"],"picked":"Perfected Strike","floor":6},{"not_picked":["Sword Boomerang"],"picked":"Flex","floor":7},{"not_picked":["Body Slam"],"picked":"Perfected Strike","floor":8},{"not_picked":["Heavy Blade"],"picked":"Flame Barrier","floor":8},{"not_picked":["Whirlwind"],"picked":"Cleave","floor":8},{"not_picked":["Juggernaut"],"picked":"Offering","floor":8},{"not_picked":["Whirlwind"],"picked":"Clothesline","floor":8},{"not_picked":["Feel No Pain"],"picked":"Power Through","floor":12},{"not_picked":["Cleave"],"picked":"True Grit","floor":14},{"not_picked":["Juggernaut"],"picked":"Exhume","floor":16}],"player_experience":213600,"relics_obtained":[{"floor":6,"key":"Bag of Preparation"},{"floor":9,"key":"Kunai"},{"floor":11,"key":"Pear"},{"floor":23,"key":"Smiling Mask"},{"floor":26,"key":"Shuriken"},{"floor":28,"key":"Strawberry"},{"floor":30,"key":"Turnip"},{"floor":40,"key":"Bronze Scales"},{"floor":40,"key":"Lantern"},{"floor":42,"key":"Pocketwatch"},{"floor":43,"key":"Centennial Puzzle"},{"floor":46,"key":"Ornamental Fan"},{"floor":46,"key":"War Paint"}],"event_choices":[{"damage_healed":0,"gold_gain":0,"player_choice":"Success","damage_taken":3,"relics_obtained":["Happy Flower"],"max_hp_gain":0,"max_hp_loss":0,"event_name":"Scrap Ooze","floor":10,"gold_loss":0},{"cards_removed":["Dark Embrace"],"damage_healed":0,"gold_gain":0,"player_choice":"Gave Gold","damage_taken":0,"max_hp_gain":0,"max_hp_loss":0,"event_name":"Beggar","floor":19,"gold_loss":75},{"cards_removed":["Searing Blow"],"damage_healed":0,"gold_gain":0,"player_choice":"Elegance","damage_taken":0,"max_hp_gain":0,"max_hp_loss":0,"event_name":"Back to Basics","floor":22,"gold_loss":0},{"damage_healed":0,"gold_gain":0,"player_choice":"CARD ","damage_taken":12,"max_hp_gain":0,"max_hp_loss":0,"event_name":"Knowing Skull","floor":31,"potions_obtained":[],"gold_loss":0,"cards_obtained":["Mind Blast"]},{"damage_healed":0,"gold_gain":0,"player_choice":"Fight","damage_taken":0,"max_hp_gain":0,"max_hp_loss":0,"event_name":"MindBloom","floor":42,"gold_loss":0},{"damage_healed":0,"gold_gain":0,"player_choice":"Embrace Madness","damage_taken":12,"max_hp_gain":0,"max_hp_loss":0,"event_name":"Winding Halls","floor":45,"gold_loss":0,"cards_obtained":["Madness","Madness"]},{"damage_healed":0,"gold_gain":0,"player_choice":"Memory 3","damage_taken":10,"max_hp_gain":0,"max_hp_loss":0,"event_name":"SensoryStone","floor":47,"gold_loss":0}],"is_beta":false,"boss_relics":[{"not_picked":["Cursed Key","Sozu"],"picked":"Busted Crown"},{"not_picked":["Calling Bell","SlaversCollar"],"picked":"Black Star"}],"items_purged_floors":[],"is_endless":false,"potions_floor_spawned":[1,2,4,7,16,23,25,28,30,39,46,48],"ascension_level":0}}