{"host":"emut9mh212kd9b86","time":1609595019,"event":{"mods":["ATMod(阿瑾Mod)","Act Like it!","BaseMod","Better Vampires","Downfall","Koishi","KomeijiMod","Minty Spire (QoL Compilation)","MostiFishMod","Shop Mod","Spicy Shops","StSLib","TestMod","Waifu the Spire","noobMod","【遗物卡牌】REMEMod"],"gold_per_floor":[99,115,128,148,168,500,500,516,516,23,48,64,97,112,123,225,225,225,243,243,259,259,13,13,23,44,144,144,144,156,188,207,310,310,235,257,278,328,342,371,448,483,483,515,535,554,569,40,79,204],"floor_reached":51,"playtime":2034,"items_purged":["Koishi:BasicStrike","Koishi:BasicStrike","Koishi:BasicDefend","Parasite","Koishi:BasicDefend"],"score":1562,"play_id":"a7fd39c9-0175-4f34-9f52-6efc65ba76f5","local_time":"20210102214339","is_ascension_mode":true,"campfire_choices":[{"data":"testmod-AssimilatedRune","floor":1,"key":"SMITH"},{"floor":18,"key":"RECALL"},{"data":"AT_WindFlip","floor":35,"key":"SMITH"}],"circlet_count":0,"master_deck":["Koishi:BasicDefend","Koishi:BasicDefend","Koishi:Provoke","Koishi:HauntingSlash+1","AT_WindFlip+1","testmod-AssimilatedRune+1","Koishi:SubconsciousSweep","Koishi:Jaunt+1","Koishi:Whimsy","Koishi:GhostParty+1","Koishi:VengefulSpirit+1","Koishi:Jaunt+1","Koishi:Jaunt+1"],"relics":["Koishi:ImaginaryFriend","testmod-TestBox","ice","DaveBox","AT_ATBox","REME_ComplimentaryCards","testmod-Fanaticism","The Courier","Molten Egg 2","MerchantsRug","AT_BladeRuinedKing","CeramicFish","testmod-CardMagician","testmod-EqualTreatment","Happy Flower","Sundial","Pear","MutagenicStrength","Koishi:TeethAndClaws","downfall:HeartBlessingRed","testmod-IntensifyImprint","InkBottle","Civilization","MealTicket","AT_MibuBalloonWealth","Dodecahedron","AT_TheCollector"],"acts_visited":["Exordium","TheCity","TheBeyond"],"potions_floor_usage":[16],"damage_taken":[{"damage":4,"enemies":"Cultist","floor":2,"turns":2},{"damage":16,"enemies":"Small Slimes","floor":3,"turns":2},{"damage":12,"enemies":"2 Louse","floor":4,"turns":2},{"damage":14,"enemies":"2 Fungi Beasts","floor":5,"turns":2},{"damage":0,"enemies":"Gremlin Nob","floor":6,"turns":2},{"damage":0,"enemies":"Large Slime","floor":8,"turns":3},{"damage":0,"enemies":"downfall:FleeingMerchant","floor":10,"turns":4},{"damage":0,"enemies":"Lagavulin","floor":11,"turns":2},{"damage":0,"enemies":"3 Louse","floor":12,"turns":1},{"damage":0,"enemies":"3 Sentries","floor":13,"turns":1},{"damage":10,"enemies":"Red Slaver","floor":14,"turns":2},{"damage":20,"enemies":"Exordium Thugs","floor":15,"turns":2},{"damage":0,"enemies":"downfall:Defect","floor":16,"turns":4},{"damage":26,"enemies":"Spheric Guardian","floor":19,"turns":2},{"damage":0,"enemies":"3 Byrds","floor":21,"turns":2},{"damage":0,"enemies":"downfall:FleeingMerchant","floor":23,"turns":4},{"damage":15,"enemies":"Cultist and Chosen","floor":25,"turns":2},{"damage":10,"enemies":"Centurion and Healer","floor":26,"turns":2},{"damage":15,"enemies":"downfall:Augmenter","floor":27,"turns":4},{"damage":0,"enemies":"3 Cultists","floor":30,"turns":2},{"damage":19,"enemies":"Book of Stabbing","floor":31,"turns":2},{"damage":21,"enemies":"Snake Plant","floor":32,"turns":2},{"damage":0,"enemies":"downfall:Watcher","floor":33,"turns":4},{"damage":23,"enemies":"Orb Walker","floor":36,"turns":2},{"damage":21,"enemies":"3 Shapes","floor":37,"turns":4},{"damage":0,"enemies":"Mind Bloom Boss Battle","floor":38,"turns":3},{"damage":0,"enemies":"Jaw Worm Horde","floor":39,"turns":3},{"damage":0,"enemies":"Writhing Mass","floor":40,"turns":4},{"damage":11,"enemies":"Reptomancer","floor":42,"turns":4},{"damage":0,"enemies":"Nemesis","floor":44,"turns":1},{"damage":0,"enemies":"Transient","floor":45,"turns":5},{"damage":0,"enemies":"3 Darklings","floor":46,"turns":1},{"damage":8,"enemies":"Sphere and 2 Shapes","floor":47,"turns":1},{"damage":0,"enemies":"Maw","floor":49,"turns":2},{"damage":7,"enemies":"downfall:Silent","floor":50,"turns":3}],"seed_played":"-8283383234007831733","potions_obtained":[{"floor":4,"key":"champ:CounterPotion"},{"floor":11,"key":"FearPotion"},{"floor":13,"key":"CalmPotion"},{"floor":14,"key":"GamblersBrew"},{"floor":16,"key":"testmod-SpacePotion"},{"floor":19,"key":"Fire Potion"},{"floor":26,"key":"SteroidPotion"},{"floor":32,"key":"FearPotion"},{"floor":37,"key":"Ancient Potion"},{"floor":39,"key":"Weak Potion"}],"is_trial":false,"path_per_floor":["R","M","M","M","M","E","T","M","?","$","E","M","E","M","M","B",null,"R","M","?","M","?","$","T","M","M","?","?","?","M","E","M","B",null,"R","M","M","?","M","M","T","E","?","E","M","M","M","$","M","B",null],"character_chosen":"KOISHI","items_purchased":["MerchantsRug","AT_BladeRuinedKing","CeramicFish","Koishi:Jaunt+1","testmod-EqualTreatment","Happy Flower","Sundial","MealTicket","AT_MibuBalloonWealth","Koishi:Jaunt+1","Koishi:Jaunt+1","Dodecahedron","AT_TheCollector"],"campfire_rested":0,"item_purchase_floors":[10,10,10,10,23,23,23,48,48,48,48,48,48],"current_hp_per_floor":[54,51,36,24,17,18,18,60,60,60,61,61,61,56,46,47,67,67,51,51,51,51,53,63,50,41,54,64,64,64,59,54,56,101,101,91,74,78,80,82,82,80,80,82,87,112,134,134,147,173],"gold":204,"neow_bonus":"REMOVE_CARD","is_daily":false,"chose_seed":false,"campfire_upgraded":2,"win_rate":0.0,"timestamp":1609595019,"path_taken":["R","M","M","M","?","E","T","M","?","$","E","M","E","M","M","BOSS","R","M","?","M","?","$","T","M","M","?","?","?","M","E","M","BOSS","R","M","M","?","M","M","T","E","?","E","?","M","M","$","M","BOSS"],"items_purchased_type":["Relic","Relic","Relic","Card","Relic","Relic","Relic","Relic","Relic","Card","Card","Relic","Relic"],"build_version":"2020-12-22","purchased_purges":5,"victory":true,"max_hp_per_floor":[60,60,60,60,60,60,60,60,60,65,65,65,65,66,68,74,74,74,76,76,82,82,87,97,99,100,103,103,103,106,108,111,116,116,116,117,128,131,134,138,138,143,143,143,148,148,150,147,158,173],"card_choices":[{"not_picked":["Koishi:DreadfulBlow","Koishi:UnconsciousUprising","Koishi:StingingMind"],"picked":"SKIP","floor":2},{"not_picked":["Koishi:VengefulSpirit","Koishi:BloodcurdlingScream","Koishi:UnconsciousUrges"],"picked":"SKIP","floor":3},{"not_picked":["Koishi:BloodcurdlingScream","Koishi:GhostParty","Koishi:SubterraneanRose"],"picked":"SKIP","floor":4},{"not_picked":["Koishi:BloodcurdlingScream","Koishi:RuptureMind"],"picked":"Koishi:SubconsciousSweep","floor":5},{"not_picked":["Koishi:GeneticsOfTheUnconscious","Koishi:VengefulSpirit","Koishi:SubterraneanRose"],"picked":"SKIP","floor":6},{"not_picked":["Koishi:FourthEye","Koishi:SubconsciousSweep+1","Koishi:Prune+1"],"picked":"SKIP","floor":8},{"not_picked":["Koishi:HeartfeltFancy","Koishi:Vanish","Koishi:UnconsciousUprising"],"picked":"SKIP","floor":10},{"not_picked":["Koishi:VengefulSpirit","Koishi:BloodcurdlingScream+1","Koishi:ReflexRadar"],"picked":"SKIP","floor":11},{"not_picked":["Koishi:BloodcurdlingScream+1","Koishi:SpiritedAway+1","Koishi:SubconsciousSweep+1"],"picked":"SKIP","floor":12},{"not_picked":["Koishi:BramblyRoseGarden","Koishi:EmbryosDream","Koishi:SubconsciousSweep+1"],"picked":"SKIP","floor":13},{"not_picked":["Koishi:Prune+1","Koishi:VengefulSpirit","Koishi:PerfectMindControl"],"picked":"SKIP","floor":14},{"not_picked":["Koishi:SubterraneanRose","Koishi:PhantomBarrier","Koishi:ParalyzingFear+1"],"picked":"SKIP","floor":15},{"not_picked":["Koishi:PhilosophyOfTheDespised","Koishi:UnseenTerror+1","Koishi:Possession"],"picked":"SKIP","floor":19},{"not_picked":["Koishi:DreadfulBlow+1","Koishi:CatchAndRose","Koishi:HeartAttack+1"],"picked":"SKIP","floor":21},{"not_picked":["Koishi:ParalyzingFear+1","Koishi:UnconsciousUprising","Koishi:PhilosophyOfTheDespised"],"picked":"SKIP","floor":23},{"not_picked":["Koishi:DNAsFlaw","Koishi:UnconsciousUprising","Koishi:PhantomStrike+1"],"picked":"SKIP","floor":25},{"not_picked":["Koishi:SilentAndRestless+1","Koishi:CatchAndRose"],"picked":"Koishi:Whimsy","floor":26},{"not_picked":["Koishi:IdleWhim","Koishi:GrowingPain+1","Koishi:MassHysteria"],"picked":"SKIP","floor":30},{"not_picked":["Koishi:ParalyzingFear+1","Koishi:SubconsciousSweep+1","Koishi:BloodcurdlingScream+1"],"picked":"SKIP","floor":31},{"not_picked":["Koishi:UnconsciousUprising","Koishi:DreadfulBlow+1","Koishi:Jaunt+1"],"picked":"SKIP","floor":32},{"not_picked":["Koishi:ReleaseOfTheId+1","Koishi:UnansweredLove"],"picked":"Koishi:GhostParty+1","floor":36},{"not_picked":["Koishi:FourthEye+1","Koishi:UnseenTerror+1"],"picked":"Koishi:VengefulSpirit+1","floor":37},{"not_picked":["Koishi:StingingMind+1","Koishi:LastRemote+1","Koishi:FleetingPhantom"],"picked":"SKIP","floor":39},{"not_picked":["Koishi:FleetingPhantom","Koishi:UnansweredLove+1","Koishi:SubterraneanRose"],"picked":"SKIP","floor":40},{"not_picked":["Koishi:LastRemote+1","Koishi:Catatonia+1","Koishi:SilentAndRestless+1"],"picked":"SKIP","floor":42},{"not_picked":["Koishi:ReflexRadar+1","Koishi:TraumaticStroke+1","Koishi:GeneticsOfTheUnconscious"],"picked":"SKIP","floor":44},{"not_picked":["Koishi:BramblyRoseGarden","Koishi:FreudianInstinct+1","Koishi:HeartfeltFancy"],"picked":"SKIP","floor":45},{"not_picked":["Koishi:MindNumbingTerror+1","Koishi:SprinkleStarAndHeart+1","Koishi:Catatonia+1"],"picked":"SKIP","floor":46},{"not_picked":["Koishi:Possession+1","Koishi:TraumaticStroke+1","Koishi:BloodcurdlingScream+1"],"picked":"SKIP","floor":47},{"not_picked":["Koishi:BramblyRoseGarden","Koishi:BloodcurdlingScream+1","Koishi:ReflexRadar+1"],"picked":"SKIP","floor":49}],"player_experience":422287,"relics_obtained":[{"floor":6,"key":"Old Coin"},{"floor":7,"key":"Molten Egg 2"},{"floor":11,"key":"REME_HourglassOfDeath"},{"floor":13,"key":"REME_LimitBreaker"},{"floor":24,"key":"Pear"},{"floor":27,"key":"MutagenicStrength"},{"floor":31,"key":"Koishi:TeethAndClaws"},{"floor":38,"key":"testmod-IntensifyImprint"},{"floor":41,"key":"testmod-BalancedPeriapt"},{"floor":42,"key":"InkBottle"},{"floor":44,"key":"Civilization"}],"event_choices":[{"cards_removed":["Koishi:BasicStrike"],"damage_healed":0,"gold_gain":0,"player_choice":"Elegance","damage_taken":0,"max_hp_gain":0,"max_hp_loss":0,"event_name":"Back to Basics","floor":20,"gold_loss":0},{"damage_healed":0,"gold_gain":0,"player_choice":"Ignored","damage_taken":0,"max_hp_gain":0,"max_hp_loss":0,"event_name":"给自己的盒子","floor":22,"gold_loss":0},{"damage_healed":0,"gold_gain":0,"player_choice":"Forge","damage_taken":0,"max_hp_gain":0,"max_hp_loss":0,"event_name":"Accursed Blacksmith","floor":29,"gold_loss":0,"cards_upgraded":["Koishi:HauntingSlash"]}],"is_beta":false,"boss_relics":[{"not_picked":["Busted Crown","HereWithMe"],"picked":"testmod-CardMagician"},{"not_picked":["xbg","RhineFirstAidKit"],"picked":"testmod-StringDisintegrator"}],"items_purged_floors":[10,10,23,48,48],"is_endless":false,"potions_floor_spawned":[4,11,13,14,15,16,19,26,32,37,39,42,44,46,47],"ascension_level":7}}