{"host":"mruvby243fwgm3bp","time":1609580329,"event":{"mods":["AchievementEnabler","BaseMod","Colored Map","Colored Powertips","Minty Spire (QoL Compilation)","Permanent Neow","Random Character Button","StSLib"],"gold_per_floor":[115,133,151,151,151,151,185,185,185,198,214,214,58,78,78,209,209,228,242,242,0,0,0],"floor_reached":22,"playtime":903,"items_purged":["Strike_R"],"score":242,"play_id":"0b2aa09b-16b7-4d5b-a3b7-e7459783bff6","local_time":"20210102013849","is_ascension_mode":true,"campfire_choices":[{"data":"Bash","floor":6,"key":"SMITH"},{"data":"Juggernaut","floor":8,"key":"SMITH"},{"floor":15,"key":"REST"}],"circlet_count":0,"master_deck":["Strike_R","Strike_R","Strike_R+1","Strike_R","Defend_R","Defend_R","Defend_R","Defend_R","Bash+1","Evolve","Sentinel","Cleave","Juggernaut+1","Armaments+1","Reaper","Body Slam","Barricade"],"relics":["Burning Blood","Vajra","Golden Idol","Kunai","Matryoshka","Mark of Pain","MutagenicStrength"],"acts_visited":["Exordium","TheCity"],"potions_floor_usage":[7,11,16,22],"damage_taken":[{"damage":0,"enemies":"Cultist","floor":1,"turns":3},{"damage":5,"enemies":"Small Slimes","floor":2,"turns":3},{"damage":0,"enemies":"2 Louse","floor":3,"turns":4},{"damage":32,"enemies":"Gremlin Nob","floor":7,"turns":4},{"damage":11,"enemies":"Blue Slaver","floor":10,"turns":5},{"damage":12,"enemies":"Looter","floor":11,"turns":4},{"damage":21,"enemies":"3 Louse","floor":14,"turns":5},{"damage":35,"enemies":"The Guardian","floor":16,"turns":10},{"damage":26,"enemies":"Shell Parasite","floor":18,"turns":6},{"damage":49,"enemies":"3 Byrds","floor":19,"turns":6},{"damage":13,"enemies":"Snecko","floor":22,"turns":3}],"seed_played":"-8260762346367970338","potions_obtained":[{"floor":1,"key":"Strength Potion"},{"floor":10,"key":"Fruit Juice"},{"floor":14,"key":"Fire Potion"},{"floor":16,"key":"LiquidMemories"}],"is_trial":false,"path_per_floor":["M","M","M","?","?","R","E","R","T","M","M","?","$","M","R","B",null,"M","M","?","?","M"],"character_chosen":"IRONCLAD","items_purchased":["Reaper"],"campfire_rested":1,"item_purchase_floors":[13],"current_hp_per_floor":[78,79,80,80,60,60,34,34,34,29,28,11,11,11,36,12,67,47,10,10,10,0,0],"gold":0,"neow_bonus":"RANDOM_COMMON_RELIC","is_daily":false,"chose_seed":false,"campfire_upgraded":2,"win_rate":0.0,"timestamp":1609580329,"path_taken":["M","M","?","?","?","R","E","R","T","M","M","?","?","M","R","BOSS","M","M","?","?","M"],"items_purchased_type":["Card"],"build_version":"2020-12-22","purchased_purges":1,"victory":false,"max_hp_per_floor":[80,80,80,80,80,80,80,80,80,80,85,85,85,85,85,85,85,85,85,85,85,85,85],"card_choices":[{"not_picked":["Warcry","Wild Strike"],"picked":"Evolve","floor":1},{"not_picked":["Havoc","True Grit"],"picked":"Sentinel","floor":2},{"not_picked":["Clash","Bloodletting"],"picked":"Cleave","floor":3},{"not_picked":["Metallicize","Berserk"],"picked":"Juggernaut","floor":7},{"not_picked":["Searing Blow","Sword Boomerang","Twin Strike"],"picked":"SKIP","floor":10},{"not_picked":["Dropkick","Infernal Blade"],"picked":"Armaments","floor":11},{"not_picked":["Burning Pact","Whirlwind"],"picked":"Body Slam","floor":14},{"not_picked":["Limit Break","Berserk"],"picked":"Barricade","floor":16},{"not_picked":["Searing Blow+1","Rampage","Havoc"],"picked":"SKIP","floor":18},{"not_picked":["Hemokinesis","Heavy Blade+1","Flex+1"],"picked":"SKIP","floor":19}],"player_experience":362448,"relics_obtained":[{"floor":7,"key":"Kunai"},{"floor":9,"key":"Matryoshka"}],"event_choices":[{"damage_healed":0,"gold_gain":0,"player_choice":"Ignored","damage_taken":0,"max_hp_gain":0,"max_hp_loss":0,"event_name":"Liars Game","floor":4,"gold_loss":0},{"damage_healed":0,"gold_gain":0,"player_choice":"Take Damage","damage_taken":20,"relics_obtained":["Golden Idol"],"max_hp_gain":0,"max_hp_loss":0,"event_name":"Golden Idol","floor":5,"gold_loss":0},{"damage_healed":0,"gold_gain":0,"player_choice":"Entered Light","damage_taken":17,"max_hp_gain":0,"max_hp_loss":0,"event_name":"Shining Light","floor":12,"gold_loss":0,"cards_upgraded":["Armaments","Strike_R"]},{"damage_healed":0,"gold_gain":0,"player_choice":"Inject Mutagens","damage_taken":0,"relics_obtained":["MutagenicStrength"],"max_hp_gain":0,"max_hp_loss":0,"event_name":"Drug Dealer","floor":20,"gold_loss":0},{"damage_healed":0,"gold_gain":0,"player_choice":"Paid Fearfully","damage_taken":0,"max_hp_gain":0,"max_hp_loss":0,"event_name":"Masked Bandits","floor":21,"gold_loss":242}],"is_beta":false,"boss_relics":[{"not_picked":["Snecko Eye","Calling Bell"],"picked":"Mark of Pain"}],"items_purged_floors":[13],"is_endless":false,"potions_floor_spawned":[1,10,14,16],"killed_by":"Snecko","ascension_level":6}}