{"host":"w7dhjqgqsib0c3vt","time":1609597840,"event":{"mods":["ATMod(°¢èªMod)","BaseMod","Minty Spire (QoL Compilation)","Shop Mod","StSLib","TheWitcher"],"gold_per_floor":[114,114,131,131,150,150,161,161,188,188,250,2,21,55,55,159,209,226,226,237,336,347,347,375,375,425,43,58,73,88,48,48,152,152,172,172,182,230,248,279,279,279,302,302,302,318,318,13,13,13],"floor_reached":51,"playtime":1683,"items_purged":["Regret"],"score":820,"play_id":"1e81941e-fe74-4e18-a423-84d3ab1f3a99","local_time":"20210102223040","is_ascension_mode":false,"campfire_choices":[{"data":"AT_OneInchPunch","floor":6.0,"key":"SMITH"},{"data":"AT_WomanClash","floor":8.0,"key":"SMITH"},{"data":"Backstab","floor":10.0,"key":"SMITH"},{"data":"Glass Knife","floor":15.0,"key":"SMITH"},{"floor":25.0,"key":"REST"},{"data":"Catalyst","floor":32.0,"key":"SMITH"},{"data":"Noxious Fumes","floor":41,"key":"SMITH"},{"data":"Vault","floor":44,"key":"SMITH"},{"data":"AT_LightSaberMaster","floor":47,"key":"SMITH"},{"floor":49,"key":"REST"}],"circlet_count":0,"master_deck":["Strike_G","Strike_G","Strike_G","Strike_G","Defend_G","Defend_G","Defend_G","Defend_G+1","Defend_G","Survivor","Neutralize","AT_OneInchPunch+1","A Thousand Cuts+1","Deadly Poison","Slice","AT_WomanClash+1","Backstab+1","Slice","Cloak And Dagger","Glass Knife+1","Quick Slash+1","Venomology+1","Concentrate","Dagger Spray+1","Catalyst+1","Slice","Blade Dance+1","Thunderclap+1","AT_IchimonjiDouble","AT_CaressingTears","Bouncing Flask","Vault+1","Vengeance","PiercingWail","Noxious Fumes+1","FollowUp","AT_TearsDenial","AT_LightSaberMaster+1","Violence","AT_IchimonjiDouble+1","Catalyst+1","Poisoned Stab","Outmaneuver"],"relics":["Ring of the Snake","AT_ATBox","Omamori","Snake Skull","Paper Crane","Lee\u0027s Waffle","Potion Belt","Tiny House","Juzu Bracelet","Bag of Marbles","PrismaticShard","AT_ChloranthyRing","Runic Pyramid","Incense Burner","PreservedInsect","Boot","AT_ArchangelStaff","DollysMirror"],"acts_visited":["Exordium","TheCity","TheBeyond"],"potions_floor_usage":[40,40,50,50],"damage_taken":[{"damage":0.0,"enemies":"Small Slimes","floor":1.0,"turns":1.0},{"damage":0.0,"enemies":"2 Louse","floor":3.0,"turns":2.0},{"damage":0.0,"enemies":"Jaw Worm","floor":5.0,"turns":2.0},{"damage":0.0,"enemies":"Gremlin Gang","floor":7.0,"turns":1.0},{"damage":0.0,"enemies":"Gremlin Nob","floor":11.0,"turns":2.0},{"damage":0.0,"enemies":"Exordium Thugs","floor":13.0,"turns":2.0},{"damage":0.0,"enemies":"Lagavulin","floor":14.0,"turns":2.0},{"damage":0.0,"enemies":"Slime Boss","floor":16.0,"turns":5.0},{"damage":0.0,"enemies":"2 Thieves","floor":18.0,"turns":3.0},{"damage":1.0,"enemies":"Chosen","floor":20.0,"turns":3.0},{"damage":1.0,"enemies":"Snecko","floor":22.0,"turns":3.0},{"damage":29.0,"enemies":"Book of Stabbing","floor":24.0,"turns":4.0},{"damage":0.0,"enemies":"Snake Plant","floor":28.0,"turns":1.0},{"damage":12.0,"enemies":"Centurion and Healer","floor":29.0,"turns":4.0},{"damage":0.0,"enemies":"Sentry and Sphere","floor":30.0,"turns":4.0},{"damage":48.0,"enemies":"Champ","floor":33.0,"turns":6.0},{"damage":6.0,"enemies":"3 Shapes","floor":35.0,"turns":4.0},{"damage":0.0,"enemies":"Orb Walker","floor":37.0,"turns":2.0},{"damage":10.0,"enemies":"2 Orb Walkers","floor":38.0,"turns":2.0},{"damage":10.0,"enemies":"Spire Growth","floor":39.0,"turns":4.0},{"damage":0,"enemies":"Nemesis","floor":40,"turns":3},{"damage":0,"enemies":"Writhing Mass","floor":46,"turns":2},{"damage":81,"enemies":"Time Eater","floor":50,"turns":10}],"seed_played":"7518260922756510022","potions_obtained":[{"floor":1.0,"key":"SkillPotion"},{"floor":3.0,"key":"CunningPotion"},{"floor":13.0,"key":"Explosive Potion"},{"floor":14.0,"key":"SkillPotion"},{"floor":17.0,"key":"GamblersBrew"},{"floor":22.0,"key":"Strength Potion"},{"floor":24.0,"key":"AttackPotion"},{"floor":28.0,"key":"BlessingOfTheForge"},{"floor":30.0,"key":"BlessingOfTheForge"},{"floor":33.0,"key":"SpeedPotion"},{"floor":37.0,"key":"SkillPotion"},{"floor":39.0,"key":"AttackPotion"}],"is_trial":false,"path_per_floor":["M","?","M","?","M","R","M","R","T","R","?","$","M","E","R","B",null,"M","?","M","?","M","?","E","R","T","$","M","M","M","$","R","B",null,"M","?","M","?","M","E","R","?","T","R","?","M","R","$","R","B",null],"character_chosen":"THE_SILENT","items_purchased":["Lee\u0027s Waffle","Cloak And Dagger","PrismaticShard","AT_ChloranthyRing","DistilledChaos","Bouncing Flask","DollysMirror","Poisoned Stab","Outmaneuver","Energy Potion"],"campfire_rested":2,"item_purchase_floors":[12,12,27,27,27,31,48,48,48,48],"current_hp_per_floor":[70,56,56,56,56,56,56,56,56,56,56,77,77,77,77,77,82,82,82,81,81,80,80,51,75,75,75,75,63,63,63,63,15,82,77,77,77,69,59,59,59,59,59,59,49,49,49,49,73,4],"gold":13,"neow_bonus":"ONE_RANDOM_RARE_CARD","is_daily":false,"chose_seed":false,"campfire_upgraded":8,"win_rate":0.0,"timestamp":1609597840,"path_taken":["M","?","M","?","M","R","M","R","T","R","?","$","M","E","R","BOSS","M","?","?","?","M","?","E","R","T","?","M","M","M","$","R","BOSS","M","?","M","?","M","E","R","?","T","R","?","M","R","$","R","BOSS"],"items_purchased_type":["Relic","Card","Relic","Relic","Potion","Card","Relic","Card","Card","Potion"],"build_version":"2020-12-22","purchased_purges":1,"victory":true,"max_hp_per_floor":[70,70,70,70,70,70,70,70,70,70,70,77,77,77,77,77,82,82,82,82,82,82,82,82,82,82,82,82,82,82,82,82,82,82,82,82,82,82,82,82,82,82,82,82,82,82,82,82,82,82],"card_choices":[{"not_picked":["Escape Plan","Caltrops"],"picked":"Deadly Poison","floor":1.0},{"not_picked":["Finisher","Caltrops"],"picked":"Slice","floor":3.0},{"not_picked":["Setup","Slice"],"picked":"AT_WomanClash","floor":5.0},{"not_picked":["AT_WindFlip","PiercingWail"],"picked":"Backstab","floor":7.0},{"not_picked":["Riddle With Holes","Cloak And Dagger"],"picked":"Slice","floor":11.0},{"not_picked":["Acrobatics","Well Laid Plans"],"picked":"Glass Knife","floor":13.0},{"not_picked":["Underhanded Strike","AT_WindFlip"],"picked":"Quick Slash","floor":14.0},{"not_picked":["Storm of Steel","Adrenaline"],"picked":"Venomology","floor":16.0},{"not_picked":["AT_WindFlip","AT_KneejerkReflex"],"picked":"Concentrate","floor":17.0},{"not_picked":["Escape Plan+1","Backflip"],"picked":"Dagger Spray+1","floor":18.0},{"not_picked":["Flechettes","Poisoned Stab"],"picked":"Catalyst","floor":20.0},{"not_picked":["Sucker Punch","Backflip"],"picked":"Slice","floor":22.0},{"not_picked":["Deflect","Slice"],"picked":"Blade Dance+1","floor":24.0},{"not_picked":["Cloak And Dagger","Nirvana"],"picked":"Thunderclap+1","floor":28.0},{"not_picked":["Consecrate","AT_RealFormLess"],"picked":"AT_IchimonjiDouble","floor":29.0},{"not_picked":["Blade Dance","Blood for Blood"],"picked":"AT_CaressingTears","floor":30.0},{"not_picked":["AT_EmpoweredMortalDraw","Violence"],"picked":"Vault","floor":33.0},{"not_picked":["SnafuTest:BombDancingStar","ClearTheMind"],"picked":"Vengeance","floor":35.0},{"not_picked":["SnafuTest:Shooting","BowlingBash","SnafuTest:SneakKill"],"picked":"SKIP","floor":37.0},{"not_picked":["CutThroughFate","All Out Attack"],"picked":"PiercingWail","floor":38.0},{"not_picked":["SnafuTest:PowerAlwaysAWay+1","Warcry+1"],"picked":"Noxious Fumes","floor":39.0},{"not_picked":["PathToVictory","SnafuTest:WorldMap"],"picked":"FollowUp","floor":40},{"not_picked":["HandOfGreed","PanicButton"],"picked":"AT_TearsDenial","floor":45},{"not_picked":["Madness","Forethought"],"picked":"AT_LightSaberMaster","floor":45},{"not_picked":["Thinking Ahead","Blind"],"picked":"Violence","floor":45},{"not_picked":["FlurryOfBlows","Deflect"],"picked":"AT_IchimonjiDouble+1","floor":46}],"player_experience":597201,"relics_obtained":[{"floor":9.0,"key":"Snake Skull"},{"floor":11.0,"key":"Paper Crane"},{"floor":14.0,"key":"Potion Belt"},{"floor":24.0,"key":"Juzu Bracelet"},{"floor":26.0,"key":"Bag of Marbles"},{"floor":38.0,"key":"Incense Burner"},{"floor":40,"key":"PreservedInsect"},{"floor":43,"key":"AT_ArchangelStaff"}],"event_choices":[{"damage_healed":0.0,"max_hp_gain":0.0,"max_hp_loss":0.0,"gold_gain":0.0,"event_name":"Shining Light","player_choice":"Entered Light","floor":2.0,"gold_loss":0.0,"damage_taken":14.0,"cards_upgraded":["A Thousand Cuts","Defend_G"]},{"damage_healed":0.0,"max_hp_gain":0.0,"max_hp_loss":0.0,"gold_gain":0.0,"event_name":"Big Fish","player_choice":"Box","floor":4.0,"gold_loss":0.0,"damage_taken":0.0,"relics_obtained":["Omamori"],"cards_obtained":["Regret"]},{"damage_healed":0.0,"max_hp_gain":0.0,"max_hp_loss":0.0,"gold_gain":0.0,"event_name":"Dead Adventurer","player_choice":"Searched \u00271\u0027 times","floor":11.0,"gold_loss":0.0,"damage_taken":0.0},{"cards_removed":["Strike_G"],"damage_healed":0.0,"max_hp_gain":0.0,"max_hp_loss":0.0,"gold_gain":0.0,"event_name":"Bonfire Elementals","player_choice":"Offered Basic","floor":19.0,"gold_loss":0.0,"damage_taken":0.0},{"damage_healed":0.0,"max_hp_gain":0.0,"max_hp_loss":0.0,"gold_gain":99.0,"event_name":"Nest","player_choice":"Stole From Cult","floor":21.0,"gold_loss":0.0,"damage_taken":0.0},{"damage_healed":0.0,"max_hp_gain":0.0,"max_hp_loss":0.0,"gold_gain":0.0,"event_name":"Ghosts","player_choice":"Ignored","floor":23.0,"gold_loss":0.0,"damage_taken":0.0},{"damage_healed":0.0,"max_hp_gain":0.0,"max_hp_loss":0.0,"gold_gain":0.0,"event_name":"Accursed Blacksmith","player_choice":"Forge","floor":36.0,"gold_loss":0.0,"damage_taken":0.0,"cards_upgraded":["Venomology"]},{"damage_healed":0.0,"max_hp_gain":0.0,"max_hp_loss":0.0,"gold_gain":0.0,"event_name":"Mysterious Sphere","player_choice":"Fight","floor":38.0,"gold_loss":0.0,"damage_taken":0.0},{"damage_healed":0,"gold_gain":0,"player_choice":"Gave Potion","damage_taken":0,"relics_obtained":["Boot"],"max_hp_gain":0,"max_hp_loss":0,"event_name":"WeMeetAgain","floor":42,"gold_loss":0},{"damage_healed":0,"gold_gain":0,"player_choice":"Memory 3","damage_taken":10,"max_hp_gain":0,"max_hp_loss":0,"event_name":"SensoryStone","floor":45,"gold_loss":0}],"is_beta":false,"boss_relics":[{"not_picked":["Snecko Eye","Velvet Choker"],"picked":"Tiny House"},{"not_picked":["Busted Crown","HoveringKite"],"picked":"Runic Pyramid"}],"items_purged_floors":[12],"is_endless":false,"potions_floor_spawned":[1,3,13,14,22,24,28,30,33,37,39],"ascension_level":0}}