{"host":"k7udt7atmcuzf6l0","time":1609587787,"event":{"mods":["AchievementEnabler","BaseMod","Colored Map","Colored Powertips","Highlight Path","Minty Spire (QoL Compilation)","Quick Restart","Rare Cards Sparkle","StSLib","UnlockEverythingMod"],"gold_per_floor":[214,214,228,248,266,266,266,266,320,320,336,353,386,356,356,453,453,465,465,476,506,524,524,132,132,180,180,200,200,53,53,53,156,156,173,173,21,32,254,282,282,293,370,393,63,82,99,99,99,99],"floor_reached":51,"playtime":1171,"items_purged":[],"score":725,"play_id":"b0319cb8-7fd3-4597-875b-91f39f4e5a96","local_time":"20210102194307","is_ascension_mode":false,"campfire_choices":[{"data":"Armaments","floor":6.0,"key":"SMITH"},{"data":"Body Slam","floor":8.0,"key":"SMITH"},{"data":"Whirlwind","floor":10.0,"key":"SMITH"},{"data":"Pommel Strike","floor":15.0,"key":"SMITH"},{"data":"Offering","floor":23.0,"key":"SMITH"},{"data":"Apotheosis","floor":25.0,"key":"SMITH"},{"data":"Rage","floor":27.0,"key":"SMITH"},{"data":"Flex","floor":29.0,"key":"SMITH"},{"floor":32,"key":"REST"},{"floor":41,"key":"REST"},{"floor":49,"key":"REST"}],"circlet_count":0,"master_deck":["Strike_R","Strike_R","Strike_R","Strike_R","Strike_R","Defend_R","Defend_R","Bash","Body Slam+1","Whirlwind+1","Shrug It Off","Armaments+1","Pommel Strike+1","Offering+1","Hemokinesis+1","Necronomicurse","Cleave+1","Rage+1","Apotheosis+1","Headbutt","Flex+1","Offering+1","Limit Break","Warcry+1","Enlightenment","Seeing Red+1","Battle Trance","Inflame","Shrug It Off+1","Spot Weakness"],"relics":["Burning Blood","Pen Nib","Ancient Tea Set","Akabeko","Philosopher\u0027s Stone","Necronomicon","Red Mask","Sling","Tiny Chest","DollysMirror","MutagenicStrength","Fusion Hammer","Chemical X","Boot","Pantograph","Art of War","Anchor"],"acts_visited":["Exordium","TheCity","TheBeyond"],"potions_floor_usage":[33,40,42,50,50,50,50],"damage_taken":[{"damage":13.0,"enemies":"Jaw Worm","floor":1.0,"turns":3.0},{"damage":1.0,"enemies":"Cultist","floor":3.0,"turns":3.0},{"damage":0.0,"enemies":"Small Slimes","floor":4.0,"turns":2.0},{"damage":0.0,"enemies":"Looter","floor":5.0,"turns":2.0},{"damage":0.0,"enemies":"Red Slaver","floor":11.0,"turns":2.0},{"damage":13.0,"enemies":"Large Slime","floor":12.0,"turns":6.0},{"damage":31.0,"enemies":"Lagavulin","floor":13.0,"turns":5.0},{"damage":17.0,"enemies":"The Guardian","floor":16.0,"turns":7.0},{"damage":7.0,"enemies":"Shell Parasite","floor":18.0,"turns":2.0},{"damage":10.0,"enemies":"3 Byrds","floor":20.0,"turns":2.0},{"damage":6.0,"enemies":"Masked Bandits","floor":21.0,"turns":1.0},{"damage":8.0,"enemies":"Snecko","floor":22.0,"turns":2.0},{"damage":28.0,"enemies":"Shelled Parasite and Fungi","floor":28.0,"turns":3.0},{"damage":30,"enemies":"Automaton","floor":33,"turns":3},{"damage":6,"enemies":"Orb Walker","floor":35,"turns":2},{"damage":0,"enemies":"3 Darklings","floor":38,"turns":1},{"damage":6,"enemies":"Reptomancer","floor":40,"turns":1},{"damage":18,"enemies":"4 Shapes","floor":42,"turns":1},{"damage":6,"enemies":"Jaw Worm Horde","floor":46,"turns":1},{"damage":6,"enemies":"Transient","floor":47,"turns":5},{"damage":53,"enemies":"Awakened One","floor":50,"turns":3}],"seed_played":"-4203781176712760411","potions_obtained":[{"floor":4.0,"key":"Block Potion"},{"floor":5.0,"key":"SkillPotion"},{"floor":11.0,"key":"EntropicBrew"},{"floor":14.0,"key":"PowerPotion"},{"floor":14.0,"key":"EssenceOfSteel"},{"floor":18.0,"key":"DuplicationPotion"},{"floor":21.0,"key":"Strength Potion"},{"floor":38,"key":"Swift Potion"},{"floor":40,"key":"AttackPotion"}],"is_trial":false,"path_per_floor":["M","?","M","M","M","R","?","R","T","R","M","M","E","?","R","B",null,"M","?","M","?","M","R","$","R","T","R","M","R","$","?","R","B",null,"M","?","$","M","?","E","R","M","T","T","$","M","M","?","R","B",null],"character_chosen":"IRONCLAD","items_purchased":["Sling","Apotheosis","Headbutt","DollysMirror","Chemical X","Anchor","Inflame","EntropicBrew"],"campfire_rested":3,"item_purchase_floors":[24,24,24,30,37,45,45,45],"current_hp_per_floor":[73,73,78,80,80,80,62,62,62,62,68,61,36,36,36,25,80,79,63,59,59,57,57,57,57,57,57,35,35,35,35,59,35,80,80,80,80,80,80,80,80,68,68,68,68,68,68,68,80,33],"gold":99,"neow_bonus":"HUNDRED_GOLD","is_daily":false,"chose_seed":false,"campfire_upgraded":8,"win_rate":0.0,"timestamp":1609587787,"path_taken":["M","?","M","M","?","R","?","R","T","R","M","M","E","?","R","BOSS","M","?","M","?","M","R","$","R","T","R","M","R","$","?","R","BOSS","M","?","$","M","?","E","R","M","T","?","$","M","M","?","R","BOSS"],"items_purchased_type":["Relic","Card","Card","Relic","Relic","Relic","Card","Potion"],"build_version":"2020-12-22","purchased_purges":0,"victory":true,"max_hp_per_floor":[80,80,80,80,80,80,80,80,80,80,80,80,80,80,80,80,80,80,80,80,80,80,80,80,80,80,80,80,80,80,80,80,80,80,80,80,80,80,80,80,80,80,80,80,80,80,80,80,80,80],"card_choices":[{"not_picked":["Havoc","Clothesline"],"picked":"Body Slam","floor":1.0},{"not_picked":["Perfected Strike","Thunderclap"],"picked":"Whirlwind","floor":3.0},{"not_picked":["Corruption","Ghostly Armor"],"picked":"Shrug It Off","floor":4.0},{"not_picked":["Clothesline","Shrug It Off"],"picked":"Armaments","floor":5.0},{"not_picked":["Twin Strike","Anger"],"picked":"Pommel Strike","floor":11.0},{"not_picked":["Body Slam","True Grit","Ghostly Armor"],"picked":"SKIP","floor":12.0},{"not_picked":["Heavy Blade","Evolve","Shrug It Off"],"picked":"SKIP","floor":13.0},{"not_picked":["Bludgeon","Berserk"],"picked":"Offering","floor":16.0},{"not_picked":["Rupture","Warcry"],"picked":"Hemokinesis+1","floor":18.0},{"not_picked":["Ghostly Armor","Combust","Body Slam"],"picked":"SKIP","floor":20.0},{"not_picked":["True Grit","Clash+1"],"picked":"Cleave+1","floor":21.0},{"not_picked":["Fire Breathing","Power Through+1"],"picked":"Rage","floor":22.0},{"not_picked":["Perfected Strike","True Grit"],"picked":"Flex","floor":28.0},{"not_picked":["Juggernaut","Exhume"],"picked":"Limit Break","floor":33},{"not_picked":["Body Slam","Pommel Strike+1"],"picked":"Warcry+1","floor":35},{"not_picked":["Sadistic Nature","Magnetism"],"picked":"Enlightenment","floor":36},{"not_picked":["Thunderclap+1","Headbutt"],"picked":"Seeing Red+1","floor":38},{"not_picked":["Perfected Strike","Warcry+1"],"picked":"Battle Trance","floor":40},{"not_picked":["Armaments+1","Perfected Strike","Wild Strike"],"picked":"SKIP","floor":42},{"not_picked":["Metallicize","Rampage"],"picked":"Shrug It Off+1","floor":46},{"not_picked":["True Grit","Combust+1"],"picked":"Spot Weakness","floor":47}],"player_experience":38382,"relics_obtained":[{"floor":9.0,"key":"Ancient Tea Set"},{"floor":13.0,"key":"Akabeko"},{"floor":19.0,"key":"Necronomicon"},{"floor":21.0,"key":"Red Mask"},{"floor":26.0,"key":"Tiny Chest"},{"floor":40,"key":"Boot"},{"floor":43,"key":"Pantograph"},{"floor":44,"key":"Art of War"}],"event_choices":[{"cards_removed":["Defend_R"],"damage_healed":0.0,"max_hp_gain":0.0,"max_hp_loss":0.0,"gold_gain":0.0,"event_name":"Purifier","player_choice":"Purged","floor":2.0,"gold_loss":0.0,"damage_taken":0.0},{"damage_healed":0.0,"max_hp_gain":0.0,"max_hp_loss":0.0,"gold_gain":0.0,"event_name":"Scrap Ooze","player_choice":"Success","floor":7.0,"gold_loss":0.0,"damage_taken":18.0,"relics_obtained":["Pen Nib"]},{"damage_healed":0.0,"max_hp_gain":0.0,"max_hp_loss":0.0,"gold_gain":0.0,"event_name":"The Woman in Blue","player_choice":"Bought 2 Potions","floor":14.0,"gold_loss":0.0,"damage_taken":0.0},{"damage_healed":0.0,"max_hp_gain":0.0,"max_hp_loss":0.0,"gold_gain":0.0,"event_name":"Cursed Tome","player_choice":"Obtained Book","floor":19.0,"gold_loss":0.0,"damage_taken":16.0},{"damage_healed":0.0,"max_hp_gain":0.0,"max_hp_loss":0.0,"gold_gain":0.0,"event_name":"Masked Bandits","player_choice":"Fought Bandits","floor":21.0,"gold_loss":0.0,"damage_taken":0.0},{"damage_healed":0,"gold_gain":0,"player_choice":"Inject Mutagens","damage_taken":0,"relics_obtained":["MutagenicStrength"],"max_hp_gain":0,"max_hp_loss":0,"event_name":"Drug Dealer","floor":31,"gold_loss":0},{"damage_healed":0,"gold_gain":0,"player_choice":"Memory 1","damage_taken":0,"max_hp_gain":0,"max_hp_loss":0,"event_name":"SensoryStone","floor":36,"gold_loss":0},{"damage_healed":0,"gold_gain":222,"player_choice":"Wore Mask","damage_taken":0,"max_hp_gain":0,"max_hp_loss":0,"event_name":"Tomb of Lord Red Mask","floor":39,"gold_loss":0},{"cards_removed":["Defend_R"],"damage_healed":0,"gold_gain":0,"player_choice":"Removed Skill","damage_taken":0,"max_hp_gain":0,"max_hp_loss":0,"event_name":"Falling","floor":48,"gold_loss":0}],"is_beta":false,"boss_relics":[{"not_picked":["SlaversCollar","Black Blood"],"picked":"Philosopher\u0027s Stone"},{"not_picked":["Snecko Eye","Busted Crown"],"picked":"Fusion Hammer"}],"items_purged_floors":[],"is_endless":false,"potions_floor_spawned":[4,5,11,18,21,38,40,46,47],"ascension_level":0}}