{"host":"4sl6z5xrlou33vwc","time":1609613383,"event":{"mods":["AchievementEnabler","BaseMod","Colored Powertips","DeckTracker","Downfall","Minty Spire (QoL Compilation)","StSLib"],"gold_per_floor":[99,113,133,133,150,150,150,150,162,20,39,49,49,49,61,163,163,163,177,187,199,214,233,233,233,246,346,346,360,360,375,387,485,535,535,553,567,577,592,602,602,619,619,637,647,660,660,692,692,692],"floor_reached":51,"playtime":3713,"items_purged":["Guardian:Strike_Guardian"],"score":660,"play_id":"3cec70e2-8afe-47b2-aa5d-945521f865f3","local_time":"20210102194943","is_ascension_mode":false,"campfire_choices":[{"data":"Guardian:TwinSlam","floor":1,"key":"SMITH"},{"floor":6,"key":"RECALL"},{"data":"Guardian:CurlUp","floor":8,"key":"SMITH"},{"data":"Guardian:PiercingHide","floor":18,"key":"SMITH"},{"data":"Guardian:PrismaticBeam","floor":25,"key":"SMITH"},{"data":"Guardian:ExploitGems","floor":30,"key":"SMITH"},{"data":"Guardian:SentryBeam","floor":35,"key":"SMITH"},{"floor":49,"key":"REST"}],"circlet_count":0,"master_deck":["Guardian:Strike_Guardian","Guardian:Strike_Guardian","Guardian:Defend_Guardian","Guardian:Defend_Guardian+1","Guardian:Defend_Guardian","Guardian:Defend_Guardian","Guardian:CurlUp+1","Guardian:TwinSlam+1","Guardian:PrimingBeam","Guardian:PrismaticBeam+1","Guardian:BronzeArmor","Guardian:PrimingBeam","Guardian:ExploitGems+1","Guardian:PiercingHide+1","Necronomicurse","Guardian:StasisField","Guardian:SentryBeam+1","Guardian:BronzeArmor","Guardian:Repulse","Parasite","Guardian:BronzeOrb+1","Guardian:ExploitGems+1","Guardian:VentSteam+1"],"relics":["Guardian:ModeShifter","Pocketwatch","SacredBark","FossilizedHelix","Shuriken","Necronomicon","Tiny House","Singing Bowl","The Courier"],"acts_visited":["Exordium","TheCity","TheBeyond"],"potions_floor_usage":[16,27,29,33,45,48],"damage_taken":[{"damage":0,"enemies":"2 Louse","floor":2,"turns":3},{"damage":0,"enemies":"Cultist","floor":3,"turns":3},{"damage":5,"enemies":"Jaw Worm","floor":5,"turns":4},{"damage":0,"enemies":"3 Louse","floor":9,"turns":2},{"damage":5,"enemies":"downfall:FleeingMerchant","floor":10,"turns":4},{"damage":0,"enemies":"Blue Slaver","floor":11,"turns":3},{"damage":0,"enemies":"Large Slime","floor":12,"turns":4},{"damage":3,"enemies":"Exordium Wildlife","floor":15,"turns":4},{"damage":38,"enemies":"downfall:Silent","floor":16,"turns":13},{"damage":0,"enemies":"Chosen","floor":19,"turns":4},{"damage":2,"enemies":"Centurion and Healer","floor":20,"turns":9},{"damage":3,"enemies":"Cultist and Chosen","floor":21,"turns":8},{"damage":3,"enemies":"Snake Plant","floor":22,"turns":3},{"damage":12,"enemies":"Centurion and Healer","floor":23,"turns":10},{"damage":0,"enemies":"Snecko","floor":26,"turns":4},{"damage":23,"enemies":"downfall:Defect","floor":27,"turns":6},{"damage":0,"enemies":"Shelled Parasite and Fungi","floor":29,"turns":6},{"damage":0,"enemies":"Sentry and Sphere","floor":31,"turns":5},{"damage":6,"enemies":"3 Cultists","floor":32,"turns":5},{"damage":23,"enemies":"downfall:Watcher","floor":33,"turns":8},{"damage":4,"enemies":"3 Shapes","floor":36,"turns":6},{"damage":0,"enemies":"3 Darklings","floor":37,"turns":4},{"damage":0,"enemies":"Maw","floor":38,"turns":7},{"damage":0,"enemies":"Writhing Mass","floor":39,"turns":6},{"damage":11,"enemies":"Spire Growth","floor":40,"turns":6},{"damage":0,"enemies":"Sphere and 2 Shapes","floor":42,"turns":9},{"damage":18,"enemies":"Transient","floor":44,"turns":5},{"damage":7,"enemies":"3 Darklings","floor":45,"turns":6},{"damage":0,"enemies":"Spire Growth","floor":46,"turns":6},{"damage":28,"enemies":"Reptomancer","floor":48,"turns":6},{"damage":16,"enemies":"downfall:Ironclad","floor":50,"turns":10}],"seed_played":"2355444843523409128","potions_obtained":[{"floor":11,"key":"BlessingOfTheForge"},{"floor":12,"key":"Energy Potion"},{"floor":16,"key":"CultistPotion"},{"floor":21,"key":"Guardian:BlockOnCardUsePotion"},{"floor":26,"key":"ColorlessPotion"},{"floor":33,"key":"Dexterity Potion"},{"floor":34,"key":"Guardian:StasisDiscoveryPotion"},{"floor":39,"key":"Strength Potion"},{"floor":42,"key":"CultistPotion"},{"floor":45,"key":"Ancient Potion"},{"floor":46,"key":"champ:CounterPotion"}],"is_trial":false,"path_per_floor":["R","M","M","?","M","R","T","R","M","$","M","M","?","?","M","B",null,"R","M","M","M","M","M","T","R","M","?","?","M","R","M","M","B",null,"R","M","M","M","M","M","T","M","?","M","M","M","?","E","R","B",null],"character_chosen":"GUARDIAN","items_purchased":["Guardian:PrimingBeam"],"campfire_rested":1,"item_purchase_floors":[10],"current_hp_per_floor":[88,88,88,88,83,83,83,83,83,78,78,78,83,83,80,42,93,93,93,91,88,85,73,73,73,73,50,34,34,34,34,28,5,98,98,94,94,94,94,83,83,85,85,69,64,64,64,38,69,53],"gold":692,"neow_bonus":"TEN_PERCENT_HP_BONUS","is_daily":false,"chose_seed":false,"campfire_upgraded":6,"win_rate":0.0,"timestamp":1609613383,"path_taken":["R","M","M","?","?","R","T","R","M","$","M","M","?","?","M","BOSS","R","M","M","M","M","M","T","R","M","?","?","M","R","?","M","BOSS","R","M","?","M","M","?","T","M","?","M","?","M","?","E","R","BOSS"],"items_purchased_type":["Card"],"build_version":"2020-12-22","purchased_purges":1,"victory":true,"max_hp_per_floor":[88,88,88,88,88,88,88,88,88,88,88,88,93,93,93,93,93,93,93,93,93,93,93,93,93,93,93,93,93,93,93,93,93,98,98,98,98,98,98,98,98,100,100,102,104,104,104,106,106,106],"card_choices":[{"not_picked":["Guardian:CrystalBeam","Guardian:Recover"],"picked":"Guardian:PrimingBeam","floor":2},{"not_picked":["Guardian:Gem_Green","Guardian:RollAttack"],"picked":"Guardian:Gem_Lightblue","floor":3},{"not_picked":["Guardian:Gem_Red","Guardian:Gem_Crimson"],"picked":"Guardian:Gem_Fragmented","floor":5},{"not_picked":["Guardian:SpikerProtocol","Guardian:Incinerate"],"picked":"Guardian:PrismaticBeam","floor":9},{"not_picked":["Guardian:Planning","Guardian:RollAttack"],"picked":"Guardian:BronzeArmor","floor":10},{"not_picked":["Guardian:CrystalBeam","Guardian:TimeCapacitor"],"picked":"Guardian:ExploitGems","floor":11},{"not_picked":["Guardian:Harden","Guardian:Suspension"],"picked":"Guardian:PiercingHide","floor":12},{"not_picked":["Guardian:Planning","Guardian:BronzeArmor"],"picked":"Guardian:Gem_Cyan","floor":15},{"not_picked":["Guardian:AncientConstruct","Guardian:SphericShield"],"picked":"Guardian:Gem_Synthetic","floor":16},{"not_picked":["Guardian:BronzeArmor","Guardian:RollAttack","Guardian:Recover"],"picked":"SKIP","floor":19},{"not_picked":["Guardian:Incinerate","Guardian:RollAttack","Guardian:VentSteam"],"picked":"SKIP","floor":20},{"not_picked":["Guardian:ShieldCharger","Guardian:Harden"],"picked":"Guardian:Gem_Blue","floor":21},{"not_picked":["Guardian:Harden+1","Guardian:ShieldSpikes+1"],"picked":"Guardian:Gem_Cyan","floor":22},{"not_picked":["Guardian:VentSteam","Guardian:SphericShield"],"picked":"Guardian:Gem_Red","floor":23},{"not_picked":["Guardian:RefractedBeam","Guardian:CrystalBeam"],"picked":"Guardian:Gem_Crimson","floor":26},{"not_picked":["Guardian:TimeBomb","Guardian:RollAttack+1"],"picked":"Guardian:Gem_Cyan","floor":27},{"not_picked":["Guardian:ChargeCore","Guardian:SpikerProtocol"],"picked":"Guardian:Gem_Red","floor":29},{"not_picked":["Guardian:Clone+1","Guardian:RollAttack","Guardian:VentSteam"],"picked":"SKIP","floor":31},{"not_picked":["Guardian:RevengeProtocol","Guardian:VentSteam"],"picked":"Guardian:Gem_Lightblue","floor":32},{"not_picked":["Guardian:ConstructionForm","Guardian:SphericShield"],"picked":"Guardian:StasisField","floor":33},{"not_picked":["Guardian:WalkerClaw","Guardian:CrystalBeam"],"picked":"Guardian:SentryBeam","floor":34},{"not_picked":["Guardian:GuardianWhirl+1","Guardian:MultiBeam","Guardian:FloatingOrbs+1"],"picked":"SKIP","floor":36},{"not_picked":["Guardian:WalkerClaw","Guardian:Gem_Crimson"],"picked":"Guardian:BronzeArmor","floor":37},{"not_picked":["Guardian:PrimingBeam","Guardian:Incinerate"],"picked":"Guardian:Repulse","floor":38},{"not_picked":["Guardian:ChargeCore","Guardian:WalkerClaw"],"picked":"Guardian:BronzeOrb+1","floor":39},{"not_picked":["Guardian:CrystalBeam","Guardian:RollAttack+1"],"picked":"Guardian:TemporalShield+1","floor":40},{"not_picked":["Guardian:Incinerate+1","Guardian:TemporalShield","Guardian:RollAttack+1"],"picked":"Singing Bowl","floor":42},{"not_picked":["Guardian:TimeBomb","Guardian:PrimingBeam+1","Guardian:Gem_Lightblue"],"picked":"Singing Bowl","floor":44},{"not_picked":["Guardian:PrimingBeam","Guardian:Reroute+1","Guardian:AncientConstruct"],"picked":"Singing Bowl","floor":45},{"not_picked":["Guardian:ShieldCharger","Guardian:ShieldSpikes"],"picked":"Guardian:VentSteam+1","floor":46},{"not_picked":["Guardian:VentSteam","Guardian:RollAttack","Guardian:BronzeOrb"],"picked":"Singing Bowl","floor":48}],"player_experience":356038,"relics_obtained":[{"floor":7,"key":"Pocketwatch"},{"floor":27,"key":"FossilizedHelix"},{"floor":27,"key":"Shuriken"},{"floor":28,"key":"Necronomicon"},{"floor":41,"key":"Singing Bowl"},{"floor":48,"key":"The Courier"}],"event_choices":[{"damage_healed":0,"gold_gain":0,"player_choice":"Ignored","damage_taken":0,"max_hp_gain":0,"max_hp_loss":0,"event_name":"NoteForYourself","floor":4,"gold_loss":0},{"damage_healed":0,"gold_gain":0,"player_choice":"Donut","damage_taken":0,"max_hp_gain":5,"max_hp_loss":0,"event_name":"Big Fish","floor":13,"gold_loss":0},{"cards_removed":["Guardian:Strike_Guardian"],"damage_healed":0,"gold_gain":0,"player_choice":"Forget","damage_taken":0,"max_hp_gain":0,"max_hp_loss":0,"event_name":"Living Wall","floor":14,"gold_loss":0},{"damage_healed":0,"gold_gain":0,"player_choice":"Copied","damage_taken":0,"max_hp_gain":0,"max_hp_loss":0,"event_name":"Duplicator","floor":43,"gold_loss":0,"cards_obtained":["Guardian:ExploitGems"]},{"cards_removed":["Guardian:TemporalShield"],"damage_healed":0,"gold_gain":0,"player_choice":"Removed Skill","damage_taken":0,"max_hp_gain":0,"max_hp_loss":0,"event_name":"Falling","floor":47,"gold_loss":0}],"is_beta":false,"boss_relics":[{"not_picked":["Busted Crown","Cursed Key"],"picked":"SacredBark"},{"not_picked":["Velvet Choker","Runic Pyramid"],"picked":"Tiny House"}],"items_purged_floors":[10],"is_endless":false,"potions_floor_spawned":[11,12,16,21,23,26,33,39,42,45,46],"ascension_level":0}}