{"host":"16bdbdkejmwbwkj8","time":1609618068,"event":{"mods":["BaseMod","Colored Map","Downfall","Minty Spire (QoL Compilation)","StSLib"],"gold_per_floor":[112,130,145,137,156,264,264,292,309,321,338,338,405,481,481,586,586,611,627,61,81,81,81,81],"floor_reached":22,"playtime":3287,"items_purged":["hexamod:Strike"],"score":209,"play_id":"f82ffb35-d99d-491d-b721-a3ff55d8a73e","local_time":"20210102150748","is_ascension_mode":false,"campfire_choices":[{"data":"hexamod:SoulSteal","floor":12,"key":"SMITH"},{"floor":15,"key":"REST"}],"circlet_count":0,"master_deck":["hexamod:Strike","hexamod:Strike","hexamod:Strike","hexamod:Defend","hexamod:Defend","hexamod:Defend","hexamod:Defend","hexamod:Sear","hexamod:Float","hexamod:Hexaguard","hexamod:PhantomFireball","hexamod:HeatShield","hexamod:SecondSeal","hexamod:SwordOfDarkness","hexamod:HeatMetal","hexamod:InspiringFlames","hexamod:HeatCrush","hexamod:SoulSteal+1","hexamod:FourthSeal","hexamod:NecessarySacrifice","hexamod:EmpoweringStance","hexamod:NightmareStrike","hexamod:RadiantFlame","hexamod:ChargedBarrage+1","hexamod:FirstSeal","hexamod:CatchUp","expansioncontent:YouAreMine","hexamod:ThermalTransfer"],"relics":["hexamod:SpiritBrand","downfall:CloakOfManyFaces","CultistMask","FaceOfCleric","NlothsMask","GremlinMask","SsserpentHead","PreservedInsect","SlaversCollar","Pantograph"],"acts_visited":["Exordium","TheCity"],"potions_floor_usage":[6,16,16,18,19],"damage_taken":[{"damage":0,"enemies":"Small Slimes","floor":1,"turns":4},{"damage":1,"enemies":"Jaw Worm","floor":2,"turns":4},{"damage":0,"enemies":"Cultist","floor":3,"turns":3},{"damage":21,"enemies":"Exordium Thugs","floor":5,"turns":6},{"damage":28,"enemies":"downfall:FaceTrader","floor":6,"turns":10},{"damage":0,"enemies":"Large Slime","floor":8,"turns":6},{"damage":2,"enemies":"2 Fungi Beasts","floor":9,"turns":4},{"damage":2,"enemies":"Red Slaver","floor":10,"turns":4},{"damage":2,"enemies":"Lots of Slimes","floor":11,"turns":6},{"damage":2,"enemies":"2 Fungi Beasts","floor":13,"turns":5},{"damage":47,"enemies":"downfall:Silent","floor":16,"turns":9},{"damage":26,"enemies":"Chosen","floor":18,"turns":6},{"damage":27,"enemies":"Snecko","floor":19,"turns":5},{"damage":0,"enemies":"downfall:FleeingMerchant","floor":20,"turns":4},{"damage":25,"enemies":"Snake Plant","floor":21,"turns":4},{"damage":19,"enemies":"Cultist and Chosen","floor":22,"turns":4}],"seed_played":"-4916864886314530520","potions_obtained":[{"floor":1,"key":"Dexterity Potion"},{"floor":5,"key":"hexamod:DoubleChargePotion"},{"floor":8,"key":"FearPotion"},{"floor":11,"key":"FearPotion"},{"floor":16,"key":"Fire Potion"},{"floor":16,"key":"Strength Potion"},{"floor":18,"key":"SmokeBomb"},{"floor":19,"key":"SkillPotion"}],"is_trial":false,"path_per_floor":["M","M","M","?","M","?","T","M","M","M","M","R","M","T","R","B",null,"M","M","$","M","M"],"character_chosen":"THE_SPIRIT","items_purchased":["Pantograph","hexamod:FirstSeal","hexamod:CatchUp","expansioncontent:YouAreMine"],"campfire_rested":1,"item_purchase_floors":[20,20,20,20],"current_hp_per_floor":[77,76,76,76,55,27,27,28,27,26,25,25,24,24,48,2,83,58,32,33,9,0,0,0],"gold":81,"neow_bonus":"TEN_PERCENT_HP_BONUS","is_daily":false,"chose_seed":false,"campfire_upgraded":1,"win_rate":0.0,"timestamp":1609618068,"path_taken":["M","M","M","?","M","?","T","M","M","M","M","R","?","?","R","BOSS","M","M","$","M","M"],"items_purchased_type":["Relic","Card","Card","Card"],"build_version":"2020-12-22","purchased_purges":1,"victory":false,"max_hp_per_floor":[77,77,77,77,77,77,77,78,79,80,81,81,82,82,82,83,83,84,85,86,87,87,87,87],"card_choices":[{"not_picked":["hexamod:Rewind","hexamod:FourthSeal"],"picked":"hexamod:Hexaguard","floor":1},{"not_picked":["hexamod:Firestarter","hexamod:HeatShield"],"picked":"hexamod:PhantomFireball","floor":2},{"not_picked":["hexamod:InspiringFlames","hexamod:RainOfEmbers"],"picked":"hexamod:HeatShield","floor":3},{"not_picked":["hexamod:GhostShield","hexamod:NightmareGuise"],"picked":"hexamod:SwordOfDarkness","floor":5},{"not_picked":["hexamod:Again","hexamod:FastForward"],"picked":"hexamod:HeatMetal","floor":6},{"not_picked":["hexamod:GhostLash","hexamod:BacktrackSmack"],"picked":"hexamod:InspiringFlames","floor":8},{"not_picked":["hexamod:RetreatToShadows","hexamod:PhantomCloak"],"picked":"hexamod:HeatCrush","floor":9},{"not_picked":["hexamod:GhostflameInferno","hexamod:SpectralAdrenaline"],"picked":"hexamod:SoulSteal","floor":10},{"not_picked":["hexamod:ShieldOfDarkness","hexamod:SwordOfDarkness"],"picked":"hexamod:FourthSeal","floor":11},{"not_picked":["hexamod:InspiringFlames","hexamod:GhostShield"],"picked":"hexamod:NecessarySacrifice","floor":13},{"not_picked":["hexamod:TurnItUp","hexamod:TimeWarp"],"picked":"hexamod:EmpoweringStance","floor":16},{"not_picked":["hexamod:FastForward","hexamod:Haunt"],"picked":"hexamod:NightmareStrike","floor":18},{"not_picked":["hexamod:RainOfEmbers","hexamod:SecondSeal"],"picked":"hexamod:RadiantFlame","floor":19},{"not_picked":["hexamod:InspiringFlames+1","hexamod:CrushingStance"],"picked":"hexamod:ChargedBarrage+1","floor":20},{"not_picked":["hexamod:Rewind","hexamod:GhostOfSpirePresent"],"picked":"hexamod:ThermalTransfer","floor":21}],"player_experience":92516,"relics_obtained":[{"floor":6,"key":"downfall:CloakOfManyFaces"},{"floor":14,"key":"PreservedInsect"}],"event_choices":[],"is_beta":false,"boss_relics":[{"not_picked":["Sozu","Tiny House"],"picked":"SlaversCollar"}],"items_purged_floors":[20],"is_endless":false,"potions_floor_spawned":[1,5,8,11,16,19,21],"killed_by":"Cultist and Chosen","ascension_level":0}}