{"host":"pyvkqaq4yb2dtxwu","time":1609621635,"event":{"mods":["AchievementEnabler","BaseMod","Colored Map","Colored Powertips","DeckTracker","Minty Spire (QoL Compilation)"],"gold_per_floor":[112,128,147,159,175,175,76,88,88,121,121,132,9,184,184,288,288,308,308,290,319,64,64,64,82,130,145,163,163,181,195,195,292,292,305,62,81,99,99,131,131,146,172,172,172],"floor_reached":44,"playtime":5285,"items_purged":["Defend_B","Doubt"],"score":471,"play_id":"64d61fdf-3778-487f-883d-1194adac18a4","local_time":"20210102130715","is_ascension_mode":false,"campfire_choices":[{"data":"Defragment","floor":6,"key":"SMITH"},{"data":"1","floor":11,"key":"LIFT"},{"data":"Loop","floor":15,"key":"SMITH"},{"floor":23,"key":"REST"},{"floor":29,"key":"REST"},{"floor":32,"key":"REST"},{"floor":41,"key":"REST"}],"circlet_count":0,"master_deck":["Strike_B+1","Strike_B","Strike_B+1","Defend_B","Zap","Dualcast","Defragment+1","Leap","Steam","Conserve Battery","Coolheaded","Ball Lightning","Redo","Turbo","Defragment","Coolheaded","Loop+1","Hyperbeam","CurseOfTheBell","Rebound+1","Steam","Turbo+1","Writhe","Glacier+1","Capacitor","Core Surge","Hologram+1","BootSequence+1","Skim+1","Leap+1","Cold Snap+1"],"relics":["Cracked Core","Girya","Whetstone","Calling Bell","Pocketwatch","Gremlin Horn","Blood Vial","Red Mask","Bottled Lightning","Pear","MealTicket","Astrolabe","OrangePellets","FossilizedHelix","Toy Ornithopter"],"acts_visited":["Exordium","TheCity","TheBeyond"],"potions_floor_usage":[16,33,33,40],"damage_taken":[{"damage":1,"enemies":"Jaw Worm","floor":1,"turns":3},{"damage":0,"enemies":"Small Slimes","floor":2,"turns":3},{"damage":0,"enemies":"Cultist","floor":3,"turns":4},{"damage":1,"enemies":"Blue Slaver","floor":4,"turns":5},{"damage":5,"enemies":"Large Slime","floor":5,"turns":8},{"damage":0,"enemies":"Red Slaver","floor":8,"turns":3},{"damage":13,"enemies":"Lagavulin","floor":10,"turns":5},{"damage":0,"enemies":"2 Fungi Beasts","floor":12,"turns":2},{"damage":26,"enemies":"Hexaghost","floor":16,"turns":8},{"damage":0,"enemies":"Chosen","floor":18,"turns":5},{"damage":22,"enemies":"2 Thieves","floor":20,"turns":4},{"damage":4,"enemies":"Masked Bandits","floor":21,"turns":3},{"damage":14,"enemies":"Shelled Parasite and Fungi","floor":25,"turns":8},{"damage":11,"enemies":"Centurion and Healer","floor":27,"turns":12},{"damage":12,"enemies":"Snake Plant","floor":28,"turns":4},{"damage":0,"enemies":"Snecko","floor":30,"turns":6},{"damage":28,"enemies":"3 Cultists","floor":31,"turns":6},{"damage":14,"enemies":"Collector","floor":33,"turns":11},{"damage":0,"enemies":"3 Shapes","floor":35,"turns":3},{"damage":19,"enemies":"Orb Walker","floor":37,"turns":4},{"damage":25,"enemies":"Sphere and 2 Shapes","floor":38,"turns":6},{"damage":56,"enemies":"Reptomancer","floor":40,"turns":9},{"damage":6,"enemies":"Jaw Worm Horde","floor":42,"turns":9},{"damage":33,"enemies":"3 Darklings","floor":44,"turns":4}],"seed_played":"43772014249520163","potions_obtained":[{"floor":2,"key":"SpeedPotion"},{"floor":3,"key":"FocusPotion"},{"floor":4,"key":"Weak Potion"},{"floor":12,"key":"Swift Potion"},{"floor":16,"key":"Strength Potion"},{"floor":31,"key":"FocusPotion"},{"floor":33,"key":"SteroidPotion"},{"floor":35,"key":"DistilledChaos"},{"floor":42,"key":"FearPotion"}],"is_trial":false,"path_per_floor":["M","M","M","M","M","R","$","M","T","E","R","M","$","?","R","B",null,"M","?","M","?","$","R","?","M","T","M","M","R","M","M","R","B",null,"M","$","M","M","?","E","R","M","T","M"],"character_chosen":"DEFECT","items_purchased":["Ball Lightning","Coolheaded","Loop","Bottled Lightning","OrangePellets"],"campfire_rested":4,"item_purchase_floors":[7,13,13,22,36],"current_hp_per_floor":[81,81,81,80,75,75,75,75,75,62,62,62,62,62,62,36,82,82,66,46,44,44,70,80,68,68,59,49,78,80,54,83,71,97,97,97,78,55,55,1,30,26,26,0,0],"gold":172,"neow_bonus":"TEN_PERCENT_HP_BONUS","is_daily":false,"chose_seed":false,"campfire_upgraded":2,"win_rate":0.0,"timestamp":1609621635,"path_taken":["M","M","M","M","M","R","$","M","T","E","R","M","$","?","R","BOSS","M","?","M","?","$","R","?","?","T","M","M","R","M","M","R","BOSS","M","$","M","M","?","E","R","M","T","M"],"items_purchased_type":["Card","Card","Card","Relic","Relic"],"build_version":"2020-12-22","purchased_purges":2,"victory":false,"max_hp_per_floor":[82,82,82,82,82,82,82,82,82,82,82,82,82,82,82,82,82,82,87,87,87,87,87,97,97,97,97,97,97,97,97,97,97,97,97,97,97,97,97,97,97,97,97,97,97],"card_choices":[{"not_picked":["Turbo","Scrape"],"picked":"Defragment","floor":1},{"not_picked":["Rip and Tear","Go for the Eyes"],"picked":"Leap","floor":2},{"not_picked":["Sweeping Beam","Conserve Battery"],"picked":"Steam","floor":3},{"not_picked":["Sweeping Beam","Compile Driver"],"picked":"Conserve Battery","floor":4},{"not_picked":["Force Field","Fission"],"picked":"Coolheaded","floor":5},{"not_picked":["Barrage","Hello World"],"picked":"Redo","floor":8},{"not_picked":["Beam Cell","Streamline"],"picked":"Turbo","floor":10},{"not_picked":["Chaos","Streamline"],"picked":"Defragment","floor":12},{"not_picked":["All For One","Thunder Strike"],"picked":"Hyperbeam","floor":16},{"not_picked":["Rip and Tear","Turbo"],"picked":"Rebound+1","floor":18},{"not_picked":["Redo","Go for the Eyes"],"picked":"Steam","floor":20},{"not_picked":["Consume","Reinforced Body"],"picked":"Turbo+1","floor":21},{"not_picked":["Turbo","Steam Power","Conserve Battery+1"],"picked":"SKIP","floor":25},{"not_picked":["Defragment","Coolheaded"],"picked":"Glacier+1","floor":27},{"not_picked":["Streamline","Coolheaded"],"picked":"Capacitor","floor":28},{"not_picked":["Rebound","Genetic Algorithm","Redo+1"],"picked":"SKIP","floor":30},{"not_picked":["All For One","Defragment","Gash+1"],"picked":"SKIP","floor":31},{"not_picked":["Multi-Cast","Amplify"],"picked":"Core Surge","floor":33},{"not_picked":["Fusion+1","Streamline+1"],"picked":"Leap+1","floor":35},{"not_picked":["Compile Driver","Conserve Battery","Ball Lightning"],"picked":"SKIP","floor":37},{"not_picked":["Recycle","Redo"],"picked":"Cold Snap+1","floor":38},{"not_picked":["Hologram+1","Conserve Battery","Heatsinks"],"picked":"SKIP","floor":40},{"not_picked":["Steam","Go for the Eyes","All For One"],"picked":"SKIP","floor":42}],"player_experience":100433,"relics_obtained":[{"floor":9,"key":"Girya"},{"floor":10,"key":"Whetstone"},{"floor":17,"key":"Pocketwatch"},{"floor":17,"key":"Gremlin Horn"},{"floor":17,"key":"Blood Vial"},{"floor":21,"key":"Red Mask"},{"floor":26,"key":"MealTicket"},{"floor":40,"key":"FossilizedHelix"},{"floor":43,"key":"Toy Ornithopter"}],"event_choices":[{"damage_healed":0,"gold_gain":175,"player_choice":"AGREE","damage_taken":0,"max_hp_gain":0,"max_hp_loss":0,"event_name":"Liars Game","floor":14,"gold_loss":0,"cards_obtained":["Doubt"]},{"damage_healed":0,"gold_gain":0,"player_choice":"Shed Blood","damage_taken":21,"max_hp_gain":5,"max_hp_loss":0,"event_name":"Forgotten Altar","floor":19,"gold_loss":0},{"damage_healed":0,"gold_gain":0,"player_choice":"Fought Bandits","damage_taken":0,"max_hp_gain":0,"max_hp_loss":0,"event_name":"Masked Bandits","floor":21,"gold_loss":0},{"damage_healed":0,"gold_gain":0,"player_choice":"Opened","damage_taken":0,"relics_obtained":["Pear"],"max_hp_gain":0,"max_hp_loss":0,"event_name":"The Mausoleum","floor":24,"gold_loss":0,"cards_obtained":["Writhe"]},{"damage_healed":0,"gold_gain":0,"player_choice":"Memory 1","damage_taken":0,"max_hp_gain":0,"max_hp_loss":0,"event_name":"SensoryStone","floor":39,"gold_loss":0}],"is_beta":false,"boss_relics":[{"not_picked":["Snecko Eye","SlaversCollar"],"picked":"Calling Bell"},{"not_picked":["FrozenCore","Velvet Choker"],"picked":"Astrolabe"}],"items_purged_floors":[7,36],"is_endless":false,"potions_floor_spawned":[2,3,4,12,16,21,28,31,33,35,42],"killed_by":"3 Darklings","ascension_level":0}}