{"host":"2461dio7vetlq1z3","time":1609629983,"event":{"mods":["2.2 Compatiblity","AchievementEnabler","Aspiration","BaseMod","Better Third Choice","Friendly Minions","Hubris","Minty Spire (QoL Compilation)","Relic Stats","Replay The Spire","Spicy Shops","StSLib","Waifu the Spire"],"gold_per_floor":[109,119,119,131,25,25,50,50,77,89,101,101,26,61,61,61,61],"floor_reached":16,"playtime":531,"items_purged":["Pain"],"score":245,"play_id":"fe201740-1249-4a0d-8d22-ce403c4945fe","local_time":"20210103002623","is_ascension_mode":true,"campfire_choices":[{"data":"Crystallizer","floor":6,"key":"SMITH"},{"floor":8,"key":"REST"}],"circlet_count":0,"master_deck":["AscendersBane","Strike_B","Strike_B","Defend_B","Defend_B","Defend_B","Zap","Dualcast","Cold Snap","Crystallizer+1","Coolheaded","Rebound","Ball Lightning","Panic Button","Compile Driver","BasicCrystalCard","Core Surge"],"relics":["Cracked Core","WarpedTongs","Replay:Ringing Soul","PreservedInsect","FossilizedHelix","Prayer Wheel"],"acts_visited":["Exordium"],"potions_floor_usage":[16],"damage_taken":[{"damage":2,"enemies":"Cultist","floor":1,"turns":4},{"damage":11,"enemies":"2 Louse","floor":2,"turns":2},{"damage":9,"enemies":"Jaw Worm","floor":4,"turns":3},{"damage":41,"enemies":"Gremlin Nob","floor":7,"turns":4},{"damage":8,"enemies":"2 Fungi Beasts","floor":10,"turns":3},{"damage":0,"enemies":"Large Slime","floor":11,"turns":4},{"damage":6,"enemies":"Lagavulin","floor":14,"turns":6},{"damage":40,"enemies":"Hexaghost","floor":16,"turns":9}],"seed_played":"-5741515249988248810","potions_obtained":[{"floor":4,"key":"EssenceOfDarkness"},{"floor":7,"key":"SteroidPotion"},{"floor":14,"key":"Fruit Juice"}],"is_trial":false,"path_per_floor":["M","M","?","M","$","R","E","R","T","M","M","?","?","E","R","B"],"character_chosen":"DEFECT","items_purchased":["Rebound"],"campfire_rested":1,"item_purchase_floors":[5],"current_hp_per_floor":[69,58,58,49,49,49,11,35,35,30,33,33,33,30,33,0,0],"gold":61,"neow_bonus":"TEN_PERCENT_HP_BONUS","is_daily":false,"chose_seed":false,"campfire_upgraded":1,"win_rate":0.0,"timestamp":1609629983,"path_taken":["M","M","?","M","$","R","E","R","T","?","M","?","?","E","R","BOSS"],"items_purchased_type":["Card"],"build_version":"2020-12-22","purchased_purges":1,"victory":false,"max_hp_per_floor":[78,78,78,78,78,78,81,81,81,84,87,87,87,90,93,96,96],"relic_stats":{"counters":[8,35],"Prayer Wheel":0,"PreservedInsect":28,"obtain_stats":[{"Replay:Ringing Soul":7,"Prayer Wheel":16,"PreservedInsect":9,"Cracked Core":0,"FossilizedHelix":14,"WarpedTongs":3},{"Replay:Ringing Soul":4,"Prayer Wheel":8,"PreservedInsect":4,"Cracked Core":0,"FossilizedHelix":7,"WarpedTongs":2},{"Replay:Ringing Soul":13,"Prayer Wheel":28,"PreservedInsect":13,"Cracked Core":0,"FossilizedHelix":26,"WarpedTongs":6}],"WarpedTongs":[29]},"card_choices":[{"not_picked":["Leap","Turbo"],"picked":"Cold Snap","floor":1},{"not_picked":["Panic Button","Steam"],"picked":"Crystallizer","floor":2},{"not_picked":["Turbo","Conserve Battery"],"picked":"Coolheaded","floor":4},{"not_picked":["Cold Snap","Thunder Strike"],"picked":"Ball Lightning","floor":7},{"not_picked":["Leap","Scrape"],"picked":"Panic Button","floor":10},{"not_picked":["Stack","Hello World"],"picked":"Compile Driver","floor":11},{"not_picked":["Chaos","Blizzard"],"picked":"ReplayTheSpireMod:Fabricate Wheel","floor":14}],"player_experience":1028748,"relics_obtained":[{"floor":7,"key":"Replay:Ringing Soul"},{"floor":9,"key":"PreservedInsect"},{"floor":14,"key":"FossilizedHelix"}],"event_choices":[{"damage_healed":0,"gold_gain":0,"player_choice":"Rummage","damage_taken":0,"relics_obtained":["WarpedTongs"],"max_hp_gain":0,"max_hp_loss":0,"event_name":"Accursed Blacksmith","floor":3,"gold_loss":0,"cards_obtained":["Pain"]},{"cards_removed":["Strike_B"],"damage_healed":0,"gold_gain":0,"player_choice":"Card Removal","damage_taken":0,"max_hp_gain":0,"max_hp_loss":0,"event_name":"The Cleric","floor":13,"gold_loss":75}],"is_beta":false,"boss_relics":[],"items_purged_floors":[5],"is_endless":false,"potions_floor_spawned":[4,7,14],"killed_by":"Hexaghost","ascension_level":20}}