{"host":"8x4ftax38aqx1o08","time":1609598168,"event":{"mods":["BaseMod","Bestiary","Colored Map","Colored Powertips","Curses Come First","Minty Spire (QoL Compilation)","StSLib","everything is the same but u backflip on backflip"],"gold_per_floor":[118,133,150,170,170,198,198,225,237,261,43,100,125,144,144,249,249,204,204,204,204,50,50,50,50,50,50,50,50,50,50,50,50,50,50,50,50,50,50,50,50,50,50,50,50,50,50,50,50,50,50,50,2,2,2,2],"floor_reached":55,"playtime":3871,"items_purged":["Strike_R"],"score":987,"play_id":"c5a339f3-d282-4bfb-b1b1-f5e6e4d8426a","local_time":"20210102153608","is_ascension_mode":true,"campfire_choices":[{"data":"Armaments","floor":7,"key":"SMITH"},{"data":"Demon Form","floor":15,"key":"SMITH"},{"floor":32,"key":"REST"},{"floor":47,"key":"REST"},{"floor":49,"key":"RECALL"},{"floor":52,"key":"REST"}],"circlet_count":0,"master_deck":["Strike_R","Defend_R","Defend_R","Defend_R","Bash","Dark Embrace+1","Barricade+1","Pommel Strike+1","Armaments","Armaments+1","Shockwave+1","Metallicize+1","Intimidate","Anger","Inflame","Demon Form+1","Cleave+1","Body Slam","Shrug It Off","Whirlwind","True Grit+1","Ghostly Armor","Inflame+1","Heavy Blade","Entrench","Immolate","Anger+1","Finesse","Madness","Perfected Strike","Pummel+1","Dropkick"],"relics":["Astrolabe","Red Skull","MawBank","Gremlin Horn","Lee\u0027s Waffle","Ice Cream","Bag of Preparation","Ectoplasm","Lantern","Bottled Tornado","Frozen Egg 2","Bottled Lightning","Mercury Hourglass","Busted Crown","Lizard Tail","Paper Frog","Blue Candle","Ornamental Fan"],"acts_visited":["Exordium","TheCity","TheBeyond","TheEnding"],"potions_floor_usage":[6,13,19,20,30,33,33,37,42,44,55,55,55],"damage_taken":[{"damage":3,"enemies":"Jaw Worm","floor":1,"turns":5},{"damage":9,"enemies":"2 Louse","floor":2,"turns":4},{"damage":9,"enemies":"Small Slimes","floor":3,"turns":5},{"damage":10,"enemies":"Exordium Thugs","floor":4,"turns":8},{"damage":1,"enemies":"Lagavulin","floor":6,"turns":9},{"damage":29,"enemies":"Gremlin Nob","floor":8,"turns":6},{"damage":5,"enemies":"Red Slaver","floor":10,"turns":4},{"damage":11,"enemies":"Lagavulin Event","floor":12,"turns":7},{"damage":5,"enemies":"3 Sentries","floor":13,"turns":9},{"damage":14,"enemies":"2 Fungi Beasts","floor":14,"turns":3},{"damage":14,"enemies":"Hexaghost","floor":16,"turns":6},{"damage":14,"enemies":"2 Thieves","floor":18,"turns":4},{"damage":5,"enemies":"Shell Parasite","floor":19,"turns":4},{"damage":5,"enemies":"3 Cultists","floor":20,"turns":5},{"damage":25,"enemies":"Centurion and Healer","floor":21,"turns":3},{"damage":0,"enemies":"Gremlin Leader","floor":23,"turns":4},{"damage":0,"enemies":"Cultist and Chosen","floor":24,"turns":4},{"damage":0,"enemies":"Book of Stabbing","floor":25,"turns":7},{"damage":4,"enemies":"Chosen and Byrds","floor":27,"turns":4},{"damage":5,"enemies":"Gremlin Leader","floor":28,"turns":6},{"damage":6,"enemies":"Snecko","floor":29,"turns":5},{"damage":15,"enemies":"Snake Plant","floor":30,"turns":4},{"damage":0,"enemies":"Shelled Parasite and Fungi","floor":31,"turns":2},{"damage":7,"enemies":"Collector","floor":33,"turns":9},{"damage":11,"enemies":"3 Darklings","floor":35,"turns":5},{"damage":0,"enemies":"3 Shapes","floor":36,"turns":1},{"damage":22,"enemies":"Spire Growth","floor":37,"turns":6},{"damage":32,"enemies":"Writhing Mass","floor":39,"turns":6},{"damage":5,"enemies":"Giant Head","floor":40,"turns":7},{"damage":5,"enemies":"Reptomancer","floor":42,"turns":3},{"damage":0,"enemies":"3 Darklings","floor":44,"turns":1},{"damage":0,"enemies":"Giant Head","floor":45,"turns":7},{"damage":0,"enemies":"Maw","floor":46,"turns":5},{"damage":85,"enemies":"Donu and Deca","floor":50,"turns":7},{"damage":56,"enemies":"Shield and Spear","floor":54,"turns":4},{"damage":42,"enemies":"The Heart","floor":55,"turns":2}],"seed_played":"-8361738360097321184","potions_obtained":[{"floor":2,"key":"Regen Potion"},{"floor":3,"key":"Explosive Potion"},{"floor":10,"key":"Energy Potion"},{"floor":12,"key":"SkillPotion"},{"floor":13,"key":"Dexterity Potion"},{"floor":19,"key":"Fire Potion"},{"floor":20,"key":"Dexterity Potion"},{"floor":23,"key":"PowerPotion"},{"floor":31,"key":"GamblersBrew"},{"floor":33,"key":"SteroidPotion"},{"floor":35,"key":"GamblersBrew"},{"floor":36,"key":"SkillPotion"},{"floor":37,"key":"Fruit Juice"},{"floor":42,"key":"DistilledChaos"},{"floor":44,"key":"LiquidBronze"}],"is_trial":false,"path_per_floor":["M","M","M","M","?","E","R","E","T","M","$","?","E","M","R","B",null,"M","M","M","M","$","E","M","E","T","M","E","M","M","M","R","B",null,"M","M","M","?","M","E","?","E","T","M","E","M","R","$","R","B",null,"R","$","E","B"],"character_chosen":"IRONCLAD","items_purchased":["Lee\u0027s Waffle","Lantern","PowerPotion"],"campfire_rested":3,"item_purchase_floors":[11,22,53],"current_hp_per_floor":[77,68,59,49,33,47,47,18,18,13,87,76,71,57,57,43,87,73,68,63,38,38,38,38,38,38,34,29,23,8,8,34,27,87,76,76,54,44,12,7,7,7,7,7,7,7,34,34,34,8,92,92,92,36,0,0],"gold":2,"neow_bonus":"BOSS_RELIC","is_daily":false,"chose_seed":false,"campfire_upgraded":2,"win_rate":0.0,"timestamp":1609598168,"path_taken":["M","M","M","M","?","E","R","E","T","M","$","?","E","M","R","BOSS","M","M","M","M","$","E","M","E","T","M","E","M","M","M","R","BOSS","M","M","M","?","M","E","?","E","T","?","E","M","R","?","R","BOSS","R","$","E","BOSS"],"items_purchased_type":["Relic","Relic","Potion"],"build_version":"2020-12-22","purchased_purges":1,"victory":false,"max_hp_per_floor":[80,80,80,80,80,80,80,80,80,80,87,87,87,87,87,87,87,87,87,87,87,87,87,87,87,87,87,87,87,87,87,87,87,87,87,87,87,87,87,87,87,92,92,92,92,92,92,92,92,92,92,92,92,92,92,92],"card_choices":[{"not_picked":["Warcry","Inflame"],"picked":"Armaments","floor":1},{"not_picked":["Perfected Strike","Clash"],"picked":"Armaments","floor":2},{"not_picked":["Headbutt","True Grit"],"picked":"Shockwave","floor":3},{"not_picked":["Wild Strike","Iron Wave"],"picked":"Metallicize","floor":4},{"not_picked":["Sword Boomerang","Searing Blow"],"picked":"Intimidate","floor":6},{"not_picked":["Hemokinesis","Thunderclap","Intimidate"],"picked":"SKIP","floor":8},{"not_picked":["Twin Strike","Clothesline"],"picked":"Anger","floor":10},{"not_picked":["Searing Blow","Rage"],"picked":"Inflame","floor":12},{"not_picked":["Second Wind","Perfected Strike"],"picked":"Demon Form","floor":13},{"not_picked":["Twin Strike","Cleave","Anger"],"picked":"SKIP","floor":14},{"not_picked":["Battle Trance","Clash"],"picked":"Cleave+1","floor":18},{"not_picked":["Blood for Blood","Thunderclap","Feel No Pain"],"picked":"SKIP","floor":19},{"not_picked":["Shockwave+1","Thunderclap"],"picked":"Body Slam","floor":20},{"not_picked":["Headbutt","Warcry"],"picked":"Shrug It Off","floor":21},{"not_picked":["Fiend Fire","Uppercut"],"picked":"Whirlwind","floor":23},{"not_picked":["Carnage+1","Rampage+1"],"picked":"True Grit+1","floor":24},{"not_picked":["Flex","Shockwave"],"picked":"Ghostly Armor","floor":25},{"not_picked":["Searing Blow+1","Dark Embrace+1"],"picked":"Inflame+1","floor":27},{"not_picked":["Cleave+1","Wild Strike"],"picked":"Heavy Blade","floor":28},{"not_picked":["Dual Wield+1","Warcry+1","Body Slam"],"picked":"SKIP","floor":29},{"not_picked":["True Grit","Body Slam","Twin Strike+1"],"picked":"SKIP","floor":30},{"not_picked":["Spot Weakness+1","Cleave"],"picked":"Entrench","floor":31},{"not_picked":["Fiend Fire","Corruption+1"],"picked":"Immolate","floor":33},{"not_picked":["Headbutt+1"],"picked":"SKIP","floor":35},{"not_picked":["Headbutt"],"picked":"SKIP","floor":36},{"not_picked":[],"picked":"Anger+1","floor":37},{"not_picked":[],"picked":"Finesse","floor":38},{"not_picked":[],"picked":"Madness","floor":38},{"not_picked":["Clash+1"],"picked":"SKIP","floor":39},{"not_picked":["Warcry+1"],"picked":"SKIP","floor":40},{"not_picked":[],"picked":"Pummel+1","floor":42},{"not_picked":["Carnage+1"],"picked":"SKIP","floor":44},{"not_picked":[],"picked":"Dropkick","floor":45},{"not_picked":["Carnage+1"],"picked":"SKIP","floor":46},{"not_picked":["Feel No Pain+1"],"picked":"SKIP","floor":54}],"player_experience":200552,"relics_obtained":[{"floor":6,"key":"Red Skull"},{"floor":8,"key":"MawBank"},{"floor":9,"key":"Gremlin Horn"},{"floor":12,"key":"Ice Cream"},{"floor":13,"key":"Bag of Preparation"},{"floor":23,"key":"Bottled Tornado"},{"floor":25,"key":"Frozen Egg 2"},{"floor":26,"key":"Bottled Lightning"},{"floor":28,"key":"Mercury Hourglass"},{"floor":40,"key":"Lizard Tail"},{"floor":42,"key":"Paper Frog"},{"floor":45,"key":"Blue Candle"},{"floor":54,"key":"Ornamental Fan"}],"event_choices":[{"damage_healed":0,"gold_gain":0,"player_choice":"Entered Light","damage_taken":16,"max_hp_gain":0,"max_hp_loss":0,"event_name":"Shining Light","floor":5,"gold_loss":0,"cards_upgraded":["Metallicize","Shockwave"]},{"damage_healed":0,"gold_gain":0,"player_choice":"Searched \u00271\u0027 times","damage_taken":0,"max_hp_gain":0,"max_hp_loss":0,"event_name":"Dead Adventurer","floor":12,"gold_loss":0},{"damage_healed":0,"gold_gain":0,"player_choice":"Memory 3","damage_taken":10,"max_hp_gain":0,"max_hp_loss":0,"event_name":"SensoryStone","floor":38,"gold_loss":0},{"damage_healed":0,"gold_gain":0,"cards_transformed":["Strike_R"],"player_choice":"Transformed","damage_taken":0,"max_hp_gain":0,"max_hp_loss":0,"event_name":"Transmorgrifier","floor":41,"gold_loss":0,"cards_obtained":["Perfected Strike"]}],"is_beta":false,"boss_relics":[{"not_picked":["Empty Cage","Tiny House"],"picked":"Ectoplasm"},{"not_picked":["Runic Pyramid","Pandora\u0027s Box"],"picked":"Busted Crown"}],"items_purged_floors":[11],"is_endless":false,"potions_floor_spawned":[2,3,10,12,13,19,20,23,28,31,33,35,36,37,42,44],"killed_by":"The Heart","ascension_level":2}}