{"host":"m2106ztvmcgfoyc9","time":1609598376,"event":{"mods":["BaseMod","Minty Spire (QoL Compilation)","Relic Stats"],"gold_per_floor":[116,126,136,56,74,74,107,126,126,157,157,27,27,46,46,117,117,131,154,154,171,186,220,233,262,298,343,355,387,429,123,123,195,195,215,1214,560,572,590,618,618,644,644,644,644,644,644,655,655,655,655,655,655,39,74,74],"floor_reached":57,"playtime":2851,"items_purged":["Defend_R","Defend_R","Defend_R"],"score":3500,"play_id":"a7688fd0-ab6e-4811-a103-9bb5dbeaf778","local_time":"20210102153936","is_ascension_mode":true,"campfire_choices":[{"data":"Whirlwind","floor":11.0,"key":"SMITH"},{"data":"Perfected Strike","floor":13.0,"key":"SMITH"},{"data":"Anger","floor":15,"key":"SMITH"},{"floor":28,"key":"REST"},{"data":"Impervious","floor":32,"key":"SMITH"},{"floor":41,"key":"RECALL"},{"data":"Impervious","floor":44,"key":"SMITH"},{"data":"Disarm","floor":46,"key":"SMITH"},{"data":"Impervious","floor":49,"key":"SMITH"},{"data":"Battle Trance","floor":53,"key":"SMITH"}],"circlet_count":0,"master_deck":["AscendersBane","Strike_R","Strike_R+1","Strike_R","Strike_R","Strike_R+1","Defend_R+1","Bash","Headbutt","Whirlwind+1","Perfected Strike+1","Armaments+1","Impervious+1","Anger+1","Thunderclap","Impervious+1","Impervious+1","Feed","Disarm+1","Battle Trance+1","Spot Weakness+1","Exhume+1","Shrug It Off+1","Shockwave+1","Body Slam+1","Perfected Strike+1","Entrench+1","Battle Trance+1","Headbutt+1","Disarm+1","True Grit+1"],"relics":["Black Star","The Courier","StoneCalendar","Incense Burner","Calipers","HornCleat","DollysMirror","Velvet Choker","Anchor","Happy Flower","Toxic Egg 2","MawBank","Boot","Eternal Feather","Centennial Puzzle","Molten Egg 2","Oddly Smooth Stone","Omamori","Busted Crown","Lantern","Bag of Marbles","Strawberry","Lee\u0027s Waffle","Singing Bowl","Ice Cream","Art of War","Bronze Scales","CaptainsWheel","Membership Card","War Paint","Pen Nib","Pear","Akabeko","Whetstone","Red Skull","Bottled Lightning"],"acts_visited":["Exordium","TheCity","TheBeyond","TheEnding"],"potions_floor_usage":[23,27,27,30,42,51,56],"damage_taken":[{"damage":18.0,"enemies":"Cultist","floor":1.0,"turns":5.0},{"damage":7.0,"enemies":"2 Louse","floor":2.0,"turns":3.0},{"damage":10.0,"enemies":"Small Slimes","floor":3.0,"turns":3.0},{"damage":7.0,"enemies":"2 Fungi Beasts","floor":5.0,"turns":4.0},{"damage":8.0,"enemies":"Gremlin Nob","floor":7.0,"turns":3.0},{"damage":10.0,"enemies":"3 Louse","floor":8.0,"turns":3.0},{"damage":20.0,"enemies":"Lagavulin","floor":10.0,"turns":6.0},{"damage":0.0,"enemies":"Large Slime","floor":14.0,"turns":7.0},{"damage":0,"enemies":"Slime Boss","floor":16,"turns":7},{"damage":0,"enemies":"Chosen","floor":18,"turns":3},{"damage":0,"enemies":"Shell Parasite","floor":21,"turns":3},{"damage":9,"enemies":"Snake Plant","floor":22,"turns":6},{"damage":8,"enemies":"Gremlin Leader","floor":23,"turns":5},{"damage":0,"enemies":"3 Cultists","floor":24,"turns":4},{"damage":0,"enemies":"Slavers","floor":25,"turns":5},{"damage":49,"enemies":"Gremlin Leader","floor":27,"turns":7},{"damage":0,"enemies":"Shelled Parasite and Fungi","floor":29,"turns":5},{"damage":0,"enemies":"Slavers","floor":30,"turns":3},{"damage":0,"enemies":"Automaton","floor":33,"turns":6},{"damage":0,"enemies":"Orb Walker","floor":35,"turns":2},{"damage":0,"enemies":"3 Darklings","floor":38,"turns":3},{"damage":0,"enemies":"Maw","floor":39,"turns":3},{"damage":0,"enemies":"Nemesis","floor":40,"turns":5},{"damage":0,"enemies":"Reptomancer","floor":42,"turns":7},{"damage":0,"enemies":"Transient","floor":48,"turns":6},{"damage":0,"enemies":"Time Eater","floor":50,"turns":7},{"damage":9,"enemies":"Awakened One","floor":51,"turns":7},{"damage":18,"enemies":"Shield and Spear","floor":55,"turns":5},{"damage":0,"enemies":"The Heart","floor":56,"turns":9}],"seed_played":"5890742024545980621","potions_obtained":[{"floor":5.0,"key":"Energy Potion"},{"floor":7.0,"key":"LiquidBronze"},{"floor":10.0,"key":"Regen Potion"},{"floor":14.0,"key":"DistilledChaos"},{"floor":18,"key":"SteroidPotion"},{"floor":24,"key":"Swift Potion"},{"floor":29,"key":"AttackPotion"},{"floor":30,"key":"SteroidPotion"},{"floor":35,"key":"AttackPotion"},{"floor":48,"key":"BloodPotion"}],"is_trial":false,"path_per_floor":["M","M","M","$","M","?","E","M","T","E","R","$","R","M","R","B",null,"M","T","?","M","M","E","M","E","T","E","R","M","E","$","R","B",null,"M","?","$","M","M","E","R","E","T","R","?","R","?","M","R","B","B",null,"R","$","E","B",null],"character_chosen":"IRONCLAD","items_purchased":["Perfected Strike","Armaments","DollysMirror","Body Slam+1","Omamori","Perfected Strike+1","Entrench+1","Battle Trance+1","Lantern","Bag of Marbles","Strawberry","Lee\u0027s Waffle","Membership Card","War Paint","True Grit+1","DistilledChaos","Dexterity Potion","Pen Nib","Pear","Akabeko","Whetstone"],"campfire_rested":1,"item_purchase_floors":[4,4,12,31,31,31,31,37,37,37,37,37,54,54,54,54,54,54,54,54,54],"current_hp_per_floor":[50,43,33,33,26,75,67,57,57,37,37,37,37,37,37,37,66,66,66,60,60,54,49,52,52,52,12,52,55,58,58,76,79,90,90,90,107,107,110,110,110,112,112,112,114,114,114,116,116,116,110,117,119,129,116,116],"gold":74,"neow_bonus":"BOSS_RELIC","is_daily":false,"chose_seed":false,"campfire_upgraded":8,"win_rate":0.0,"timestamp":1609598376,"path_taken":["M","M","?","$","M","?","E","M","T","E","R","$","R","M","R","BOSS","M","?","?","M","M","E","M","E","T","E","R","?","E","?","R","BOSS","M","?","$","M","M","E","R","E","T","R","?","R","?","M","R","BOSS","BOSS","R","$","E","BOSS"],"items_purchased_type":["Card","Card","Relic","Card","Relic","Card","Card","Card","Relic","Relic","Relic","Relic","Relic","Relic","Card","Potion","Potion","Relic","Relic","Relic","Relic"],"build_version":"2020-12-22","purchased_purges":3,"victory":true,"max_hp_per_floor":[75,75,75,75,75,75,75,75,75,75,75,75,75,75,75,75,75,75,75,75,75,78,81,84,84,84,84,84,87,90,90,90,93,93,93,93,107,107,110,110,110,112,112,112,114,114,114,116,116,116,119,119,119,129,134,134],"relic_stats":{"Lee\u0027s Waffle":10,"Happy Flower":[28],"Singing Bowl":8,"counters":[29,142],"StoneCalendar":[170],"Eternal Feather":35,"Pen Nib":[2],"Whetstone":["Strike_R","Strike_R"],"War Paint":["Defend_R","Armaments"],"MawBank":72,"Boot":[27],"Centennial Puzzle":[6],"Busted Crown":16,"Bronze Scales":[231],"Black Star":9,"Art of War":[3],"obtain_stats":[{"Ice Cream":40,"Lantern":37,"Calipers":10,"Singing Bowl":40,"StoneCalendar":7,"Incense Burner":9,"Whetstone":54,"Boot":25,"Burning Blood":0,"Centennial Puzzle":27,"HornCleat":10,"DollysMirror":12,"Strawberry":37,"Toxic Egg 2":23,"Red Skull":55,"Lee\u0027s Waffle":37,"Pear":54,"Happy Flower":23,"Velvet Choker":17,"Oddly Smooth Stone":30,"Eternal Feather":27,"The Courier":7,"Pen Nib":54,"Omamori":31,"War Paint":54,"MawBank":25,"Akabeko":54,"Anchor":19,"CaptainsWheel":43,"Busted Crown":34,"Bronze Scales":42,"Molten Egg 2":30,"Black Star":0,"Bag of Marbles":37,"Art of War":42,"Membership Card":54,"Bottled Lightning":55},{"Ice Cream":23,"Lantern":20,"Calipers":7,"Singing Bowl":23,"StoneCalendar":5,"Incense Burner":6,"Whetstone":27,"Boot":15,"Burning Blood":0,"Centennial Puzzle":16,"HornCleat":7,"DollysMirror":7,"Strawberry":20,"Toxic Egg 2":13,"Red Skull":28,"Lee\u0027s Waffle":20,"Pear":27,"Happy Flower":13,"Velvet Choker":9,"Oddly Smooth Stone":18,"Eternal Feather":16,"The Courier":5,"Pen Nib":27,"Omamori":18,"War Paint":27,"MawBank":15,"Akabeko":27,"Anchor":10,"CaptainsWheel":24,"Busted Crown":19,"Bronze Scales":24,"Molten Egg 2":18,"Black Star":0,"Bag of Marbles":20,"Art of War":24,"Membership Card":27,"Bottled Lightning":28},{"Ice Cream":101,"Lantern":90,"Calipers":27,"Singing Bowl":101,"StoneCalendar":18,"Incense Burner":21,"Whetstone":128,"Boot":67,"Burning Blood":0,"Centennial Puzzle":74,"HornCleat":27,"DollysMirror":27,"Strawberry":90,"Toxic Egg 2":58,"Red Skull":133,"Lee\u0027s Waffle":90,"Pear":128,"Happy Flower":58,"Velvet Choker":41,"Oddly Smooth Stone":82,"Eternal Feather":74,"The Courier":18,"Pen Nib":128,"Omamori":82,"War Paint":128,"MawBank":67,"Akabeko":128,"Anchor":44,"CaptainsWheel":108,"Busted Crown":88,"Bronze Scales":108,"Molten Egg 2":82,"Black Star":0,"Bag of Marbles":90,"Art of War":108,"Membership Card":128,"Bottled Lightning":133}]},"card_choices":[{"not_picked":["Flex","Warcry"],"picked":"Headbutt","floor":1.0},{"not_picked":["Feel No Pain","Flex"],"picked":"Whirlwind","floor":2.0},{"not_picked":["True Grit","Heavy Blade"],"picked":"Inflame","floor":3.0},{"not_picked":["Heavy Blade","Havoc"],"picked":"Impervious","floor":5.0},{"not_picked":["Sword Boomerang","Evolve"],"picked":"Anger","floor":7.0},{"not_picked":["Entrench","Blood for Blood"],"picked":"Thunderclap","floor":8.0},{"not_picked":["Pummel","Havoc"],"picked":"Impervious","floor":10.0},{"not_picked":["Shrug It Off","Hemokinesis","Intimidate"],"picked":"SKIP","floor":14.0},{"not_picked":["Brutality","Double Tap"],"picked":"Feed","floor":16},{"not_picked":["Shrug It Off","Flex"],"picked":"Disarm","floor":18},{"not_picked":["Sword Boomerang","Dropkick+1"],"picked":"Battle Trance","floor":21},{"not_picked":["Flex","Rampage","Twin Strike"],"picked":"SKIP","floor":22},{"not_picked":["Dark Embrace","Body Slam"],"picked":"Spot Weakness+1","floor":23},{"not_picked":["Wild Strike","Seeing Red+1"],"picked":"Exhume+1","floor":24},{"not_picked":["Hemokinesis","Bloodletting+1","Sever Soul"],"picked":"SKIP","floor":25},{"not_picked":["Searing Blow","Armaments+1"],"picked":"Shrug It Off+1","floor":27},{"not_picked":["Sever Soul","Ghostly Armor+1"],"picked":"Shockwave+1","floor":29},{"not_picked":["Body Slam+1","Headbutt+1"],"picked":"Perfected Strike+1","floor":30},{"not_picked":["Ghostly Armor+1"],"picked":"SKIP","floor":35},{"not_picked":[],"picked":"Headbutt+1","floor":38},{"not_picked":["Armaments+1"],"picked":"SKIP","floor":39},{"not_picked":[],"picked":"Disarm+1","floor":40},{"not_picked":["Sword Boomerang+1"],"picked":"Singing Bowl","floor":42},{"not_picked":["Purity+1"],"picked":"Singing Bowl","floor":45},{"not_picked":["Seeing Red+1"],"picked":"Singing Bowl","floor":48},{"not_picked":["Sword Boomerang+1"],"picked":"Singing Bowl","floor":55}],"player_experience":970094,"relics_obtained":[{"floor":7.0,"key":"The Courier"},{"floor":7.0,"key":"StoneCalendar"},{"floor":9.0,"key":"Incense Burner"},{"floor":10.0,"key":"Calipers"},{"floor":10.0,"key":"HornCleat"},{"floor":19,"key":"Anchor"},{"floor":23,"key":"Happy Flower"},{"floor":23,"key":"Toxic Egg 2"},{"floor":25,"key":"MawBank"},{"floor":25,"key":"Boot"},{"floor":27,"key":"Eternal Feather"},{"floor":27,"key":"Centennial Puzzle"},{"floor":30,"key":"Molten Egg 2"},{"floor":30,"key":"Oddly Smooth Stone"},{"floor":40,"key":"Singing Bowl"},{"floor":40,"key":"Ice Cream"},{"floor":42,"key":"Art of War"},{"floor":42,"key":"Bronze Scales"},{"floor":43,"key":"CaptainsWheel"},{"floor":55,"key":"Red Skull"},{"floor":55,"key":"Bottled Lightning"}],"event_choices":[{"cards_removed":["Inflame"],"damage_healed":49.0,"max_hp_gain":0.0,"max_hp_loss":0.0,"gold_gain":0.0,"event_name":"Bonfire Elementals","player_choice":"Offered Uncommon","floor":6.0,"gold_loss":0.0,"damage_taken":0.0},{"damage_healed":0,"gold_gain":0,"player_choice":"","damage_taken":6,"max_hp_gain":0,"max_hp_loss":0,"event_name":"Knowing Skull","floor":20,"potions_obtained":[],"gold_loss":0,"cards_obtained":[]},{"damage_healed":0,"gold_gain":999,"player_choice":"Gold","damage_taken":0,"max_hp_gain":0,"max_hp_loss":0,"event_name":"MindBloom","floor":36,"gold_loss":0,"cards_obtained":["Normality","Normality"]},{"damage_healed":0,"gold_gain":0,"player_choice":"Memory 1","damage_taken":0,"max_hp_gain":0,"max_hp_loss":0,"event_name":"SensoryStone","floor":45,"gold_loss":0},{"cards_removed":["Perfected Strike"],"damage_healed":0,"gold_gain":0,"player_choice":"Removed Attack","damage_taken":0,"max_hp_gain":0,"max_hp_loss":0,"event_name":"Falling","floor":47,"gold_loss":0}],"is_beta":false,"boss_relics":[{"not_picked":["SlaversCollar","Empty Cage"],"picked":"Velvet Choker"},{"not_picked":["Coffee Dripper","Mark of Pain"],"picked":"Busted Crown"}],"items_purged_floors":[31,37,54],"is_endless":false,"potions_floor_spawned":[5,7,10,14,18,21,24,29,30,35,40,48],"ascension_level":20}}