{"host":"yo9wwslrag05lh37","time":1609550577,"event":{"mods":["AchievementEnabler","BaseMod","Block Reminder","Colored Map","Colored Powertips","GifTheSpireLib","HexUI Lib","Highlight Path","Minty Spire (QoL Compilation)","Rare Cards Sparkle","Relic Stats","StSLib","everything is the same but u backflip on backflip"],"gold_per_floor":[119,139,139,153,118,150,163,163,163,191,191,203,203,216,216,295,295,310,310,7,25,25,54,54,89,89,89,99,111,111,136,136,213,213,233,233,247,247,267,267,617,617,617,617,633,661,98,98,98,98,98],"floor_reached":50,"playtime":2318,"items_purged":["Strike_B"],"score":1155,"play_id":"5143ba74-ffbc-48a2-a747-1c0c2a155523","local_time":"20210102022257","is_ascension_mode":true,"campfire_choices":[{"data":"Zap","floor":8.0,"key":"SMITH"},{"data":"Redo","floor":11.0,"key":"SMITH"},{"data":"Darkness","floor":13.0,"key":"SMITH"},{"floor":15.0,"key":"REST"},{"data":"Loop","floor":24.0,"key":"SMITH"},{"data":"Creative AI","floor":27.0,"key":"SMITH"},{"floor":30.0,"key":"REST"},{"floor":32.0,"key":"REST"},{"data":"Capacitor","floor":40.0,"key":"SMITH"},{"floor":42.0,"key":"REST"},{"floor":44.0,"key":"RECALL"},{"data":"Heatsinks","floor":49.0,"key":"SMITH"}],"circlet_count":0,"master_deck":["AscendersBane","Defend_B+1","Defend_B","Defend_B","Defend_B","Zap+1","Dualcast","Darkness+1","Darkness+1","Redo+1","Conserve Battery+1","Genetic Algorithm+1","Multi-Cast+1","Redo+1","Conserve Battery+1","Hologram+1","Creative AI+1","Loop+1","Stack+1","Capacitor+1","Seek+1","White Noise+1","Electrodynamics","Steam Power+1","Reinforced Body+1","Tempest+1","Undo+1","Darkness+1","Darkness+1","Coolheaded+1","Heatsinks+1","Genetic Algorithm+1"],"relics":["Cracked Core","Potion Belt","Thread and Needle","Mercury Hourglass","Toxic Egg 2","Philosopher\u0027s Stone","OrangePellets","Matryoshka","Nunchaku","Toy Ornithopter","Cables","Happy Flower","Astrolabe","Old Coin","Sundial","Orichalcum","DollysMirror","Calipers"],"acts_visited":["Exordium","TheCity","TheBeyond"],"potions_floor_usage":[],"damage_taken":[{"damage":7.0,"enemies":"Jaw Worm","floor":1.0,"turns":3.0},{"damage":9.0,"enemies":"2 Louse","floor":2.0,"turns":3.0},{"damage":0.0,"enemies":"Cultist","floor":4.0,"turns":4.0},{"damage":11.0,"enemies":"Gremlin Nob","floor":6.0,"turns":3.0},{"damage":7.0,"enemies":"Looter","floor":7.0,"turns":3.0},{"damage":6.0,"enemies":"Lagavulin","floor":10.0,"turns":5.0},{"damage":0.0,"enemies":"3 Louse","floor":12.0,"turns":2.0},{"damage":2.0,"enemies":"Large Slime","floor":14.0,"turns":3.0},{"damage":6.0,"enemies":"Slime Boss","floor":16.0,"turns":6.0},{"damage":3.0,"enemies":"Chosen","floor":18.0,"turns":5.0},{"damage":0.0,"enemies":"3 Byrds","floor":21.0,"turns":3.0},{"damage":17.0,"enemies":"Gremlin Leader","floor":23.0,"turns":4.0},{"damage":16.0,"enemies":"Slavers","floor":25.0,"turns":3.0},{"damage":0.0,"enemies":"Centurion and Healer","floor":28.0,"turns":5.0},{"damage":18.0,"enemies":"Shelled Parasite and Fungi","floor":29.0,"turns":3.0},{"damage":35.0,"enemies":"Gremlin Leader","floor":31.0,"turns":5.0},{"damage":7.0,"enemies":"Champ","floor":33.0,"turns":9.0},{"damage":0.0,"enemies":"3 Darklings","floor":35.0,"turns":2.0},{"damage":0.0,"enemies":"Orb Walker","floor":37.0,"turns":2.0},{"damage":4.0,"enemies":"Spire Growth","floor":39.0,"turns":4.0},{"damage":18.0,"enemies":"2 Orb Walkers","floor":41.0,"turns":4.0},{"damage":23.0,"enemies":"Maw","floor":45.0,"turns":6.0},{"damage":29.0,"enemies":"Reptomancer","floor":46.0,"turns":6.0},{"damage":0.0,"enemies":"Writhing Mass","floor":48.0,"turns":2.0},{"damage":45,"enemies":"Donu and Deca","floor":50,"turns":6}],"seed_played":"8480302560043697552","potions_obtained":[{"floor":2.0,"key":"DuplicationPotion"},{"floor":4.0,"key":"Swift Potion"},{"floor":10.0,"key":"EntropicBrew"},{"floor":12.0,"key":"Strength Potion"},{"floor":21.0,"key":"PowerPotion"},{"floor":23.0,"key":"Fire Potion"},{"floor":29.0,"key":"FearPotion"},{"floor":33.0,"key":"BlessingOfTheForge"},{"floor":37.0,"key":"FairyPotion"},{"floor":39.0,"key":"SmokeBomb"},{"floor":46.0,"key":"SteroidPotion"}],"is_trial":false,"path_per_floor":["M","M","?","M","?","E","M","R","T","E","R","M","R","M","R","B",null,"M","?","$","M","?","E","R","E","T","R","M","M","R","E","R","B",null,"M","?","M","?","M","R","?","R","T","R","M","E","$","M","R","B"],"character_chosen":"DEFECT","items_purchased":["Conserve Battery+1","OrangePellets","Heatsinks","DollysMirror","Calipers"],"campfire_rested":4,"item_purchase_floors":[20,20,47,47,47],"current_hp_per_floor":[57,48,27,27,44,33,26,26,26,20,20,20,20,18,39,33,62,59,59,59,59,59,42,42,26,26,26,26,18,39,9,30,23,59,59,59,59,59,55,55,37,57,57,57,34,5,5,10,10,0,0],"gold":98,"neow_bonus":"RANDOM_COMMON_RELIC","is_daily":false,"chose_seed":false,"campfire_upgraded":7,"win_rate":0.0,"timestamp":1609550577,"path_taken":["M","M","?","M","?","E","M","R","T","E","R","M","R","M","R","BOSS","M","?","$","M","?","E","R","E","T","R","M","M","R","E","R","BOSS","M","?","M","?","M","R","?","R","T","R","M","E","$","M","R","BOSS"],"items_purchased_type":["Card","Relic","Card","Relic","Relic"],"build_version":"2020-12-22","purchased_purges":1,"victory":false,"max_hp_per_floor":[71,71,71,71,71,71,71,71,71,71,71,71,71,71,71,71,71,71,71,71,71,71,71,71,71,71,71,71,71,71,71,71,71,71,71,71,71,67,67,67,67,67,67,67,67,67,67,67,67,67,67],"relic_stats":{"OrangePellets":[9],"Nunchaku":[1],"Happy Flower":[13],"counters":[25,101],"Sundial":[2],"Astrolabe":["Steam Power","Reinforced Body","Tempest"],"Orichalcum":[6],"obtain_stats":[{"Potion Belt":0,"Calipers":47,"Happy Flower":31,"Astrolabe":34,"Thread and Needle":6,"Orichalcum":46,"Mercury Hourglass":9,"Cables":26,"Old Coin":41,"OrangePellets":20,"Nunchaku":25,"Matryoshka":23,"Sundial":43,"DollysMirror":47,"Philosopher\u0027s Stone":17,"Toxic Egg 2":10,"Cracked Core":0,"Toy Ornithopter":26},{"Potion Belt":0,"Calipers":23,"Happy Flower":16,"Astrolabe":17,"Thread and Needle":4,"Orichalcum":23,"Mercury Hourglass":5,"Cables":13,"Old Coin":21,"OrangePellets":10,"Nunchaku":13,"Matryoshka":12,"Sundial":21,"DollysMirror":23,"Philosopher\u0027s Stone":9,"Toxic Egg 2":6,"Cracked Core":0,"Toy Ornithopter":13},{"Potion Belt":0,"Calipers":93,"Happy Flower":60,"Astrolabe":69,"Thread and Needle":13,"Orichalcum":93,"Mercury Hourglass":16,"Cables":47,"Old Coin":81,"OrangePellets":37,"Nunchaku":47,"Matryoshka":44,"Sundial":81,"DollysMirror":93,"Philosopher\u0027s Stone":32,"Toxic Egg 2":21,"Cracked Core":0,"Toy Ornithopter":47}],"Toy Ornithopter":20,"Mercury Hourglass":[325],"Cables":[58,25,0,33,0]},"card_choices":[{"not_picked":["Compile Driver","Steam","Stack"],"picked":"SKIP","floor":1.0},{"not_picked":["Barrage","Redo"],"picked":"Darkness","floor":2.0},{"not_picked":["Steam","Thunder Strike"],"picked":"Darkness","floor":4.0},{"not_picked":["Go for the Eyes","Hologram"],"picked":"Redo","floor":6.0},{"not_picked":["Static Discharge","Skim"],"picked":"Compile Driver","floor":7.0},{"not_picked":["Sunder","Stack+1"],"picked":"Conserve Battery+1","floor":10.0},{"not_picked":["Heatsinks","Cold Snap"],"picked":"Genetic Algorithm+1","floor":12.0},{"not_picked":["Rip and Tear","Skim+1","Tempest+1"],"picked":"SKIP","floor":14.0},{"not_picked":["Buffer","Electrodynamics"],"picked":"Multi-Cast+1","floor":16.0},{"not_picked":["BootSequence+1","Hello World"],"picked":"Redo+1","floor":18.0},{"not_picked":["Beam Cell","Steam+1"],"picked":"Hologram+1","floor":21.0},{"not_picked":["Conserve Battery+1","Beam Cell"],"picked":"Loop","floor":23.0},{"not_picked":["Doom and Gloom","Go for the Eyes"],"picked":"Stack+1","floor":25.0},{"not_picked":["Compile Driver","Conserve Battery+1"],"picked":"Capacitor","floor":28.0},{"not_picked":["Sweeping Beam","BootSequence+1"],"picked":"Seek+1","floor":29.0},{"not_picked":["Gash","Fusion+1"],"picked":"White Noise+1","floor":31.0},{"not_picked":["Reboot+1","Thunder Strike"],"picked":"Electrodynamics","floor":33.0},{"not_picked":["Force Field+1","Gash","Stack+1"],"picked":"SKIP","floor":35.0},{"not_picked":["Barrage","Streamline"],"picked":"Undo+1","floor":37.0},{"not_picked":["Beam Cell","Chill+1"],"picked":"Darkness+1","floor":39.0},{"not_picked":["Beam Cell+1","Barrage"],"picked":"Darkness+1","floor":41.0},{"not_picked":["Melter","Turbo+1"],"picked":"Coolheaded+1","floor":45.0},{"not_picked":["Stack+1","Conserve Battery+1","Meteor Strike"],"picked":"SKIP","floor":46.0}],"player_experience":1428721,"relics_obtained":[{"floor":6.0,"key":"Thread and Needle"},{"floor":9.0,"key":"Mercury Hourglass"},{"floor":10.0,"key":"Toxic Egg 2"},{"floor":23.0,"key":"Matryoshka"},{"floor":25.0,"key":"Nunchaku"},{"floor":26.0,"key":"Toy Ornithopter"},{"floor":26.0,"key":"Cables"},{"floor":31.0,"key":"Happy Flower"},{"floor":41.0,"key":"Old Coin"},{"floor":43.0,"key":"Sundial"},{"floor":46.0,"key":"Orichalcum"}],"event_choices":[{"damage_healed":0.0,"max_hp_gain":0.0,"max_hp_loss":0.0,"gold_gain":0.0,"event_name":"Shining Light","player_choice":"Entered Light","floor":3.0,"gold_loss":0.0,"damage_taken":21.0,"cards_upgraded":["Darkness","Defend_B"]},{"damage_healed":17.0,"max_hp_gain":0.0,"max_hp_loss":0.0,"gold_gain":0.0,"event_name":"The Cleric","player_choice":"Healed","floor":5.0,"gold_loss":35.0,"damage_taken":0.0},{"damage_healed":0.0,"max_hp_gain":0.0,"max_hp_loss":0.0,"gold_gain":0.0,"event_name":"Vampires","player_choice":"Ignored","floor":19.0,"gold_loss":0.0,"damage_taken":0.0},{"damage_healed":0.0,"max_hp_gain":0.0,"max_hp_loss":0.0,"gold_gain":0.0,"event_name":"Match and Keep!","player_choice":"1 cards matched","floor":22.0,"gold_loss":0.0,"damage_taken":0.0,"cards_obtained":["Creative AI"]},{"cards_removed":["Compile Driver"],"damage_healed":0.0,"max_hp_gain":0.0,"max_hp_loss":0.0,"gold_gain":0.0,"event_name":"Falling","player_choice":"Removed Attack","floor":36.0,"gold_loss":0.0,"damage_taken":0.0},{"damage_healed":0.0,"max_hp_gain":0.0,"max_hp_loss":4.0,"gold_gain":0.0,"event_name":"Winding Halls","player_choice":"Max HP","floor":38.0,"gold_loss":0.0,"damage_taken":0.0},{"damage_healed":0.0,"max_hp_gain":0.0,"max_hp_loss":0.0,"gold_gain":0.0,"event_name":"Mysterious Sphere","player_choice":"Fight","floor":41.0,"gold_loss":0.0,"damage_taken":0.0}],"is_beta":false,"boss_relics":[{"not_picked":["Snecko Eye","FrozenCore"],"picked":"Philosopher\u0027s Stone"},{"not_picked":["SacredBark","Busted Crown"],"picked":"Astrolabe"}],"items_purged_floors":[20],"is_endless":false,"potions_floor_spawned":[2,4,10,12,21,23,29,33,37,39,46,48],"killed_by":"Donu and Deca","ascension_level":20}}