{"host":"f400onr2g6b8rzrw","time":1609583513,"event":{"mods":["AchievementEnabler","BaseMod","Better Altar","Better Match","Better Note","Better Sensory Stone","Better Skull","Better Third Choice","Block Reminder","Colored Powertips","Minty Spire (QoL Compilation)","Relic Stats","Spicy Shops","StSLib"],"gold_per_floor":[112,112,125,141,91,91,124,138,138,127,127,87,101,116,116,116,116],"floor_reached":16,"playtime":1381,"items_purged":[],"score":125,"play_id":"2fda3dc6-87fa-4286-abc5-1e88f30176ad","local_time":"20210102210153","is_ascension_mode":true,"campfire_choices":[{"floor":6,"key":"RECALL"},{"floor":11,"key":"REST"},{"floor":15,"key":"REST"}],"circlet_count":0,"master_deck":["Strike_G","Strike_G","Strike_G","Strike_G","Strike_G","Defend_G","Defend_G","Defend_G","Defend_G","Survivor","Neutralize","Concentrate","Skewer","Calculated Gamble","Bouncing Flask","Crippling Poison","Dodge and Roll","Poisoned Stab","Blade Dance"],"relics":["Ring of the Snake","CultistMask","Blood Vial","Vajra"],"acts_visited":["Exordium"],"potions_floor_usage":[7,7,7,14],"damage_taken":[{"damage":7,"enemies":"2 Louse","floor":1,"turns":3},{"damage":4,"enemies":"Cultist","floor":3,"turns":5},{"damage":4,"enemies":"Small Slimes","floor":4,"turns":2},{"damage":45,"enemies":"Lagavulin","floor":7,"turns":11},{"damage":7,"enemies":"Blue Slaver","floor":8,"turns":4},{"damage":6,"enemies":"Exordium Thugs","floor":10,"turns":4},{"damage":6,"enemies":"Red Slaver","floor":13,"turns":4},{"damage":0,"enemies":"Blue Slaver","floor":14,"turns":1},{"damage":55,"enemies":"The Guardian","floor":16,"turns":6}],"seed_played":"2553648935447221172","potions_obtained":[{"floor":1,"key":"DistilledChaos"},{"floor":3,"key":"Swift Potion"},{"floor":4,"key":"Swift Potion"},{"floor":12,"key":"SkillPotion"},{"floor":12,"key":"Ancient Potion"},{"floor":12,"key":"Explosive Potion"},{"floor":14,"key":"Strength Potion"}],"is_trial":false,"path_per_floor":["M","?","M","M","?","R","E","M","T","M","R","?","M","M","R","B"],"character_chosen":"THE_SILENT","items_purchased":[],"campfire_rested":2,"item_purchase_floors":[],"current_hp_per_floor":[70,70,66,62,62,62,17,12,12,8,31,31,27,29,52,0,0],"gold":116,"neow_bonus":"TEN_PERCENT_HP_BONUS","is_daily":false,"chose_seed":false,"campfire_upgraded":0,"win_rate":0.0,"timestamp":1609583513,"path_taken":["M","?","?","M","?","R","E","M","T","M","R","?","M","?","R","BOSS"],"items_purchased_type":[],"build_version":"2020-12-22","purchased_purges":0,"victory":false,"max_hp_per_floor":[77,77,77,77,77,77,77,77,77,77,77,77,77,77,77,77,77],"relic_stats":{"Blood Vial":10,"counters":[9,40],"obtain_stats":[{"Blood Vial":7,"Vajra":9,"CultistMask":2,"Ring of the Snake":0},{"Blood Vial":4,"Vajra":5,"CultistMask":1,"Ring of the Snake":0},{"Blood Vial":21,"Vajra":25,"CultistMask":3,"Ring of the Snake":0}],"Ring of the Snake":[18]},"card_choices":[{"not_picked":["Prepared","Flying Knee"],"picked":"Concentrate","floor":1},{"not_picked":["Backflip","Cloak And Dagger"],"picked":"Skewer","floor":3},{"not_picked":["Dagger Throw","Noxious Fumes"],"picked":"Calculated Gamble","floor":4},{"not_picked":["Eviscerate","Concentrate"],"picked":"Bouncing Flask","floor":7},{"not_picked":["Masterful Stab","All Out Attack"],"picked":"Crippling Poison","floor":8},{"not_picked":["All Out Attack","Tactician"],"picked":"Dodge and Roll","floor":10},{"not_picked":["Blade Dance","Dodge and Roll"],"picked":"Poisoned Stab","floor":13},{"not_picked":["Prepared","Phantasmal Killer"],"picked":"Blade Dance","floor":14}],"player_experience":498904,"relics_obtained":[{"floor":7,"key":"Blood Vial"},{"floor":9,"key":"Vajra"}],"event_choices":[{"damage_healed":0,"gold_gain":0,"player_choice":"Trade","damage_taken":0,"relics_obtained":["CultistMask"],"max_hp_gain":0,"max_hp_loss":0,"event_name":"FaceTrader","floor":2,"gold_loss":0},{"cards_removed":["Defend_G"],"damage_healed":0,"gold_gain":0,"player_choice":"Card Removal","damage_taken":0,"max_hp_gain":0,"max_hp_loss":0,"event_name":"The Cleric","floor":5,"gold_loss":50},{"damage_healed":0,"gold_gain":0,"player_choice":"Bought 3 Potions","damage_taken":0,"max_hp_gain":0,"max_hp_loss":0,"event_name":"The Woman in Blue","floor":12,"gold_loss":0}],"is_beta":false,"boss_relics":[],"items_purged_floors":[],"is_endless":false,"potions_floor_spawned":[1,3,4,14],"killed_by":"The Guardian","ascension_level":4}}