{"host":"wghdsg8ym2wc7ov9","time":1609574694,"event":{"mods":["AchievementEnabler","Astrologer","BaseMod","Beaked The Cultist","Better Altar","Better Note","Colored Map","Hermit","Highlight Path","Jorbs\u0027s Wanderer Trilogy","KinomotoSakuraMod(????)","Minty Spire (QoL Compilation)","Random Character Button","Relic Stats","SIMod","Shop Mod","StSLib","The Blackbeard","The Bladedancer","The Construct","The Cursed","The Death Knight","The Gatherer","The Hierophant","The Marked","The Mystic","The Necromancer","The Runesmith","The Senshi","The Servant 0.9.4"],"gold_per_floor":[114,114,17,30,45,45,76,95,122,141,160,31,50,67,67,162,212,224,224,239,239,239,267,267,296,296,309,309,285,285,12,12,108,108,122,142,188,188,205,234,234,249,249,249,264,277,29,40,40,40,40,40,3,38,38],"floor_reached":56,"playtime":11062,"items_purged":[],"score":1246,"play_id":"3c2f1230-9dd5-4df0-9d6c-c5d430581256","local_time":"20210102000454","is_ascension_mode":false,"campfire_choices":[{"data":"Runesmith:HammerAndChisel","floor":6.0,"key":"SMITH"},{"floor":15.0,"key":"REST"},{"floor":24.0,"key":"REST"},{"floor":28.0,"key":"REST"},{"floor":30.0,"key":"REST"},{"floor":32.0,"key":"REST"},{"floor":41,"key":"RECALL"},{"floor":44,"key":"REST"},{"data":"Mind Blast","floor":49,"key":"SMITH"},{"data":"Runesmith:ArcReactor","floor":52,"key":"SMITH"}],"circlet_count":0,"master_deck":["Runesmith:Strike_RS","Runesmith:Strike_RS","Runesmith:Strike_RS","Runesmith:Strike_RS","Runesmith:Defend_RS","Runesmith:Defend_RS","Runesmith:Defend_RS","Runesmith:Defend_RS","Runesmith:CraftFirestone","Runesmith:Fortify","Runesmith:GoWithTheFlow","Runesmith:EarthShield","Runesmith:Superposition","Runesmith:Reinforce+1","Runesmith:HammerAndChisel+1","Runesmith:Prism","Runesmith:ArcReactor+1","Runesmith:EnergizedChisel","Runesmith:HammerAndChisel","Runesmith:CraftMagma","Runesmith:HammerThrow","Runesmith:HeatExchange","Runesmith:CraftMagma","Runesmith:CraftObretio","Runesmith:MetallurgicalResearch+1","Runesmith:Retool","Runesmith:ChaoticBlast","Runesmith:Accelerate+1","Runesmith:CraftIncendium","Runesmith:Accelerate","Runesmith:ChiselStab","Runesmith:Grindstone","Runesmith:EarthShield","Runesmith:GrandSlam","Runesmith:CraftProtectio+1","Runesmith:PoweredAnvil+1","Runesmith:Accelerate","Runesmith:HeatedChisel","Runesmith:EnergizedChisel+1","Runesmith:CraftProtectio","Runesmith:CraftVitae+1","Runesmith:Empowerment","Runesmith:ChiselStab","Runesmith:HammerThrow","Runesmith:HammerThrow","Mind Blast+1","Runesmith:WhiteBalance","Runesmith:UnstableHammer","Runesmith:ChargedHammer"],"relics":["Runesmith:BrokenRuby","Bronze Scales","Runesmith:EmergencyProvisions","Boot","MerchantsRug","Runesmith:Nanobots","construct:WeddingRing","FossilizedHelix","Bottled Tornado","Membership Card","Anchor","Gambling Chip","Pen Nib"],"acts_visited":["Exordium","TheCity","TheBeyond","TheEnding"],"potions_floor_usage":[37,50,50,55],"damage_taken":[{"damage":2.0,"enemies":"Small Slimes","floor":1.0,"turns":3.0},{"damage":0.0,"enemies":"Cultist","floor":4.0,"turns":4.0},{"damage":1.0,"enemies":"2 Louse","floor":5.0,"turns":3.0},{"damage":7.0,"enemies":"Gremlin Nob","floor":7.0,"turns":4.0},{"damage":7.0,"enemies":"Exordium Wildlife","floor":8.0,"turns":6.0},{"damage":4.0,"enemies":"2 Fungi Beasts","floor":10.0,"turns":3.0},{"damage":3.0,"enemies":"Large Slime","floor":11.0,"turns":5.0},{"damage":4.0,"enemies":"Blue Slaver","floor":13.0,"turns":3.0},{"damage":15.0,"enemies":"Exordium Wildlife","floor":14.0,"turns":5.0},{"damage":29.0,"enemies":"The Guardian","floor":16.0,"turns":10.0},{"damage":10.0,"enemies":"3 Byrds","floor":18.0,"turns":3.0},{"damage":6.0,"enemies":"Shell Parasite","floor":20.0,"turns":6.0},{"damage":36.0,"enemies":"Book of Stabbing","floor":23.0,"turns":5.0},{"damage":51.0,"enemies":"Slavers","floor":25.0,"turns":4.0},{"damage":9.0,"enemies":"Chosen and Byrds","floor":27.0,"turns":5.0},{"damage":29.0,"enemies":"Collector","floor":33.0,"turns":8.0},{"damage":24,"enemies":"3 Darklings","floor":35,"turns":4},{"damage":0,"enemies":"3 Shapes","floor":36,"turns":5},{"damage":58,"enemies":"2 Orb Walkers","floor":37,"turns":6},{"damage":0,"enemies":"Maw","floor":39,"turns":9},{"damage":18,"enemies":"Nemesis","floor":40,"turns":7},{"damage":1,"enemies":"Writhing Mass","floor":42,"turns":7},{"damage":0,"enemies":"Spire Growth","floor":45,"turns":5},{"damage":0,"enemies":"Transient","floor":46,"turns":5},{"damage":0,"enemies":"4 Shapes","floor":48,"turns":6},{"damage":40,"enemies":"Awakened One","floor":50,"turns":12},{"damage":0,"enemies":"Shield and Spear","floor":54,"turns":7},{"damage":55,"enemies":"The Heart","floor":55,"turns":12}],"seed_played":"7470535548328379015","potions_obtained":[{"floor":1.0,"key":"DeathKnight:RimePotion"},{"floor":8.0,"key":"Weak Potion"},{"floor":10.0,"key":"SteroidPotion"},{"floor":14.0,"key":"FearPotion"},{"floor":16.0,"key":"EssenceOfSteel"},{"floor":17.0,"key":"ColorlessPotion"},{"floor":20.0,"key":"GamblersBrew"},{"floor":23.0,"key":"PowerPotion"},{"floor":25.0,"key":"SneckoOil"},{"floor":27.0,"key":"SmokeBomb"},{"floor":35,"key":"Swift Potion"},{"floor":40,"key":"FearPotion"},{"floor":42,"key":"DuplicationPotion"},{"floor":45,"key":"DeathKnight:BottledBloodEchoes"}],"is_trial":false,"path_per_floor":["M","?","$","M","M","R","E","M","T","M","M","$","M","M","R","B",null,"M","?","M","?","?","E","R","E","T","M","R","$","R","$","R","B",null,"M","M","?","?","M","E","R","M","T","R","M","M","$","M","R","B",null,"R","$","E","B",null],"character_chosen":"RUNESMITH_CLASS","items_purchased":["Runesmith:EarthShield","Runesmith:Superposition","Runesmith:CraftMagma","Runesmith:HammerThrow","Runesmith:HeatExchange","MerchantsRug","Runesmith:Grindstone","Runesmith:EarthShield","Runesmith:Nanobots","Membership Card","Anchor","Energy Potion","SkillPotion","Gambling Chip","Runesmith:ChiselStab","Runesmith:HammerThrow","Runesmith:HammerThrow","Mind Blast","PowerPotion","Runesmith:UnstableHammer"],"campfire_rested":6,"item_purchase_floors":[3,3,12,12,12,29,31,31,31,47,47,47,47,47,47,47,47,47,53,53],"current_hp_per_floor":[75,75,75,75,74,74,67,60,60,56,53,53,49,34,57,28,82,72,72,66,66,66,30,54,10,10,1,27,27,53,53,79,50,89,65,65,7,78,78,60,60,59,59,78,78,78,78,78,78,38,78,78,78,78,23],"gold":38,"neow_bonus":"TEN_PERCENT_HP_BONUS","is_daily":false,"chose_seed":false,"campfire_upgraded":3,"win_rate":0.0,"timestamp":1609574694,"path_taken":["M","?","?","M","M","R","E","M","T","M","?","$","M","M","R","BOSS","M","?","M","?","?","E","R","E","T","M","R","$","R","$","R","BOSS","M","M","?","?","M","E","R","M","T","R","M","M","$","M","R","BOSS","R","$","E","BOSS"],"items_purchased_type":["Card","Card","Card","Card","Card","Relic","Card","Card","Relic","Relic","Relic","Potion","Potion","Relic","Card","Card","Card","Card","Potion","Card"],"build_version":"2020-12-22","purchased_purges":0,"victory":true,"max_hp_per_floor":[77,77,77,77,77,77,77,77,77,77,77,77,77,77,77,77,82,82,82,82,82,82,82,82,89,89,89,89,89,89,89,89,89,89,89,89,89,78,78,78,78,78,78,78,78,78,78,78,78,78,78,78,78,78,78],"relic_stats":{"counters":[28,162],"Bronze Scales":[697],"Gambling Chip":[9],"Pen Nib":[1],"Boot":[24],"obtain_stats":[{"MerchantsRug":29,"Runesmith:BrokenRuby":0,"Runesmith:Nanobots":31,"Tiny House":17,"construct:WeddingRing":34,"The Courier":26,"Pen Nib":54,"Letter Opener":43,"Runesmith:EmergencyProvisions":22,"Bottled Tornado":40,"Boot":23,"Anchor":47,"Bronze Scales":7,"Strawberry":25,"Gambling Chip":47,"Membership Card":47,"FossilizedHelix":37},{"MerchantsRug":15,"Runesmith:BrokenRuby":0,"Runesmith:Nanobots":15,"Tiny House":10,"construct:WeddingRing":16,"The Courier":14,"Pen Nib":27,"Letter Opener":22,"Runesmith:EmergencyProvisions":12,"Bottled Tornado":21,"Boot":13,"Anchor":24,"Bronze Scales":4,"Strawberry":14,"Gambling Chip":24,"Membership Card":24,"FossilizedHelix":19},{"MerchantsRug":69,"Runesmith:BrokenRuby":0,"Runesmith:Nanobots":69,"Tiny House":46,"construct:WeddingRing":77,"The Courier":64,"Pen Nib":150,"Letter Opener":115,"Runesmith:EmergencyProvisions":55,"Bottled Tornado":108,"Boot":60,"Anchor":125,"Bronze Scales":14,"Strawberry":64,"Gambling Chip":125,"Membership Card":125,"FossilizedHelix":92}]},"card_choices":[{"not_picked":["Runesmith:BackupBattery","Runesmith:RuneHurl"],"picked":"Runesmith:GoWithTheFlow","floor":1.0},{"not_picked":["Runesmith:HeatExchange","Runesmith:ShiftingStrike"],"picked":"Runesmith:Reinforce","floor":4.0},{"not_picked":["Runesmith:OneForEveryone","Runesmith:ShiftingStrike"],"picked":"Runesmith:HammerAndChisel","floor":5.0},{"not_picked":["Runesmith:CraftProtectio","Runesmith:RuneHurl"],"picked":"Runesmith:Prism","floor":7.0},{"not_picked":["Runesmith:DoubleUp","Runesmith:Prism"],"picked":"Runesmith:ArcReactor","floor":8.0},{"not_picked":["Runesmith:Terraform","Runesmith:ChargedHammer"],"picked":"Runesmith:EnergizedChisel","floor":10.0},{"not_picked":["Runesmith:ShiftingStrike","Runesmith:HammerThrow"],"picked":"Runesmith:HammerAndChisel","floor":11.0},{"not_picked":["Runesmith:Firewall","Runesmith:HammerTime"],"picked":"Runesmith:CraftMagma","floor":13.0},{"not_picked":["Runesmith:EnergizedChisel","Runesmith:Overpower"],"picked":"Runesmith:CraftObretio","floor":14.0},{"not_picked":["Runesmith:CraftMedicinae","Runesmith:Duplicate"],"picked":"Runesmith:MetallurgicalResearch","floor":16.0},{"not_picked":["Runesmith:EarthShield","Runesmith:UnstableHammer"],"picked":"Runesmith:Retool","floor":17.0},{"not_picked":["Runesmith:GoWithTheFlow+1","Runesmith:ChiselStab"],"picked":"Runesmith:ChaoticBlast","floor":18.0},{"not_picked":["Runesmith:DoubleUp+1","Runesmith:ElementalConversion"],"picked":"Runesmith:Accelerate+1","floor":20.0},{"not_picked":["Runesmith:Refine","Runesmith:ShiftingStrike"],"picked":"Runesmith:CraftIncendium","floor":23.0},{"not_picked":["Runesmith:CraftMagma","Runesmith:BackupBattery"],"picked":"Runesmith:Accelerate","floor":25.0},{"not_picked":["Runesmith:Repurpose","Runesmith:RuneHurl+1"],"picked":"Runesmith:ChiselStab","floor":27.0},{"not_picked":["Runesmith:DuctTape","Runesmith:GenerateForcefield"],"picked":"Runesmith:GrandSlam","floor":33.0},{"not_picked":["Runesmith:MakeshiftArmor+1","Runesmith:RuneHurl+1"],"picked":"Runesmith:CraftProtectio+1","floor":35},{"not_picked":["Runesmith:EarthShield","Runesmith:Grindstone"],"picked":"Runesmith:PoweredAnvil+1","floor":36},{"not_picked":["Runesmith:GoWithTheFlow","Runesmith:FrozenChisel"],"picked":"Runesmith:Accelerate","floor":37},{"not_picked":["Runesmith:Grindstone+1","Runesmith:HeatExchange+1"],"picked":"Runesmith:HeatedChisel","floor":39},{"not_picked":["Runesmith:ChiselStab+1","Runesmith:HammerThrow"],"picked":"Runesmith:EnergizedChisel+1","floor":40},{"not_picked":["Runesmith:UnstableHammer","Runesmith:UnlimitedPower"],"picked":"Runesmith:CraftProtectio","floor":42},{"not_picked":["Runesmith:Repurpose+1","Runesmith:HammerAndChisel+1"],"picked":"Runesmith:CraftVitae+1","floor":45},{"not_picked":["Runesmith:MakeshiftArmor+1","Runesmith:HeatedChisel+1"],"picked":"Runesmith:Empowerment","floor":46},{"not_picked":["Runesmith:HeatExchange+1","Runesmith:RuneHurl"],"picked":"Runesmith:WhiteBalance","floor":48},{"not_picked":["Runesmith:NanitesCloud+1","Runesmith:Reinforce+1"],"picked":"Runesmith:ChargedHammer","floor":54}],"player_experience":571278,"relics_obtained":[{"floor":7.0,"key":"Bronze Scales"},{"floor":23.0,"key":"Boot"},{"floor":25.0,"key":"Strawberry"},{"floor":26.0,"key":"The Courier"},{"floor":37,"key":"FossilizedHelix"},{"floor":40,"key":"Bottled Tornado"},{"floor":43,"key":"Letter Opener"},{"floor":54,"key":"Pen Nib"}],"event_choices":[{"damage_healed":0.0,"max_hp_gain":0.0,"max_hp_loss":0.0,"gold_gain":0.0,"event_name":"The Woman in Blue","player_choice":"Bought 0 Potions","floor":2.0,"gold_loss":0.0,"damage_taken":0.0},{"damage_healed":0.0,"max_hp_gain":0.0,"max_hp_loss":0.0,"gold_gain":0.0,"event_name":"Upgrade Shrine","player_choice":"Upgraded","floor":19.0,"gold_loss":0.0,"damage_taken":0.0,"cards_upgraded":["Runesmith:MetallurgicalResearch"]},{"damage_healed":0.0,"max_hp_gain":0.0,"max_hp_loss":0.0,"gold_gain":0.0,"event_name":"Purifier","player_choice":"Ignored","floor":21.0,"gold_loss":0.0,"damage_taken":0.0},{"damage_healed":0.0,"max_hp_gain":0.0,"max_hp_loss":0.0,"gold_gain":0.0,"event_name":"WeMeetAgain","player_choice":"Gave Potion","floor":22.0,"gold_loss":0.0,"damage_taken":0.0,"relics_obtained":["Runesmith:EmergencyProvisions"]},{"damage_healed":0,"gold_gain":0,"player_choice":"Fight","damage_taken":0,"max_hp_gain":0,"max_hp_loss":0,"event_name":"Mysterious Sphere","floor":37,"gold_loss":0},{"damage_healed":78,"gold_gain":0,"player_choice":"Heal","damage_taken":0,"max_hp_gain":0,"max_hp_loss":11,"event_name":"The Moai Head","floor":38,"gold_loss":0}],"is_beta":false,"boss_relics":[{"not_picked":["Snecko Eye","Runic Pyramid"],"picked":"Tiny House"},{"not_picked":["Sozu","Runesmith:PocketReactor"],"picked":"construct:WeddingRing"}],"items_purged_floors":[],"is_endless":false,"potions_floor_spawned":[1,8,10,14,16,20,23,25,27,35,40,42,45,48],"ascension_level":0}}