{"host":"c936que3p8rnl5ii","time":1609560145,"event":{"mods":["AchievementEnabler","BaseMod","Block Reminder","Colored Powertips","DeckTracker","Minty Spire (QoL Compilation)","Quick Restart","StSLib"],"gold_per_floor":[114,114,289,27,46,46,7,7,7,7,7,7,42,57,57,185,185,206,177,177,202,225,225,239,239,239,239,239,252,24,47,47,168,468,481,481,481,481,500,500,523,544,568,568,71,90,90,114,114,114,114],"floor_reached":50,"playtime":2974,"items_purged":["Doubt"],"score":482,"play_id":"9e1a80b8-722c-4998-a09f-ef2a81999eb2","local_time":"20210101230225","is_ascension_mode":false,"campfire_choices":[{"data":"Zap","floor":6.0,"key":"SMITH"},{"data":"Conserve Battery","floor":8.0,"key":"SMITH"},{"data":"Dualcast","floor":15.0,"key":"SMITH"},{"floor":23.0,"key":"REST"},{"floor":25.0,"key":"REST"},{"data":"Melter","floor":27.0,"key":"SMITH"},{"floor":32.0,"key":"REST"},{"floor":40,"key":"REST"},{"floor":44,"key":"REST"},{"floor":47,"key":"REST"},{"floor":49,"key":"REST"}],"circlet_count":0,"master_deck":["Strike_B","Strike_B","Strike_B","Defend_B+1","Defend_B","Defend_B","Defend_B+1","Zap+1","Dualcast+1","Turbo+1","Turbo+1","Melter+1","Conserve Battery+1","Glacier","Conserve Battery+1","Meteor Strike","Fission+1","Static Discharge","Rebound","RitualDagger","Beam Cell+1","Compile Driver","Cold Snap+1","Double Energy+1","Consume+1","Redo+1","Meteor Strike","CurseOfTheBell","Cold Snap+1","Madness+1","Madness+1","Barrage+1","BootSequence+1","Turbo+1","Steam Power+1","Deep Breath+1","Beam Cell"],"relics":["Cracked Core","DollysMirror","Toxic Egg 2","Golden Idol","Odd Mushroom","Inserter","Gremlin Horn","Anchor","Calling Bell","War Paint","Shuriken","Old Coin","Orichalcum","Lizard Tail"],"acts_visited":["Exordium","TheCity","TheBeyond"],"potions_floor_usage":[42,42,50],"damage_taken":[{"damage":7.0,"enemies":"Small Slimes","floor":1.0,"turns":4.0},{"damage":2.0,"enemies":"2 Louse","floor":5.0,"turns":2.0},{"damage":10.0,"enemies":"The Mushroom Lair","floor":13.0,"turns":6.0},{"damage":0.0,"enemies":"Cultist","floor":14.0,"turns":4.0},{"damage":31.0,"enemies":"The Guardian","floor":16.0,"turns":18.0},{"damage":0.0,"enemies":"Chosen","floor":18.0,"turns":4.0},{"damage":10.0,"enemies":"2 Thieves","floor":19.0,"turns":5.0},{"damage":11.0,"enemies":"Snecko","floor":21.0,"turns":4.0},{"damage":7.0,"enemies":"Snake Plant","floor":22.0,"turns":2.0},{"damage":26.0,"enemies":"Chosen and Byrds","floor":24.0,"turns":8.0},{"damage":26.0,"enemies":"Snecko","floor":29.0,"turns":5.0},{"damage":4.0,"enemies":"Centurion and Healer","floor":31.0,"turns":5.0},{"damage":77.0,"enemies":"Automaton","floor":33.0,"turns":12.0},{"damage":4,"enemies":"Orb Walker","floor":35,"turns":3},{"damage":36,"enemies":"3 Darklings","floor":39,"turns":7},{"damage":27,"enemies":"Jaw Worm Horde","floor":41,"turns":6},{"damage":10,"enemies":"Transient","floor":42,"turns":5},{"damage":19,"enemies":"3 Darklings","floor":46,"turns":7},{"damage":0,"enemies":"Jaw Worm Horde","floor":48,"turns":3},{"damage":132,"enemies":"Time Eater","floor":50,"turns":8}],"seed_played":"-740404706463920416","potions_obtained":[{"floor":5.0,"key":"FairyPotion"},{"floor":13.0,"key":"Block Potion"},{"floor":14.0,"key":"FocusPotion"},{"floor":18.0,"key":"EssenceOfSteel"},{"floor":21.0,"key":"EssenceOfSteel"},{"floor":29.0,"key":"SpeedPotion"},{"floor":31.0,"key":"SkillPotion"},{"floor":39,"key":"Explosive Potion"},{"floor":41,"key":"AttackPotion"},{"floor":48,"key":"ColorlessPotion"}],"is_trial":false,"path_per_floor":["M","?","?","$","M","R","$","R","T","?","?","$","?","M","R","B",null,"M","M","?","M","M","R","M","R","T","R","?","M","$","M","R","B",null,"M","?","?","?","M","R","M","M","T","R","$","M","R","M","R","B"],"character_chosen":"DEFECT","items_purchased":["DollysMirror","Melter","Glacier","Consume+1","Anchor","Steam Power+1","Lizard Tail","Deep Breath+1","Beam Cell"],"campfire_rested":7,"item_purchase_floors":[4,4,7,30,30,45,45,45,45],"current_hp_per_floor":[75,75,75,75,73,73,73,73,73,73,78,78,68,68,68,37,87,87,77,71,60,53,79,53,79,79,79,79,53,53,49,75,26,87,83,83,72,72,36,62,35,25,25,51,51,32,58,58,84,0,0],"gold":114,"neow_bonus":"TEN_PERCENT_HP_BONUS","is_daily":false,"chose_seed":false,"campfire_upgraded":4,"win_rate":0.0,"timestamp":1609560145,"path_taken":["M","?","?","$","M","R","$","R","T","?","?","$","?","M","R","BOSS","M","M","?","M","M","R","M","R","T","R","?","M","$","?","R","BOSS","M","?","?","?","?","R","M","M","T","R","?","M","R","?","R","BOSS"],"items_purchased_type":["Relic","Card","Card","Card","Relic","Card","Relic","Card","Card"],"build_version":"2020-12-22","purchased_purges":1,"victory":false,"max_hp_per_floor":[82,82,82,82,82,82,82,82,82,82,87,87,87,87,87,87,87,87,87,87,87,87,87,87,87,87,87,87,87,87,87,87,87,87,87,87,87,87,87,87,87,87,87,87,87,87,87,87,87,87,87],"card_choices":[{"not_picked":["Steam","Ball Lightning"],"picked":"Turbo","floor":1.0},{"not_picked":["Hologram","Coolheaded"],"picked":"Conserve Battery","floor":5.0},{"not_picked":["Gash","Doom and Gloom"],"picked":"Conserve Battery+1","floor":13.0},{"not_picked":["Doom and Gloom","Loop"],"picked":"Meteor Strike","floor":14.0},{"not_picked":["Creative AI","Seek+1"],"picked":"Fission+1","floor":16.0},{"not_picked":["Beam Cell+1","Steam+1"],"picked":"Static Discharge","floor":18.0},{"not_picked":["Steam+1","Hologram+1"],"picked":"Rebound","floor":19.0},{"not_picked":["Defragment","Sunder"],"picked":"Beam Cell+1","floor":21.0},{"not_picked":["Blizzard","Hologram+1"],"picked":"Compile Driver","floor":22.0},{"not_picked":["Steam+1","Compile Driver"],"picked":"Cold Snap+1","floor":24.0},{"not_picked":["Hologram+1","Self Repair+1"],"picked":"Double Energy+1","floor":29.0},{"not_picked":["Storm","Darkness+1"],"picked":"Redo+1","floor":31.0},{"not_picked":["Biased Cognition","Reboot+1"],"picked":"Meteor Strike","floor":33.0},{"not_picked":["Beam Cell","Rebound"],"picked":"Cold Snap+1","floor":35},{"not_picked":["Meteor Strike","Cold Snap"],"picked":"Barrage+1","floor":39},{"not_picked":["Hologram+1","Cold Snap+1"],"picked":"BootSequence+1","floor":41},{"not_picked":["Rebound","Beam Cell"],"picked":"Turbo+1","floor":42},{"not_picked":["Sweeping Beam+1","Redo+1","Stack+1"],"picked":"SKIP","floor":46},{"not_picked":["Barrage","Cold Snap","Defragment"],"picked":"SKIP","floor":48}],"player_experience":108632,"relics_obtained":[{"floor":9.0,"key":"Toxic Egg 2"},{"floor":13.0,"key":"Odd Mushroom"},{"floor":26.0,"key":"Gremlin Horn"},{"floor":34.0,"key":"War Paint"},{"floor":34.0,"key":"Shuriken"},{"floor":34.0,"key":"Old Coin"},{"floor":43,"key":"Orichalcum"}],"event_choices":[{"damage_healed":0.0,"max_hp_gain":0.0,"max_hp_loss":0.0,"gold_gain":0.0,"event_name":"Living Wall","player_choice":"Grow","floor":2.0,"gold_loss":0.0,"damage_taken":0.0,"cards_upgraded":["Turbo"]},{"damage_healed":0.0,"max_hp_gain":0.0,"max_hp_loss":0.0,"gold_gain":175.0,"event_name":"Liars Game","player_choice":"AGREE","floor":3.0,"gold_loss":0.0,"damage_taken":0.0,"cards_obtained":["Doubt"]},{"damage_healed":0.0,"max_hp_gain":0.0,"max_hp_loss":0.0,"gold_gain":0.0,"event_name":"Golden Idol","player_choice":"Take Wound","floor":10.0,"gold_loss":0.0,"damage_taken":0.0,"relics_obtained":["Golden Idol"],"cards_obtained":["Injury"]},{"damage_healed":0.0,"max_hp_gain":5.0,"max_hp_loss":0.0,"gold_gain":0.0,"event_name":"Big Fish","player_choice":"Donut","floor":11.0,"gold_loss":0.0,"damage_taken":0.0},{"damage_healed":0.0,"max_hp_gain":0.0,"max_hp_loss":0.0,"gold_gain":0.0,"event_name":"Mushrooms","player_choice":"Fought Mushrooms","floor":13.0,"gold_loss":0.0,"damage_taken":0.0},{"damage_healed":0.0,"max_hp_gain":0.0,"max_hp_loss":0.0,"gold_gain":0.0,"event_name":"Nest","player_choice":"Joined the Cult","floor":20.0,"gold_loss":0.0,"damage_taken":6.0,"cards_obtained":["RitualDagger"]},{"cards_removed":["Injury"],"damage_healed":0.0,"max_hp_gain":0.0,"max_hp_loss":0.0,"gold_gain":0.0,"event_name":"Purifier","player_choice":"Purged","floor":28.0,"gold_loss":0.0,"damage_taken":0.0},{"cards_removed":["Strike_B"],"damage_healed":0,"gold_gain":0,"player_choice":"Removed Attack","damage_taken":0,"max_hp_gain":0,"max_hp_loss":0,"event_name":"Falling","floor":36,"gold_loss":0},{"damage_healed":0,"gold_gain":0,"player_choice":"Embrace Madness","damage_taken":11,"max_hp_gain":0,"max_hp_loss":0,"event_name":"Winding Halls","floor":37,"gold_loss":0,"cards_obtained":["Madness","Madness"]},{"damage_healed":0,"gold_gain":0,"player_choice":"Ignored","damage_taken":0,"max_hp_gain":0,"max_hp_loss":0,"event_name":"SecretPortal","floor":38,"gold_loss":0}],"is_beta":false,"boss_relics":[{"not_picked":["Cursed Key","Ectoplasm"],"picked":"Inserter"},{"not_picked":["Empty Cage","Fusion Hammer"],"picked":"Calling Bell"}],"items_purged_floors":[4],"is_endless":false,"potions_floor_spawned":[5,13,14,18,21,29,31,39,41,48],"killed_by":"Time Eater","ascension_level":0}}