{"host":"0azimyi6n3ugndj4","time":1609622740,"event":{"mods":["2.2 Compatiblity","BaseMod","Bestiary","Conspire","Curses Come First","Defuse TimeMaze Blight","Hermit","Hyrulean Relics","Infinite Spire","Minty Spire (QoL Compilation)","Relic Filter","Relic Stats","Replay The Spire","StSLib","SuperFastMode","The Cursed","Uncapped","¡¼?Úª?ø«¡½REMEMod"],"gold_per_floor":[147,147,147,204,204,204,261,261,334,415,467,467,467,524,524,755,755,788,708,908,950,998,998,998,998],"floor_reached":24,"playtime":413,"items_purged":[],"score":538,"play_id":"090ae903-c577-424b-b084-35f5d0810b22","local_time":"20210103062540","daily_mods":["SealedDeck","Insanity","Chimera","Specialized","Vintage","ControlledChaos","Allstar","Diverse","Colorless Cards","Heirloom","Time Dilation","Flight","Elite Swarm","Lethality","Midas","Binary"],"is_ascension_mode":true,"campfire_choices":[{"floor":6,"key":"REST"},{"floor":8,"key":"REST"},{"data":"Replay:AtTheReady","floor":12,"key":"PURGE"},{"data":"Demon Form","floor":15,"key":"PURGE"},{"data":"Wraith Form v2","floor":23,"key":"PURGE"}],"circlet_count":0,"master_deck":["Echo Form","DevaForm","AscendersBane","Bash","Survivor","Zap","Strike_R","Strike_G","Strike_B","Defend_R","Defend_G","Defend_P","hermit:Dive","Bane","REME_SelfUpgrade","ThirdEye","Sentinel","Run Through","EmptyMind","hermit:Desperado","conspire:Rain","Gash","TheCursedMod:CursedArmor","Outmaneuver","hermit:Grudge","Underhanded Strike","TheCursedMod:CursedBlade","TheCursedMod:RavingStaff","Halt","ThirdEye","Heavy Blade","True Grit","Trip","Consecrate","Cloak And Dagger","Wallop","TheCursedMod:ReleasedKnowledge","TheCursedMod:FleshFromBone","Life Link","Terror","CutThroughFate","hermit:TrackingShot","TheCursedMod:CursedAmulet","EmptyFist","Weave","Deadly Poison","CutThroughFate","REME_FirmDetermination","hermit:Desperado","Iron Wave","TheCursedMod:CircleOfFlame","Flying Knee","CrushJoints","Sunder","Sanctity","LikeWater","Inflame","Uppercut","Thunderclap","ReplayTheSpireMod:The Works","REME_FearOfPain","REME_FearOfPain","REME_FearOfPain","REME_FearOfPain","REME_FearOfPain","TheCursedMod:CursedMace","Halt","Headbutt","TheCursedMod:CursedMace","ClearTheMind","TheCursedMod:Obscuration","BattleHymn","Finesse","Chill","Bouncing Flask","ReplayTheSpireMod:Omega Cannon","Weave"],"relics":["Burning Blood","Frozen Eye","Busted Crown","REME_ComplimentaryCards","Peace Pipe","Smiling Mask","zeldaRelics:BlueTunic","Pet Ghost","Replay:Kaleidoscope","REME_PuzzleBoxRelic","zeldaRelics:CourageTriforce","Ancient Tea Set","REME_ChargedStone","Replay:Wax Seal","Replay:WaspNest","CaptainsWheel"],"acts_visited":["Exordium","TheCity"],"potions_floor_usage":[24],"damage_taken":[{"damage":8,"enemies":"Jaw Worm","floor":1,"turns":3},{"damage":42,"enemies":"Jaw Worm","floor":2,"turns":5},{"damage":24,"enemies":"Small Slimes","floor":4,"turns":3},{"damage":0,"enemies":"Cultist","floor":7,"turns":2},{"damage":0,"enemies":"Lagavulin","floor":10,"turns":3},{"damage":0,"enemies":"Looter","floor":14,"turns":2},{"damage":33,"enemies":"The Guardian","floor":16,"turns":7},{"damage":27,"enemies":"Spheric Guardian","floor":18,"turns":4},{"damage":29,"enemies":"3 Byrds","floor":21,"turns":3},{"damage":0,"enemies":"Snake Plant","floor":22,"turns":2},{"damage":62,"enemies":"Slavers","floor":24,"turns":2}],"seed_played":"8572935573028175549","potions_obtained":[{"floor":1,"key":"LifebloodPotion"},{"floor":4,"key":"LiquidBronze"},{"floor":10,"key":"FairyPotion"}],"is_trial":true,"path_per_floor":["M","?","?","M","?","R","M","R","T","E","T","R","?","M","R","B",null,"M","?","?","M","M","R","E"],"character_chosen":"IRONCLAD","items_purchased":[],"campfire_rested":2,"item_purchase_floors":[],"current_hp_per_floor":[66,30,30,12,12,34,40,62,62,68,68,68,68,74,74,47,68,47,47,47,24,30,30,0,0],"gold":998,"neow_bonus":"","is_daily":false,"chose_seed":false,"campfire_upgraded":0,"win_rate":0.0,"timestamp":1609622740,"path_taken":["M","?","?","?","?","R","?","R","T","E","?","R","?","?","R","BOSS","M","?","?","M","?","R","E"],"items_purchased_type":[],"build_version":"2020-12-22","purchased_purges":0,"victory":false,"max_hp_per_floor":[75,75,75,75,75,75,75,75,75,75,75,75,75,75,75,75,75,75,75,75,75,75,75,75,75],"relic_stats":{"Peace Pipe":3,"Busted Crown":12,"counters":[11,36],"Smiling Mask":0,"obtain_stats":[{"zeldaRelics:BlueTunic":2,"REME_ChargedStone":17,"Replay:WaspNest":21,"Replay:Kaleidoscope":5,"Smiling Mask":1,"Ancient Tea Set":14,"Burning Blood":0,"Pet Ghost":4,"zeldaRelics:CourageTriforce":11,"Peace Pipe":0,"Frozen Eye":0,"CaptainsWheel":22,"Busted Crown":0,"zeldaRelics:CouragePiece":9,"REME_PuzzleBoxRelic":7,"Replay:Wax Seal":18,"REME_ComplimentaryCards":0},{"zeldaRelics:BlueTunic":2,"REME_ChargedStone":7,"Replay:WaspNest":9,"Replay:Kaleidoscope":3,"Smiling Mask":1,"Ancient Tea Set":6,"Burning Blood":0,"Pet Ghost":3,"zeldaRelics:CourageTriforce":5,"Peace Pipe":0,"Frozen Eye":0,"CaptainsWheel":10,"Busted Crown":0,"zeldaRelics:CouragePiece":4,"REME_PuzzleBoxRelic":4,"Replay:Wax Seal":8,"REME_ComplimentaryCards":0},{"zeldaRelics:BlueTunic":8,"REME_ChargedStone":25,"Replay:WaspNest":32,"Replay:Kaleidoscope":11,"Smiling Mask":3,"Ancient Tea Set":18,"Burning Blood":0,"Pet Ghost":11,"zeldaRelics:CourageTriforce":16,"Peace Pipe":0,"Frozen Eye":0,"CaptainsWheel":34,"Busted Crown":0,"zeldaRelics:CouragePiece":13,"REME_PuzzleBoxRelic":13,"Replay:Wax Seal":29,"REME_ComplimentaryCards":0}],"Burning Blood":60},"card_choices":[],"player_experience":1509844,"relics_obtained":[{"floor":1,"key":"Smiling Mask"},{"floor":2,"key":"zeldaRelics:BlueTunic"},{"floor":4,"key":"Pet Ghost"},{"floor":5,"key":"Replay:Kaleidoscope"},{"floor":7,"key":"REME_PuzzleBoxRelic"},{"floor":9,"key":"zeldaRelics:CouragePiece"},{"floor":10,"key":"zeldaRelics:CouragePiece"},{"floor":11,"key":"zeldaRelics:CouragePiece"},{"floor":14,"key":"Ancient Tea Set"},{"floor":18,"key":"Replay:Wax Seal"},{"floor":21,"key":"Replay:WaspNest"},{"floor":22,"key":"CaptainsWheel"}],"event_choices":[{"cards_removed":["Eruption"],"damage_healed":0,"gold_gain":0,"player_choice":"Purged","damage_taken":0,"max_hp_gain":0,"max_hp_loss":0,"event_name":"Purifier","floor":3,"gold_loss":0},{"damage_healed":0,"gold_gain":0,"player_choice":"Relic","damage_taken":0,"max_hp_gain":0,"max_hp_loss":0,"event_name":"Wheel of Change","floor":5,"gold_loss":0},{"damage_healed":0,"gold_gain":0,"cards_transformed":["Collect"],"player_choice":"Transformed","damage_taken":0,"max_hp_gain":0,"max_hp_loss":0,"event_name":"Transmorgrifier","floor":13,"gold_loss":0,"cards_obtained":["Weave"]},{"damage_healed":0,"gold_gain":250,"player_choice":"Bet on Owner","damage_taken":0,"max_hp_gain":0,"max_hp_loss":0,"event_name":"The Joust","floor":20,"gold_loss":50}],"is_beta":false,"boss_relics":[{"not_picked":["Astrolabe","Painkiller Herb"],"picked":"REME_ChargedStone"}],"items_purged_floors":[],"is_endless":false,"potions_floor_spawned":[1,4,10,21,22],"killed_by":"Slavers","ascension_level":20}}