{"host":"ovw38rql97vr1sxo","time":1609623021,"event":{"mods":["BaseMod","Downfall","Minty Spire (QoL Compilation)","Permanent Neow","Quick Restart","StSLib"],"gold_per_floor":[349,359,359,12,23,23,23,23,43,43,75,95,95,109,126,223,223,148,163,163,68,79,79,79,79,136,136,196,251,251,305,361,502,502,502,555,645,695,814,343,418,111,199,259,46,46,46,46,63,63],"floor_reached":51,"playtime":3105,"items_purged":["Guardian:Defend_Guardian","Guardian:Defend_Guardian","Guardian:Defend_Guardian","Guardian:Strike_Guardian"],"score":724,"play_id":"5c2ebed9-acb9-46ea-a1ad-0234b95aa99c","local_time":"20210103063021","is_ascension_mode":false,"campfire_choices":[{"floor":1.0,"key":"RECALL"},{"data":"Guardian:DecasProtection","floor":6.0,"key":"SMITH"},{"data":"Guardian:CurlUp","floor":13.0,"key":"SMITH"},{"data":"Guardian:BaubleBeam","floor":23,"key":"SMITH"},{"data":"Guardian:BaubleBeam","floor":27,"key":"SMITH"},{"data":"Guardian:RevengeProtocol","floor":30,"key":"SMITH"},{"data":"Guardian:StasisStrike","floor":35,"key":"SMITH"},{"data":"Deep Breath","floor":47,"key":"SMITH"}],"circlet_count":0,"master_deck":["Guardian:Strike_Guardian","Guardian:Strike_Guardian","Guardian:CurlUp+1","Guardian:TwinSlam","Guardian:SpikerProtocol","Guardian:RevengeProtocol+1","Guardian:BaubleBeam+1","Guardian:EvasiveProtocol","Guardian:PrismaticBarrier","Guardian:BaubleBeam+1","Guardian:PolyBeam+1","Guardian:StasisStrike+1","Guardian:TemporalStrike+1","Guardian:PrismaticBarrier+1","Guardian:StasisField","Guardian:Gem_Cyan","Deep Breath+1","Guardian:GuardianWhirl","Guardian:StasisField","Guardian:PolyBeam","Guardian:FloatingOrbs","Guardian:Gem_White"],"relics":["Guardian:ModeShifter","Boot","Bottled Tornado","Guardian:PickAxe","Shuriken","Ginger","Empty Cage","downfall:HeartBlessingRed","Mercury Hourglass","downfall:KnowingSkull","Coffee Dripper","Incense Burner","Orrery","Sundial","Centennial Puzzle","Prayer Wheel"],"acts_visited":["Exordium","TheCity","TheBeyond"],"potions_floor_usage":[28,29,29,49,50,50],"damage_taken":[{"damage":0.0,"enemies":"Small Slimes","floor":2.0,"turns":4.0},{"damage":1.0,"enemies":"downfall:FleeingMerchant","floor":4.0,"turns":4.0},{"damage":0.0,"enemies":"2 Louse","floor":5.0,"turns":3.0},{"damage":0.0,"enemies":"2 Louse","floor":8.0,"turns":4.0},{"damage":1.0,"enemies":"Jaw Worm","floor":9.0,"turns":2.0},{"damage":0.0,"enemies":"Lagavulin","floor":11.0,"turns":6.0},{"damage":6.0,"enemies":"Red Slaver","floor":12.0,"turns":3.0},{"damage":0.0,"enemies":"Large Slime","floor":14.0,"turns":3.0},{"damage":0.0,"enemies":"Exordium Thugs","floor":15.0,"turns":2.0},{"damage":29.0,"enemies":"downfall:Defect","floor":16.0,"turns":7.0},{"damage":4.0,"enemies":"3 Byrds","floor":19.0,"turns":3.0},{"damage":0,"enemies":"downfall:FleeingMerchant","floor":21,"turns":4},{"damage":0,"enemies":"Chosen","floor":22,"turns":4},{"damage":3,"enemies":"Snecko","floor":26,"turns":5},{"damage":16,"enemies":"Snake Plant","floor":28,"turns":4},{"damage":3,"enemies":"Sentry and Sphere","floor":29,"turns":2},{"damage":9,"enemies":"Snecko","floor":31,"turns":3},{"damage":3,"enemies":"Chosen and Byrds","floor":32,"turns":3},{"damage":22,"enemies":"downfall:Ironclad","floor":33,"turns":5},{"damage":3,"enemies":"3 Darklings","floor":36,"turns":3},{"damage":3,"enemies":"Mind Bloom Boss Battle","floor":37,"turns":5},{"damage":5,"enemies":"3 Shapes","floor":38,"turns":3},{"damage":4,"enemies":"downfall:FleeingMerchant","floor":39,"turns":3},{"damage":3,"enemies":"2 Orb Walkers","floor":43,"turns":4},{"damage":5,"enemies":"Writhing Mass","floor":44,"turns":4},{"damage":5,"enemies":"4 Shapes","floor":49,"turns":2},{"damage":23,"enemies":"downfall:Silent","floor":50,"turns":4}],"seed_played":"-2057801138331559392","potions_obtained":[{"floor":9.0,"key":"Strength Potion"},{"floor":11.0,"key":"Fire Potion"},{"floor":16.0,"key":"Explosive Potion"},{"floor":19.0,"key":"FearPotion"},{"floor":20.0,"key":"ColorlessPotion"},{"floor":20.0,"key":"Fire Potion"},{"floor":26,"key":"Regen Potion"},{"floor":37,"key":"BlessingOfTheForge"},{"floor":44,"key":"Dexterity Potion"}],"is_trial":false,"path_per_floor":["R","M","?","$","M","R","T","?","M","T","E","M","R","M","M","B",null,"R","M","?","$","M","R","T","?","M","R","M","M","R","M","M","B",null,"R","M","?","M","?","$","T","$","?","M","$","?","R","$","M","B",null],"character_chosen":"GUARDIAN","items_purchased":["Guardian:Gem_Fragmented","Guardian:BaubleBeam","Guardian:EvasiveProtocol","Guardian:Gem_White","Guardian:StasisField","Guardian:Gem_Cyan","Orrery","Deep Breath","Guardian:GuardianWhirl","Centennial Puzzle","Guardian:StasisField","Guardian:PolyBeam"],"campfire_rested":0,"item_purchase_floors":[4,4,4,21,39,40,40,40,40,42,45,45],"current_hp_per_floor":[72,72,72,71,71,71,71,47,46,46,46,40,40,40,40,11,72,72,68,68,68,68,68,68,60,57,57,53,50,50,41,38,16,72,72,69,66,61,57,57,57,57,54,49,49,49,49,49,44,21],"gold":63,"neow_bonus":"TWO_FIFTY_GOLD","is_daily":false,"chose_seed":false,"campfire_upgraded":7,"win_rate":0.0,"timestamp":1609623021,"path_taken":["R","M","?","$","M","R","T","?","M","?","E","M","R","?","M","BOSS","R","M","?","?","M","R","T","?","M","R","M","M","R","?","M","BOSS","R","M","?","M","?","$","T","$","?","M","?","?","R","$","M","BOSS"],"items_purchased_type":["Card","Card","Card","Card","Card","Card","Relic","Card","Card","Relic","Card","Card"],"build_version":"2020-12-22","purchased_purges":4,"victory":true,"max_hp_per_floor":[72,72,72,72,72,72,72,72,72,72,72,72,72,72,72,72,72,72,72,72,72,72,72,72,72,72,72,72,72,72,72,72,72,72,72,72,72,72,72,72,72,72,72,72,72,72,72,72,72,72],"card_choices":[{"not_picked":["Guardian:Planning","Guardian:TimeBomb"],"picked":"Guardian:SpikerProtocol","floor":2.0},{"not_picked":["Guardian:ChargeCore","Guardian:DecasProtection"],"picked":"Guardian:RevengeProtocol","floor":4.0},{"not_picked":["Guardian:Repulse","Guardian:TemporalStrike"],"picked":"Guardian:DecasProtection","floor":5.0},{"not_picked":["Guardian:ChargeCore","Guardian:PiercingHide","Guardian:Incinerate"],"picked":"SKIP","floor":9.0},{"not_picked":["Guardian:TimeBomb","Guardian:SpikerProtocol","Guardian:TimeCapacitor"],"picked":"SKIP","floor":11.0},{"not_picked":["Guardian:PiercingHide","Guardian:Gem_Red"],"picked":"Guardian:Gem_White","floor":12.0},{"not_picked":["Guardian:PolyBeam","Guardian:Harden","Guardian:Suspension"],"picked":"SKIP","floor":14.0},{"not_picked":["Guardian:TemporalStrike","Guardian:WalkerClaw"],"picked":"Guardian:PrismaticBarrier","floor":15.0},{"not_picked":["Guardian:HyperBeam_Guardian","Guardian:ExploitGems"],"picked":"Guardian:BaubleBeam","floor":16.0},{"not_picked":["Guardian:TemporalShield","Guardian:Gem_Lightblue","Guardian:Gem_Cyan"],"picked":"SKIP","floor":19.0},{"not_picked":["Guardian:TemporalShield","Guardian:Gem_Lightblue","Guardian:Gem_Cyan"],"picked":"SKIP","floor":19.0},{"not_picked":["Guardian:Gem_Green","Guardian:DonusPower"],"picked":"Guardian:Gem_Crimson","floor":21},{"not_picked":["Guardian:Clone","Guardian:Incinerate","Guardian:TemporalStrike"],"picked":"SKIP","floor":22},{"not_picked":["Guardian:TemporalStrike","Guardian:RollAttack","Guardian:Reroute+1"],"picked":"SKIP","floor":26},{"not_picked":["Guardian:Preprogram","Guardian:TimeCapacitor"],"picked":"Guardian:PolyBeam+1","floor":28},{"not_picked":["Guardian:Incinerate","Guardian:Reroute","Guardian:DecasProtection"],"picked":"SKIP","floor":29},{"not_picked":["Guardian:VentSteam","Guardian:Harden"],"picked":"Guardian:Gem_Synthetic","floor":31},{"not_picked":["Guardian:ArmoredProtocol","Guardian:TemporalShield","Guardian:PiercingHide"],"picked":"SKIP","floor":32},{"not_picked":["Guardian:ConstructionForm","Guardian:HyperBeam_Guardian"],"picked":"Guardian:StasisStrike","floor":33},{"not_picked":["Guardian:Preprogram+1","Guardian:PiercingHide+1"],"picked":"Guardian:TemporalStrike+1","floor":36},{"not_picked":["Guardian:TimeBomb","Guardian:Gem_Red","Guardian:SpikerProtocol"],"picked":"SKIP","floor":38},{"not_picked":["Guardian:Reroute","Guardian:Gem_Cyan"],"picked":"Guardian:PrismaticBarrier+1","floor":39},{"not_picked":["Guardian:PiercingHide+1","Guardian:BronzeArmor+1"],"picked":"Guardian:Gem_Blue","floor":40},{"not_picked":["Guardian:ArmoredProtocol+1","Guardian:Gem_Green"],"picked":"Guardian:Gem_Purple","floor":40},{"not_picked":["Guardian:Clone+1","Guardian:ShieldSpikes+1"],"picked":"Guardian:Gem_Lightblue","floor":40},{"not_picked":["Guardian:ChargeCore+1","Guardian:SpikerProtocol"],"picked":"Guardian:Gem_White","floor":44},{"not_picked":["Guardian:ShieldSpikes+1","Guardian:Gem_Cyan","Guardian:Gem_Blue"],"picked":"SKIP","floor":44},{"not_picked":["Guardian:TemporalStrike","Guardian:VentSteam+1"],"picked":"Guardian:FloatingOrbs","floor":49},{"not_picked":["Guardian:EvasiveProtocol","Guardian:PrimingBeam"],"picked":"Guardian:Gem_White","floor":49}],"player_experience":103763,"relics_obtained":[{"floor":7.0,"key":"Bottled Tornado"},{"floor":10.0,"key":"Shuriken"},{"floor":11.0,"key":"Ginger"},{"floor":24,"key":"Mercury Hourglass"},{"floor":37,"key":"Incense Burner"},{"floor":41,"key":"Sundial"},{"floor":43,"key":"Prayer Wheel"}],"event_choices":[{"damage_healed":0.0,"max_hp_gain":0.0,"max_hp_loss":0.0,"gold_gain":0.0,"event_name":"Lab","player_choice":"Got Potions","floor":20.0,"gold_loss":0.0,"damage_taken":0.0},{"damage_healed":0,"gold_gain":0,"player_choice":"Fight","damage_taken":0,"max_hp_gain":0,"max_hp_loss":0,"event_name":"Mysterious Sphere","floor":43,"gold_loss":0},{"cards_removed":["Guardian:DecasProtection"],"damage_healed":0,"gold_gain":0,"player_choice":"Removed Skill","damage_taken":0,"max_hp_gain":0,"max_hp_loss":0,"event_name":"Falling","floor":46,"gold_loss":0}],"is_beta":false,"boss_relics":[{"not_picked":["Guardian:ModeShifterPlus","downfall:Hecktoplasm"],"picked":"Empty Cage"},{"not_picked":["Black Star","Fusion Hammer"],"picked":"Coffee Dripper"}],"items_purged_floors":[4,39,40,42],"is_endless":false,"potions_floor_spawned":[8,9,11,16,19,22,26,37,44],"ascension_level":0}}