{"host":"0azimyi6n3ugndj4","time":1609622297,"event":{"mods":["2.2 Compatiblity","BaseMod","Bestiary","Conspire","Curses Come First","Defuse TimeMaze Blight","Hermit","Hyrulean Relics","Infinite Spire","Minty Spire (QoL Compilation)","Relic Filter","Relic Stats","Replay The Spire","StSLib","SuperFastMode","The Cursed","Uncapped","¡¼?Úª?ø«¡½REMEMod"],"gold_per_floor":[156,189,114,264,264,351,351,390,390,496,537,608,202,248,248,488,488,547,462,422,484,484,591,77,157,157,246,246,271,273,320,320,434,434],"floor_reached":33,"playtime":494,"items_purged":["Doubt"],"score":861,"play_id":"c0b49641-0aff-40ce-b818-6b6038b16d07","local_time":"20210103061817","daily_mods":["SealedDeck","Insanity","Chimera","Specialized","Vintage","ControlledChaos","Allstar","Diverse","Colorless Cards","Heirloom","Time Dilation","Flight","Elite Swarm","Lethality","Midas","Binary"],"is_ascension_mode":true,"campfire_choices":[{"data":"1","floor":7,"key":"LIFT"},{"data":"2","floor":15,"key":"LIFT"},{"floor":32,"key":"REST"}],"circlet_count":0,"master_deck":["Echo Form+1","DevaForm","AscendersBane","Bash","Survivor","Zap","Strike_R","Strike_G","Strike_B","Defend_R","Defend_G","Defend_P","hermit:Feint","Cold Snap","Perfected Strike","Dagger Spray","Hologram","hermit:Feint","Double Energy","TheCursedMod:TroublousMinions","hermit:Ricochet","hermit:SprayPray","Barrage","TheCursedMod:StingEye","REME_TheoryOfElimination","Darkness","Outmaneuver","ReplayTheSpireMod:Dual Polarity","hermit:TrackingShot","hermit:SprayPray","TheCursedMod:CircleOfCorruption","Time Bomb","TheCursedMod:SpreadPlague","hermit:Coalescence","ClearTheMind","Poisoned Stab","hermit:Vantage","Inflame","Outmaneuver","TheCursedMod:RapidMovement","TheCursedMod:CircleOfFlame","Steam","TheCursedMod:FleshFromBone","Finisher","hermit:Glare","Replay:Sssssssssstrike+1","Sever Soul","Go for the Eyes","Wallop","Mind Blast","ReplayTheSpireMod:Strike From Hell","Anger","Steam","Underhanded Strike","Chill","Reckless Charge","Bloodletting","hermit:HoleUp","Reprogram","Underhanded Strike","Deadly Poison","ReplaySolidLightProjector","TheCursedMod:ReleasedStrength","TheCursedMod:ReleasedStrength","TheCursedMod:ReleasedStrength","TheCursedMod:ReleasedStrength","TheCursedMod:ReleasedStrength","REME_SelfUpgrade","TheCursedMod:BlessingInDisguise","Body Slam","TheCursedMod:Stretching","TheCursedMod:SurpriseAttack","hermit:Dive","Crippling Poison","TheCursedMod:CircleOfCorruption","Body Slam+1","hermit:Snipe","REME_ShadowForm","Replay:Fractal Strike"],"relics":["TheCursedMod:BlackMagic101","Frozen Eye","Busted Crown","REME_ComplimentaryCards","Girya","Mummified Hand","ReplayTheSpireMod:Lightbulb","zeldaRelics:CourageTriforce","Replay:Bandana","Blue Doll","zeldaRelics:WisdomTriforce","Sling","REME_HandOfSuture","infinitespire:Midas Blood","Empty Cage","ReplayTheSpireMod:Shallot","Ancient Tea Set","Whetstone","Medical Kit","Thread and Needle","Onion Ring","zeldaRelics:PowerPiece","Kunai"],"acts_visited":["Exordium","TheCity"],"potions_floor_usage":[33],"damage_taken":[{"damage":0,"enemies":"Jaw Worm","floor":1,"turns":1},{"damage":0,"enemies":"Small Slimes","floor":2,"turns":1},{"damage":0,"enemies":"Lagavulin","floor":6,"turns":2},{"damage":0,"enemies":"Cultist","floor":8,"turns":1},{"damage":10,"enemies":"3 Sentries","floor":10,"turns":4},{"damage":0,"enemies":"3 Louse","floor":11,"turns":3},{"damage":3,"enemies":"Exordium Thugs","floor":14,"turns":2},{"damage":42,"enemies":"Hexaghost","floor":16,"turns":7},{"damage":0,"enemies":"2 Thieves","floor":18,"turns":1},{"damage":0,"enemies":"Spheric Guardian","floor":21,"turns":1},{"damage":0,"enemies":"Slavers","floor":23,"turns":3},{"damage":3,"enemies":"3 Cultists","floor":25,"turns":3},{"damage":17,"enemies":"Book of Stabbing","floor":27,"turns":3},{"damage":0,"enemies":"Snake Plant","floor":31,"turns":1},{"damage":39,"enemies":"Pondfish","floor":33,"turns":3}],"seed_played":"-3942154842420580411","potions_obtained":[{"floor":10,"key":"Block Potion"},{"floor":11,"key":"SmokeBomb"}],"is_trial":true,"path_per_floor":["M","M","?","?","?","E","R","M","T","E","M","T","$","M","R","B",null,"M","?","?","M","?","E","$","M","T","E","?","T","?","M","R","B"],"character_chosen":"THE_CURSED","items_purchased":["Sling","REME_HandOfSuture","Medical Kit","Thread and Needle"],"campfire_rested":1,"item_purchase_floors":[13,13,24,24],"current_hp_per_floor":[64,64,64,64,60,60,60,60,60,50,50,50,50,47,47,5,55,55,55,55,55,55,55,55,52,52,35,35,35,18,18,39,0,0],"gold":434,"neow_bonus":"","is_daily":false,"chose_seed":false,"campfire_upgraded":0,"win_rate":0.0,"timestamp":1609622297,"path_taken":["M","M","?","?","?","E","R","?","T","E","M","?","$","?","R","BOSS","M","?","?","?","?","E","?","?","T","E","?","?","?","M","R","BOSS"],"items_purchased_type":["Relic","Relic","Relic","Relic"],"build_version":"2020-12-22","purchased_purges":1,"victory":false,"max_hp_per_floor":[71,71,71,71,71,71,71,71,71,71,71,71,71,71,71,71,71,71,71,71,71,71,71,71,71,71,71,71,71,71,71,71,71,71],"relic_stats":{"Busted Crown":16,"counters":[15,36],"Mummified Hand":[12],"Whetstone":["Body Slam","Replay:Sssssssssstrike"],"Kunai":[1],"Medical Kit":[0],"obtain_stats":[{"Blue Doll":11,"Whetstone":21,"Sling":13,"Empty Cage":17,"Ancient Tea Set":19,"zeldaRelics:WisdomTriforce":26,"Frozen Eye":0,"Replay:Bandana":8,"Mummified Hand":1,"zeldaRelics:CouragePiece":6,"Kunai":31,"zeldaRelics:PowerPiece":27,"TheCursedMod:BlackMagic101":0,"Girya":0,"zeldaRelics:WisdomPiece":12,"Thread and Needle":24,"Medical Kit":24,"zeldaRelics:CourageTriforce":10,"Busted Crown":0,"ReplayTheSpireMod:Shallot":18,"Onion Ring":25,"REME_HandOfSuture":13,"ReplayTheSpireMod:Lightbulb":2,"REME_ComplimentaryCards":0,"infinitespire:Midas Blood":14},{"Blue Doll":6,"Whetstone":10,"Sling":6,"Empty Cage":8,"Ancient Tea Set":9,"zeldaRelics:WisdomTriforce":12,"Frozen Eye":0,"Replay:Bandana":4,"Mummified Hand":1,"zeldaRelics:CouragePiece":3,"Kunai":14,"zeldaRelics:PowerPiece":13,"TheCursedMod:BlackMagic101":0,"Girya":0,"zeldaRelics:WisdomPiece":6,"Thread and Needle":11,"Medical Kit":11,"zeldaRelics:CourageTriforce":5,"Busted Crown":0,"ReplayTheSpireMod:Shallot":9,"Onion Ring":12,"REME_HandOfSuture":6,"ReplayTheSpireMod:Lightbulb":2,"REME_ComplimentaryCards":0,"infinitespire:Midas Blood":7},{"Blue Doll":12,"Whetstone":23,"Sling":12,"Empty Cage":21,"Ancient Tea Set":22,"zeldaRelics:WisdomTriforce":29,"Frozen Eye":0,"Replay:Bandana":5,"Mummified Hand":1,"zeldaRelics:CouragePiece":4,"Kunai":33,"zeldaRelics:PowerPiece":32,"TheCursedMod:BlackMagic101":0,"Girya":0,"zeldaRelics:WisdomPiece":12,"Thread and Needle":26,"Medical Kit":26,"zeldaRelics:CourageTriforce":9,"Busted Crown":0,"ReplayTheSpireMod:Shallot":22,"Onion Ring":29,"REME_HandOfSuture":12,"ReplayTheSpireMod:Lightbulb":2,"REME_ComplimentaryCards":0,"infinitespire:Midas Blood":14}]},"card_choices":[{"not_picked":["ReplayTheSpireMod:Echoes of Time","infinitespire:SealOfDarkness+"],"picked":"Replay:Fractal Strike","floor":30}],"player_experience":1509350,"relics_obtained":[{"floor":1,"key":"Mummified Hand"},{"floor":2,"key":"ReplayTheSpireMod:Lightbulb"},{"floor":6,"key":"zeldaRelics:CouragePiece"},{"floor":8,"key":"Replay:Bandana"},{"floor":9,"key":"zeldaRelics:CouragePiece"},{"floor":10,"key":"zeldaRelics:CouragePiece"},{"floor":11,"key":"Blue Doll"},{"floor":12,"key":"zeldaRelics:WisdomPiece"},{"floor":14,"key":"infinitespire:Midas Blood"},{"floor":18,"key":"ReplayTheSpireMod:Shallot"},{"floor":21,"key":"Whetstone"},{"floor":23,"key":"zeldaRelics:WisdomPiece"},{"floor":25,"key":"Onion Ring"},{"floor":26,"key":"zeldaRelics:WisdomPiece"},{"floor":27,"key":"zeldaRelics:PowerPiece"},{"floor":29,"key":"zeldaRelics:PowerPiece"},{"floor":31,"key":"Kunai"}],"event_choices":[{"cards_removed":["Eruption"],"damage_healed":0,"gold_gain":0,"player_choice":"Card Removal","damage_taken":0,"max_hp_gain":0,"max_hp_loss":0,"event_name":"The Cleric","floor":3,"gold_loss":75},{"damage_healed":0,"gold_gain":150,"player_choice":"AGREE","damage_taken":0,"max_hp_gain":0,"max_hp_loss":0,"event_name":"Liars Game","floor":4,"gold_loss":0,"cards_obtained":["Doubt"]},{"damage_healed":0,"gold_gain":0,"player_choice":"Leave","damage_taken":0,"max_hp_gain":0,"max_hp_loss":0,"event_name":"conspire:Investor","floor":5,"gold_loss":0},{"damage_healed":0,"gold_gain":0,"player_choice":"Obtained Relic","damage_taken":0,"relics_obtained":["Ancient Tea Set"],"max_hp_gain":0,"max_hp_loss":0,"event_name":"Addict","floor":19,"gold_loss":85},{"damage_healed":0,"gold_gain":0,"player_choice":"Bought 3 Potions","damage_taken":0,"max_hp_gain":0,"max_hp_loss":0,"event_name":"The Woman in Blue","floor":20,"gold_loss":0},{"damage_healed":0,"gold_gain":0,"player_choice":"Upgraded","damage_taken":0,"max_hp_gain":0,"max_hp_loss":0,"event_name":"Upgrade Shrine","floor":22,"gold_loss":0,"cards_upgraded":["Echo Form"]},{"damage_healed":0,"gold_gain":0,"player_choice":"Ignored","damage_taken":0,"max_hp_gain":0,"max_hp_loss":0,"event_name":"Vampires","floor":28,"gold_loss":0}],"is_beta":false,"boss_relics":[{"not_picked":["Replay:Drink Me","REME_DuelDisc"],"picked":"Empty Cage"}],"items_purged_floors":[13],"is_endless":false,"potions_floor_spawned":[10,11,14,18,25],"killed_by":"Pondfish","ascension_level":20}}