{"host":"s46wxd55b7oh5kab","time":1609574294,"event":{"mods":["2.2 Compatiblity","BaseMod","Minty Spire (QoL Compilation)","StSLib","The Bug Knight"],"gold_per_floor":[112,187,112,112,130,165,175,175,223,223,173,208,224,239,239,342,342,358,358,378,378,378],"floor_reached":21,"playtime":692,"items_purged":["Strike_G"],"score":268,"play_id":"dfa00f38-ee31-4b3e-b20e-d50cd729903c","local_time":"20210102165814","is_ascension_mode":true,"campfire_choices":[{"data":"Poisoned Stab","floor":8.0,"key":"SMITH"},{"data":"Tactician","floor":10.0,"key":"SMITH"},{"data":"Calculated Gamble","floor":15.0,"key":"SMITH"}],"circlet_count":0,"master_deck":["Strike_G","Strike_G","Strike_G","Strike_G","Defend_G","Defend_G","Defend_G","Defend_G","Survivor","Neutralize","Deadly Poison","Dagger Spray","Poisoned Stab+1","Tactician+1","Footwork","Calculated Gamble+1","Bouncing Flask","Adrenaline","PiercingWail+1","Accuracy"],"relics":["Ring of the Snake","NeowsBlessing","Omamori","Dream Catcher","Sundial","WristBlade"],"acts_visited":["Exordium","TheCity"],"potions_floor_usage":[],"damage_taken":[{"damage":0.0,"enemies":"Jaw Worm","floor":1.0,"turns":1.0},{"damage":0.0,"enemies":"Small Slimes","floor":5.0,"turns":1.0},{"damage":0.0,"enemies":"Gremlin Nob","floor":6.0,"turns":1.0},{"damage":3.0,"enemies":"Cultist","floor":7.0,"turns":4.0},{"damage":27.0,"enemies":"3 Sentries","floor":12.0,"turns":9.0},{"damage":1.0,"enemies":"Blue Slaver","floor":13.0,"turns":3.0},{"damage":0.0,"enemies":"Exordium Thugs","floor":14.0,"turns":4.0},{"damage":29.0,"enemies":"Hexaghost","floor":16.0,"turns":8.0},{"damage":7.0,"enemies":"Chosen","floor":18.0,"turns":4.0},{"damage":6,"enemies":"Spheric Guardian","floor":20,"turns":4},{"damage":49,"enemies":"3 Cultists","floor":21,"turns":4}],"seed_played":"5843548520476034112","potions_obtained":[{"floor":1.0,"key":"Fruit Juice"},{"floor":13.0,"key":"AttackPotion"},{"floor":14.0,"key":"Explosive Potion"}],"is_trial":false,"path_per_floor":["M","?","$","?","M","E","M","R","T","R","?","E","M","M","R","B",null,"M","?","M","M"],"character_chosen":"THE_SILENT","items_purchased":[],"campfire_rested":0,"item_purchase_floors":[],"current_hp_per_floor":[70,59,59,59,59,59,56,56,56,56,56,34,33,33,33,4,57,50,50,44,0,0],"gold":378,"neow_bonus":"THREE_ENEMY_KILL","is_daily":false,"chose_seed":false,"campfire_upgraded":3,"win_rate":0.0,"timestamp":1609574294,"path_taken":["M","?","$","?","M","E","M","R","T","R","?","E","M","M","R","BOSS","M","?","?","M"],"items_purchased_type":[],"build_version":"2020-12-22","purchased_purges":1,"victory":false,"max_hp_per_floor":[70,70,70,70,70,70,70,70,70,70,70,75,75,75,75,75,75,75,75,75,75,75],"card_choices":[{"not_picked":["Eviscerate","Bane"],"picked":"Deadly Poison","floor":1.0},{"not_picked":["Skewer","Setup"],"picked":"Dagger Spray","floor":5.0},{"not_picked":["Die Die Die","Outmaneuver"],"picked":"Poisoned Stab","floor":6.0},{"not_picked":["Dagger Throw","Skewer"],"picked":"Tactician","floor":7.0},{"not_picked":["Riddle With Holes","Prepared"],"picked":"Footwork","floor":12.0},{"not_picked":["All Out Attack","Sucker Punch"],"picked":"Calculated Gamble","floor":13.0},{"not_picked":["Prepared","Deadly Poison"],"picked":"Bouncing Flask","floor":14.0},{"not_picked":["Tools of the Trade","Glass Knife"],"picked":"Adrenaline","floor":16.0},{"not_picked":["Flying Knee","Quick Slash"],"picked":"PiercingWail+1","floor":18.0},{"not_picked":["Blur","Backflip"],"picked":"Accuracy","floor":20}],"player_experience":82448,"relics_obtained":[{"floor":6.0,"key":"Omamori"},{"floor":9.0,"key":"Dream Catcher"},{"floor":12.0,"key":"Sundial"}],"event_choices":[{"damage_healed":0.0,"max_hp_gain":0.0,"max_hp_loss":0.0,"gold_gain":75.0,"event_name":"World of Goop","player_choice":"Gather Gold","floor":2.0,"gold_loss":0.0,"damage_taken":11.0},{"damage_healed":0.0,"max_hp_gain":0.0,"max_hp_loss":0.0,"gold_gain":0.0,"event_name":"Liars Game","player_choice":"Ignored","floor":4.0,"gold_loss":0.0,"damage_taken":0.0},{"cards_removed":["Defend_G"],"damage_healed":0.0,"max_hp_gain":0.0,"max_hp_loss":0.0,"gold_gain":0.0,"event_name":"The Cleric","player_choice":"Card Removal","floor":11.0,"gold_loss":50.0,"damage_taken":0.0},{"damage_healed":0.0,"max_hp_gain":0.0,"max_hp_loss":0.0,"gold_gain":0.0,"event_name":"The Woman in Blue","player_choice":"Bought 0 Potions","floor":19.0,"gold_loss":0.0,"damage_taken":0.0}],"is_beta":false,"boss_relics":[{"not_picked":["Black Star","Snecko Eye"],"picked":"WristBlade"}],"items_purged_floors":[3],"is_endless":false,"potions_floor_spawned":[1,13,14],"killed_by":"3 Cultists","ascension_level":5}}