{"host":"cwp0xoxch9uxtnfk","time":1609612099,"event":{"mods":["AchievementEnabler","BaseMod","Bestiary","Colored Map","Colored Powertips","DeckTracker","Highlight Path","Minty Spire (QoL Compilation)","Rare Cards Sparkle","Relic Sorter","Relic Stats"],"gold_per_floor":[112,128,145,164,182,214,214,214,240,256,32,50,50,62,62,167,167,179,179,179,197,97,97,60,60,60,60,72,83,83,8,8,113,113,132,7,57,109,109,109,0,0,25,42,58,158,178,192,192,192,192,192,42,67,67,67],"floor_reached":55,"playtime":5030,"items_purged":["Strike_B","Strike_B","Defend_B","Defend_B"],"score":619,"play_id":"e6c937f3-0a43-4c8d-aba3-52044b577dd8","local_time":"20210102182819","is_ascension_mode":false,"campfire_choices":[{"floor":8.0,"key":"RECALL"},{"data":"Consume","floor":15.0,"key":"SMITH"},{"floor":23.0,"key":"REST"},{"data":"Creative AI","floor":25.0,"key":"SMITH"},{"data":"Consume","floor":27.0,"key":"SMITH"},{"floor":30.0,"key":"REST"},{"data":"Dualcast","floor":32.0,"key":"SMITH"},{"floor":40.0,"key":"REST"},{"floor":42.0,"key":"REST"},{"floor":49,"key":"REST"},{"data":"Defend_B","floor":52,"key":"PURGE"}],"circlet_count":0,"master_deck":["Defend_B","Zap","Dualcast+1","Conserve Battery","Cold Snap","Biased Cognition","Conserve Battery","Doom and Gloom","Consume+1","Ball Lightning","Ball Lightning","Creative AI+1","FTL","Conserve Battery","Consume+1","Leap","Darkness+1","Rainbow","Doom and Gloom+1","Glacier","Ball Lightning+1","Cold Snap+1","Compile Driver+1","Multi-Cast","FTL+1","Steam+1"],"relics":["Cracked Core","Bag of Marbles","Lantern","Happy Flower","Inserter","MutagenicStrength","Philosopher\u0027s Stone","Peace Pipe","Prayer Wheel","Red Mask","Anchor","Strawberry"],"acts_visited":["Exordium","TheCity","TheBeyond","TheEnding"],"potions_floor_usage":[55,55],"damage_taken":[{"damage":0.0,"enemies":"2 Louse","floor":1.0,"turns":2.0},{"damage":0.0,"enemies":"Cultist","floor":2.0,"turns":4.0},{"damage":0.0,"enemies":"Small Slimes","floor":3.0,"turns":3.0},{"damage":2.0,"enemies":"Exordium Wildlife","floor":4.0,"turns":3.0},{"damage":0.0,"enemies":"Looter","floor":5.0,"turns":4.0},{"damage":10.0,"enemies":"Lagavulin","floor":6.0,"turns":7.0},{"damage":0.0,"enemies":"Blue Slaver","floor":10.0,"turns":3.0},{"damage":0.0,"enemies":"Large Slime","floor":12.0,"turns":3.0},{"damage":0.0,"enemies":"Looter","floor":14.0,"turns":2.0},{"damage":15.0,"enemies":"Slime Boss","floor":16.0,"turns":7.0},{"damage":27.0,"enemies":"2 Thieves","floor":18.0,"turns":4.0},{"damage":7.0,"enemies":"Chosen","floor":21.0,"turns":5.0},{"damage":0.0,"enemies":"Snake Plant","floor":28.0,"turns":2.0},{"damage":4.0,"enemies":"Sentry and Sphere","floor":29.0,"turns":8.0},{"damage":35.0,"enemies":"Champ","floor":33.0,"turns":9.0},{"damage":0.0,"enemies":"Orb Walker","floor":35.0,"turns":2.0},{"damage":0.0,"enemies":"Mind Bloom Boss Battle","floor":37.0,"turns":6.0},{"damage":41.0,"enemies":"2 Orb Walkers","floor":38.0,"turns":4.0},{"damage":0.0,"enemies":"3 Shapes","floor":44.0,"turns":4.0},{"damage":0,"enemies":"3 Darklings","floor":45,"turns":5},{"damage":27,"enemies":"Spire Growth","floor":47,"turns":4},{"damage":1,"enemies":"Maw","floor":48,"turns":6},{"damage":54,"enemies":"Awakened One","floor":50,"turns":15},{"damage":70,"enemies":"Shield and Spear","floor":54,"turns":7},{"damage":82,"enemies":"The Heart","floor":55,"turns":3}],"seed_played":"2047962381918883330","potions_obtained":[{"floor":1.0,"key":"Swift Potion"},{"floor":3.0,"key":"Energy Potion"},{"floor":4.0,"key":"Strength Potion"},{"floor":6.0,"key":"SneckoOil"},{"floor":21.0,"key":"DistilledChaos"},{"floor":33.0,"key":"FairyPotion"},{"floor":45,"key":"Dexterity Potion"}],"is_trial":false,"path_per_floor":["M","M","M","M","M","E","?","R","T","M","$","M","?","M","R","B",null,"M","?","?","M","$","R","$","R","T","R","M","M","R","?","R","B",null,"M","$","?","?","?","R","?","R","T","M","M","?","M","M","R","B",null,"R","$","E","B"],"character_chosen":"DEFECT","items_purchased":["Happy Flower","Consume"],"campfire_rested":5,"item_purchase_floors":[11,24],"current_hp_per_floor":[82,82,82,80,80,70,70,70,70,70,70,70,70,70,70,55,82,55,55,55,48,48,72,72,72,72,72,72,68,82,82,82,47,82,82,82,82,41,41,65,65,82,82,82,82,82,55,54,78,24,82,82,82,19,0,0],"gold":67,"neow_bonus":"TEN_PERCENT_HP_BONUS","is_daily":false,"chose_seed":false,"campfire_upgraded":4,"win_rate":0.0,"timestamp":1609612099,"path_taken":["M","M","M","M","M","E","?","R","T","M","$","?","?","M","R","BOSS","M","?","?","M","$","R","?","R","T","R","M","M","R","?","R","BOSS","M","$","?","?","?","R","?","R","T","?","M","?","M","M","R","BOSS","R","$","E","BOSS"],"items_purchased_type":["Relic","Card"],"build_version":"2020-12-22","purchased_purges":4,"victory":false,"max_hp_per_floor":[82,82,82,82,82,82,82,82,82,82,82,82,82,82,82,82,82,82,82,82,82,82,82,82,82,82,82,82,82,82,82,82,82,82,82,82,82,82,82,82,82,82,82,82,82,82,82,82,82,82,82,82,82,89,89,89],"relic_stats":{"Peace Pipe":1,"Inserter":[42],"Happy Flower":[32],"counters":[25,122],"Prayer Wheel":5,"obtain_stats":[{"Peace Pipe":37,"Lantern":9,"Anchor":43,"Inserter":17,"Happy Flower":11,"MutagenicStrength":20,"Strawberry":54,"Philosopher\u0027s Stone":34,"Prayer Wheel":38,"Bag of Marbles":6,"Red Mask":41,"Cracked Core":0},{"Peace Pipe":17,"Lantern":6,"Anchor":18,"Inserter":10,"Happy Flower":7,"MutagenicStrength":11,"Strawberry":24,"Philosopher\u0027s Stone":15,"Prayer Wheel":18,"Bag of Marbles":6,"Red Mask":18,"Cracked Core":0},{"Peace Pipe":74,"Lantern":23,"Anchor":78,"Inserter":38,"Happy Flower":26,"MutagenicStrength":42,"Strawberry":119,"Philosopher\u0027s Stone":66,"Prayer Wheel":78,"Bag of Marbles":23,"Red Mask":78,"Cracked Core":0}]},"card_choices":[{"not_picked":["Skim","Steam Power"],"picked":"Conserve Battery","floor":1.0},{"not_picked":["Sweeping Beam","Turbo"],"picked":"Cold Snap","floor":2.0},{"not_picked":["Rebound","Steam"],"picked":"Biased Cognition","floor":3.0},{"not_picked":["Redo","BootSequence"],"picked":"Conserve Battery","floor":4.0},{"not_picked":["Hologram","Beam Cell"],"picked":"Doom and Gloom","floor":5.0},{"not_picked":["Fission","Compile Driver"],"picked":"Consume","floor":6.0},{"not_picked":["Turbo","Skim"],"picked":"Ball Lightning","floor":10.0},{"not_picked":["BootSequence","Cold Snap","Static Discharge"],"picked":"SKIP","floor":12.0},{"not_picked":["Aggregate","Cold Snap"],"picked":"Ball Lightning","floor":14.0},{"not_picked":["Machine Learning","Rainbow"],"picked":"Creative AI","floor":16.0},{"not_picked":["Cold Snap+1","Static Discharge"],"picked":"FTL","floor":18.0},{"not_picked":["White Noise","Gash+1"],"picked":"Conserve Battery","floor":21.0},{"not_picked":["Conserve Battery","Go for the Eyes"],"picked":"Leap","floor":28.0},{"not_picked":["Steam","Streamline"],"picked":"Darkness+1","floor":29.0},{"not_picked":["Seek","Buffer"],"picked":"Rainbow","floor":33.0},{"not_picked":["Leap","Reprogram+1"],"picked":"Doom and Gloom+1","floor":35.0},{"not_picked":["Hello World","Hologram"],"picked":"Glacier","floor":38.0},{"not_picked":["Static Discharge+1","Cold Snap+1"],"picked":"Ball Lightning+1","floor":44},{"not_picked":["Buffer","Reinforced Body","Tempest+1"],"picked":"SKIP","floor":44},{"not_picked":["Hello World","Barrage+1"],"picked":"Cold Snap+1","floor":45},{"not_picked":["Heatsinks","Go for the Eyes+1","Turbo+1"],"picked":"SKIP","floor":45},{"not_picked":["Beam Cell+1","Turbo+1"],"picked":"Compile Driver+1","floor":47},{"not_picked":["Melter+1","Beam Cell","Ball Lightning"],"picked":"SKIP","floor":47},{"not_picked":["Force Field","Barrage"],"picked":"Multi-Cast","floor":48},{"not_picked":["Gash+1","Force Field+1"],"picked":"FTL+1","floor":48},{"not_picked":["Fusion+1","Ball Lightning"],"picked":"Steam+1","floor":54}],"player_experience":131075,"relics_obtained":[{"floor":6.0,"key":"Bag of Marbles"},{"floor":9.0,"key":"Lantern"},{"floor":37.0,"key":"Peace Pipe"},{"floor":38.0,"key":"Prayer Wheel"},{"floor":43.0,"key":"Anchor"},{"floor":54,"key":"Strawberry"}],"event_choices":[{"damage_healed":0.0,"max_hp_gain":0.0,"max_hp_loss":0.0,"gold_gain":0.0,"event_name":"The Woman in Blue","player_choice":"Bought 0 Potions","floor":7.0,"gold_loss":0.0,"damage_taken":0.0},{"cards_removed":["Strike_B"],"damage_healed":0.0,"max_hp_gain":0.0,"max_hp_loss":0.0,"gold_gain":0.0,"event_name":"Purifier","player_choice":"Purged","floor":13.0,"gold_loss":0.0,"damage_taken":0.0},{"damage_healed":0.0,"max_hp_gain":0.0,"max_hp_loss":0.0,"gold_gain":0.0,"event_name":"Vampires","player_choice":"Ignored","floor":19.0,"gold_loss":0.0,"damage_taken":0.0},{"damage_healed":0.0,"max_hp_gain":0.0,"max_hp_loss":0.0,"gold_gain":0.0,"event_name":"Drug Dealer","player_choice":"Inject Mutagens","floor":20.0,"gold_loss":0.0,"damage_taken":0.0,"relics_obtained":["MutagenicStrength"]},{"cards_removed":["Strike_B"],"damage_healed":0.0,"max_hp_gain":0.0,"max_hp_loss":0.0,"gold_gain":0.0,"event_name":"Beggar","player_choice":"Gave Gold","floor":31.0,"gold_loss":75.0,"damage_taken":0.0},{"damage_healed":0.0,"max_hp_gain":0.0,"max_hp_loss":0.0,"gold_gain":0.0,"event_name":"MindBloom","player_choice":"Fight","floor":37.0,"gold_loss":0.0,"damage_taken":0.0},{"damage_healed":0.0,"max_hp_gain":0.0,"max_hp_loss":0.0,"gold_gain":0.0,"event_name":"Mysterious Sphere","player_choice":"Fight","floor":38.0,"gold_loss":0.0,"damage_taken":0.0},{"damage_healed":0.0,"max_hp_gain":0.0,"max_hp_loss":0.0,"gold_gain":0.0,"event_name":"The Moai Head","player_choice":"Ignored","floor":39.0,"gold_loss":0.0,"damage_taken":0.0},{"damage_healed":0.0,"max_hp_gain":0.0,"max_hp_loss":0.0,"gold_gain":0.0,"event_name":"Tomb of Lord Red Mask","player_choice":"Paid","floor":41.0,"gold_loss":109.0,"damage_taken":0.0,"relics_obtained":["Red Mask"]},{"damage_healed":0,"gold_gain":100,"player_choice":"Pray","damage_taken":0,"max_hp_gain":0,"max_hp_loss":0,"event_name":"Golden Shrine","floor":46,"gold_loss":0}],"is_beta":false,"boss_relics":[{"not_picked":["Black Star","Runic Dome"],"picked":"Inserter"},{"not_picked":["Tiny House","Coffee Dripper"],"picked":"Philosopher\u0027s Stone"}],"items_purged_floors":[11,22,36,53],"is_endless":false,"potions_floor_spawned":[1,3,4,6,14,21,28,33,35,44,45],"killed_by":"The Heart","ascension_level":0}}