{"host":"e1d4pmcf31bpmsqo","time":1609547920,"event":{"mods":["BaseMod","Better Note","Better Third Choice","Colored Powertips","Disable Question Mark Monsters","Minty Spire (QoL Compilation)","Relic Stats","StSLib"],"gold_per_floor":[110,129,139,149,64,92,104,148,160,202,214,226,264,286,298,388,400,451,463,492,504,527,553,565,602,663,675,675],"floor_reached":27,"playtime":840,"items_purged":[],"score":626,"play_id":"ed72dbd7-f14a-40ac-83a7-eed07028744d","local_time":"20210102113840","is_ascension_mode":true,"campfire_choices":[{"floor":7.0,"key":"REST"},{"floor":12.0,"key":"REST"},{"floor":15.0,"key":"RECALL"},{"floor":24.0,"key":"REST"}],"circlet_count":0,"master_deck":["AscendersBane","Strike_P+1","Strike_P+1","Strike_P+1","Defend_P","Defend_P","Defend_P","Eruption+1","Vigilance","SashWhip","FlurryOfBlows+1","TalkToTheHand","CutThroughFate","LessonLearned+1","ClearTheMind+1","Wish","FlurryOfBlows","MentalFortress+1","EmptyBody","Brilliance","Halt+1","Vault"],"relics":["Fusion Hammer","MawBank","Blue Candle","Shuriken","Akabeko","Sundial","Philosopher\u0027s Stone","GoldenEye","Potion Belt"],"acts_visited":["Exordium","TheCity"],"potions_floor_usage":[],"damage_taken":[{"damage":0.0,"enemies":"2 Louse","floor":1.0,"turns":3.0},{"damage":0.0,"enemies":"Small Slimes","floor":2.0,"turns":2.0},{"damage":0.0,"enemies":"Jaw Worm","floor":3.0,"turns":2.0},{"damage":4.0,"enemies":"Blue Slaver","floor":4.0,"turns":3.0},{"damage":28.0,"enemies":"Lagavulin","floor":6.0,"turns":6.0},{"damage":12.0,"enemies":"Gremlin Nob","floor":8.0,"turns":3.0},{"damage":15.0,"enemies":"3 Sentries","floor":10.0,"turns":4.0},{"damage":16.0,"enemies":"Gremlin Nob","floor":13.0,"turns":4.0},{"damage":0.0,"enemies":"Red Slaver","floor":14.0,"turns":2.0},{"damage":0.0,"enemies":"Slime Boss","floor":16.0,"turns":4.0},{"damage":14.0,"enemies":"Shell Parasite","floor":18.0,"turns":4.0},{"damage":19.0,"enemies":"2 Thieves","floor":20.0,"turns":2.0},{"damage":10.0,"enemies":"Centurion and Healer","floor":22.0,"turns":2.0},{"damage":11.0,"enemies":"Snecko","floor":23.0,"turns":4.0},{"damage":24.0,"enemies":"Slavers","floor":25.0,"turns":6.0},{"damage":12,"enemies":"Book of Stabbing","floor":27,"turns":1}],"seed_played":"743379952838150510","potions_obtained":[{"floor":1.0,"key":"GamblersBrew"},{"floor":3.0,"key":"Explosive Potion"},{"floor":6.0,"key":"FearPotion"},{"floor":10.0,"key":"StancePotion"},{"floor":20.0,"key":"Ambrosia"}],"is_trial":false,"path_per_floor":["M","M","M","M","$","E","R","E","T","E","?","R","E","M","R","B",null,"M","$","M","?","M","M","R","E","T","E"],"character_chosen":"WATCHER","items_purchased":["LessonLearned"],"campfire_rested":3,"item_purchase_floors":[5],"current_hp_per_floor":[61,61,61,57,57,29,49,37,37,22,27,48,32,32,32,32,63,49,49,30,30,20,9,30,6,6,0,0],"gold":675,"neow_bonus":"BOSS_RELIC","is_daily":false,"chose_seed":false,"campfire_upgraded":0,"win_rate":0.0,"timestamp":1609547920,"path_taken":["M","M","M","M","$","E","R","E","T","E","?","R","E","M","R","BOSS","M","$","M","?","M","M","R","E","T","E"],"items_purchased_type":["Card"],"build_version":"2020-12-22","purchased_purges":0,"victory":false,"max_hp_per_floor":[68,68,68,68,68,68,68,68,68,68,73,73,73,73,73,73,73,73,73,73,73,73,73,73,73,73,73,73],"relic_stats":{"counters":[16,52],"Shuriken":[23],"Sundial":[2],"Blue Candle":[0],"MawBank":252,"GoldenEye":[0],"obtain_stats":[{"Potion Belt":26,"Shuriken":9,"Sundial":13,"Blue Candle":8,"Philosopher\u0027s Stone":17,"Fusion Hammer":0,"PureWater":0,"MawBank":6,"GoldenEye":25,"Akabeko":10},{"Potion Belt":15,"Shuriken":6,"Sundial":8,"Blue Candle":6,"Philosopher\u0027s Stone":10,"Fusion Hammer":0,"PureWater":0,"MawBank":5,"GoldenEye":15,"Akabeko":7},{"Potion Belt":51,"Shuriken":19,"Sundial":27,"Blue Candle":19,"Philosopher\u0027s Stone":33,"Fusion Hammer":0,"PureWater":0,"MawBank":16,"GoldenEye":51,"Akabeko":23}]},"card_choices":[{"not_picked":["WaveOfTheHand","Worship"],"picked":"SashWhip","floor":1.0},{"not_picked":["ThirdEye","Crescendo"],"picked":"FlurryOfBlows","floor":2.0},{"not_picked":["PathToVictory","Vengeance"],"picked":"TalkToTheHand","floor":3.0},{"not_picked":["FlyingSleeves","ThirdEye"],"picked":"CutThroughFate","floor":4.0},{"not_picked":["CutThroughFate","ClearTheMind","Evaluate"],"picked":"SKIP","floor":6.0},{"not_picked":["CutThroughFate","Evaluate"],"picked":"ClearTheMind","floor":6.0},{"not_picked":["Omniscience","Nirvana","LikeWater"],"picked":"SKIP","floor":8.0},{"not_picked":["Evaluate","Nirvana","Collect"],"picked":"SKIP","floor":10.0},{"not_picked":["ClearTheMind","ForeignInfluence","Judgement"],"picked":"SKIP","floor":13.0},{"not_picked":["Protect","PathToVictory","ForeignInfluence"],"picked":"SKIP","floor":14.0},{"not_picked":["Judgement","Scrawl"],"picked":"Wish","floor":16.0},{"not_picked":["Protect","WreathOfFlame"],"picked":"FlurryOfBlows","floor":18.0},{"not_picked":["FollowUp","Swivel"],"picked":"MentalFortress","floor":20.0},{"not_picked":["PathToVictory","Collect","Conclude"],"picked":"SKIP","floor":22.0},{"not_picked":["Protect","Vengeance"],"picked":"Halt+1","floor":23.0},{"not_picked":["ClearTheMind","Crescendo"],"picked":"Vault","floor":25.0}],"player_experience":994414,"relics_obtained":[{"floor":6.0,"key":"MawBank"},{"floor":8.0,"key":"Blue Candle"},{"floor":9.0,"key":"Shuriken"},{"floor":10.0,"key":"Akabeko"},{"floor":13.0,"key":"Sundial"},{"floor":25.0,"key":"GoldenEye"},{"floor":26.0,"key":"Potion Belt"}],"event_choices":[{"damage_healed":0.0,"max_hp_gain":5.0,"max_hp_loss":0.0,"gold_gain":0.0,"event_name":"Big Fish","player_choice":"Donut","floor":11.0,"gold_loss":0.0,"damage_taken":0.0},{"damage_healed":0.0,"max_hp_gain":0.0,"max_hp_loss":0.0,"gold_gain":0.0,"cards_transformed":["Strike_P","Defend_P"],"event_name":"Drug Dealer","player_choice":"Became Test Subject","floor":21.0,"gold_loss":0.0,"damage_taken":0.0,"cards_obtained":["EmptyBody","Brilliance"]}],"is_beta":false,"boss_relics":[{"not_picked":["Ectoplasm","Runic Dome"],"picked":"Philosopher\u0027s Stone"}],"items_purged_floors":[],"is_endless":false,"potions_floor_spawned":[1,3,6,10,20],"killed_by":"Book of Stabbing","ascension_level":20}}