{"host":"Jin","time":1609550080,"event":{"mods":["BaseMod","Better Altar","Better Match","Better Note","Better Sensory Stone","Better Skull","Better Third Choice","Highlight Path","Minty Spire (QoL Compilation)","Permanent Neow","Quick Restart","StSLib"],"gold_per_floor":[117,117,131,54,66,66,92,104,104,104,104,4,4,35,35,113,113,126,46,46,65,75,108,122,140,190,215,215,249,260,280,280,357,357,377,402,413,356,356,356,381,381,404,415,415,426,11,44,44,44],"floor_reached":51,"playtime":3693,"items_purged":["Strike_B","Defend_B"],"score":1395,"play_id":"73fb5197-702c-475b-acf1-59f70a0fe35b","local_time":"20210102101439","is_ascension_mode":true,"campfire_choices":[{"data":"Chaos","floor":6.0,"key":"SMITH"},{"data":"Zap","floor":13.0,"key":"SMITH"},{"data":"Undo","floor":15.0,"key":"SMITH"},{"data":"Turbo","floor":28.0,"key":"SMITH"},{"data":"Dualcast","floor":32.0,"key":"SMITH"},{"data":"Thunder Strike","floor":40.0,"key":"SMITH"},{"data":"Machine Learning","floor":45.0,"key":"SMITH"},{"data":"Defragment","floor":49,"key":"SMITH"}],"circlet_count":0,"master_deck":["AscendersBane","Zap+1","Dualcast+1","Turbo+1","Chaos+1","Self Repair","Compile Driver","Undo+1","Skim+1","Conserve Battery+1","Seek+1","Electrodynamics","Darkness+1","White Noise+1","Fission+1","Machine Learning+1","Coolheaded+1","Coolheaded+1","Coolheaded+1","Thunder Strike+1","All For One+1","Fusion+1","Thunder Strike+1","Tempest+1","Seek+1","Hologram+1","Fission+1","Heatsinks","Defragment+1","Master of Strategy+1","Heatsinks"],"relics":["Black Star","Matryoshka","Torii","Toxic Egg 2","Ginger","DataDisk","The Courier","Empty Cage","Blood Vial","Blue Candle","Pantograph","War Paint","Potion Belt","Centennial Puzzle","Mummified Hand","Omamori","Bronze Scales","Astrolabe","Girya","Cables","Symbiotic Virus","Boot","TheAbacus","Mango","Prayer Wheel"],"acts_visited":["Exordium","TheCity","TheBeyond"],"potions_floor_usage":[50,50,50,50],"damage_taken":[{"damage":4.0,"enemies":"2 Louse","floor":1.0,"turns":4.0},{"damage":1.0,"enemies":"Cultist","floor":3.0,"turns":4.0},{"damage":9.0,"enemies":"Jaw Worm","floor":5.0,"turns":4.0},{"damage":34.0,"enemies":"Lagavulin","floor":7.0,"turns":8.0},{"damage":20.0,"enemies":"Exordium Wildlife","floor":8.0,"turns":5.0},{"damage":1.0,"enemies":"3 Sentries","floor":14.0,"turns":8.0},{"damage":3.0,"enemies":"Hexaghost","floor":16.0,"turns":11.0},{"damage":39.0,"enemies":"Chosen","floor":18.0,"turns":5.0},{"damage":1.0,"enemies":"Shell Parasite","floor":21.0,"turns":3.0},{"damage":0.0,"enemies":"3 Cultists","floor":22.0,"turns":4.0},{"damage":15.0,"enemies":"Slavers","floor":23.0,"turns":2.0},{"damage":0.0,"enemies":"Cultist and Chosen","floor":24.0,"turns":3.0},{"damage":1.0,"enemies":"Centurion and Healer","floor":25.0,"turns":4.0},{"damage":0.0,"enemies":"Book of Stabbing","floor":27.0,"turns":4.0},{"damage":0.0,"enemies":"Gremlin Leader","floor":29.0,"turns":4.0},{"damage":0.0,"enemies":"Snake Plant","floor":30.0,"turns":2.0},{"damage":0.0,"enemies":"Snecko","floor":31.0,"turns":4.0},{"damage":23.0,"enemies":"Champ","floor":33.0,"turns":10.0},{"damage":16.0,"enemies":"Orb Walker","floor":35.0,"turns":2.0},{"damage":0.0,"enemies":"Mind Bloom Boss Battle","floor":36.0,"turns":4.0},{"damage":0.0,"enemies":"3 Shapes","floor":37.0,"turns":1.0},{"damage":13.0,"enemies":"Giant Head","floor":41.0,"turns":4.0},{"damage":7.0,"enemies":"3 Darklings","floor":44.0,"turns":2.0},{"damage":0.0,"enemies":"4 Shapes","floor":46.0,"turns":1.0},{"damage":7,"enemies":"Reptomancer","floor":48,"turns":2},{"damage":29,"enemies":"Awakened One","floor":50,"turns":6}],"seed_played":"-438887485016395046","potions_obtained":[{"floor":3.0,"key":"Fruit Juice"},{"floor":8.0,"key":"PowerPotion"},{"floor":14.0,"key":"Swift Potion"},{"floor":16.0,"key":"DuplicationPotion"},{"floor":25.0,"key":"Dexterity Potion"},{"floor":29.0,"key":"Strength Potion"},{"floor":30.0,"key":"FearPotion"},{"floor":31.0,"key":"Ancient Potion"},{"floor":37.0,"key":"Explosive Potion"},{"floor":46.0,"key":"Weak Potion"}],"is_trial":false,"path_per_floor":["M","?","M","$","M","R","E","M","T","?","?","$","R","E","R","B",null,"M","$","?","M","M","E","M","M","T","E","R","E","M","M","R","B",null,"M","?","M","$","?","R","E","?","T","M","R","M","$","E","R","B",null],"character_chosen":"DEFECT","items_purchased":["Chaos","Conserve Battery+1","Tempest+1","Heatsinks","Defragment","Master of Strategy+1","TheAbacus","FocusPotion"],"campfire_rested":0,"item_purchase_floors":[4,12,38,47,47,47,47,47],"current_hp_per_floor":[64,64,68,68,59,59,32,19,19,19,19,19,19,32,32,36,69,37,37,16,24,33,27,36,44,44,53,53,62,71,80,80,64,76,69,80,80,80,76,76,70,70,70,72,72,76,76,90,90,68],"gold":44,"neow_bonus":"BOSS_RELIC","is_daily":false,"chose_seed":false,"campfire_upgraded":8,"win_rate":0.0,"timestamp":1609550079,"path_taken":["M","?","M","$","?","R","E","M","T","?","?","$","R","E","R","BOSS","M","$","?","M","M","E","M","M","T","E","R","E","M","M","R","BOSS","M","?","M","$","?","R","E","?","T","M","R","M","$","E","R","BOSS"],"items_purchased_type":["Card","Card","Card","Card","Card","Card","Relic","Potion"],"build_version":"2020-12-18","purchased_purges":2,"victory":true,"max_hp_per_floor":[75,75,80,80,80,80,80,80,80,80,80,80,80,80,80,80,80,80,80,80,80,80,80,80,80,80,80,80,80,80,80,80,80,80,80,80,80,80,76,76,76,76,76,76,76,76,76,90,90,90],"card_choices":[{"not_picked":["Steam","Barrage","Capacitor"],"picked":"SKIP","floor":1.0},{"not_picked":["Steam","Conserve Battery"],"picked":"Turbo","floor":3.0},{"not_picked":["Stack","Fission"],"picked":"Self Repair","floor":5.0},{"not_picked":["BootSequence","Hello World"],"picked":"Compile Driver","floor":7.0},{"not_picked":["Darkness","Scrape"],"picked":"Undo","floor":8.0},{"not_picked":["Lockon","Stack+1"],"picked":"Seek+1","floor":14.0},{"not_picked":["Amplify+1","Reboot+1"],"picked":"Electrodynamics","floor":16.0},{"not_picked":["Hologram+1","Conserve Battery+1"],"picked":"Darkness+1","floor":18.0},{"not_picked":["Sweeping Beam","Barrage"],"picked":"White Noise+1","floor":21.0},{"not_picked":["Cold Snap","Stack+1","Go for the Eyes"],"picked":"SKIP","floor":22.0},{"not_picked":["Undo+1","Leap+1"],"picked":"Fission+1","floor":23.0},{"not_picked":["Capacitor","Steam+1","Tempest+1"],"picked":"SKIP","floor":24.0},{"not_picked":["Conserve Battery+1","Aggregate+1","Ball Lightning"],"picked":"SKIP","floor":25.0},{"not_picked":["Rebound","Hologram+1"],"picked":"Machine Learning","floor":27.0},{"not_picked":["Barrage","Rebound"],"picked":"Coolheaded+1","floor":29.0},{"not_picked":["Scrape","Sweeping Beam"],"picked":"Coolheaded+1","floor":30.0},{"not_picked":["Streamline","Conserve Battery+1"],"picked":"Coolheaded+1","floor":31.0},{"not_picked":["Reboot+1","Core Surge"],"picked":"Thunder Strike","floor":33.0},{"not_picked":["Stack+1","Streamline","Rebound"],"picked":"SKIP","floor":35.0},{"not_picked":["Go for the Eyes","Barrage","Hello World"],"picked":"SKIP","floor":37.0},{"not_picked":["Gash","Steam+1","Beam Cell+1"],"picked":"SKIP","floor":41.0},{"not_picked":["Leap+1","Undo+1"],"picked":"Hologram+1","floor":44.0},{"not_picked":["Rebound+1","FTL"],"picked":"Fission+1","floor":46.0},{"not_picked":["Self Repair","Cold Snap+1"],"picked":"Heatsinks","floor":48}],"player_experience":757020,"relics_obtained":[{"floor":7.0,"key":"Matryoshka"},{"floor":7.0,"key":"Torii"},{"floor":9.0,"key":"Toxic Egg 2"},{"floor":9.0,"key":"Ginger"},{"floor":14.0,"key":"DataDisk"},{"floor":14.0,"key":"The Courier"},{"floor":23.0,"key":"Blue Candle"},{"floor":23.0,"key":"Pantograph"},{"floor":26.0,"key":"War Paint"},{"floor":26.0,"key":"Potion Belt"},{"floor":27.0,"key":"Centennial Puzzle"},{"floor":27.0,"key":"Mummified Hand"},{"floor":29.0,"key":"Omamori"},{"floor":29.0,"key":"Bronze Scales"},{"floor":36.0,"key":"Girya"},{"floor":41.0,"key":"Cables"},{"floor":41.0,"key":"Symbiotic Virus"},{"floor":43.0,"key":"Boot"},{"floor":48,"key":"Mango"},{"floor":48,"key":"Prayer Wheel"}],"event_choices":[{"damage_healed":0.0,"max_hp_gain":0.0,"max_hp_loss":0.0,"gold_gain":0.0,"event_name":"The Woman in Blue","player_choice":"Bought 0 Potions","floor":2.0,"gold_loss":0.0,"damage_taken":0.0},{"damage_healed":0.0,"max_hp_gain":0.0,"max_hp_loss":0.0,"gold_gain":0.0,"cards_transformed":["Strike_B"],"event_name":"Living Wall","player_choice":"Change","floor":10.0,"gold_loss":0.0,"damage_taken":0.0,"cards_obtained":["Skim"]},{"damage_healed":19.0,"max_hp_gain":0.0,"max_hp_loss":80.0,"gold_gain":0.0,"event_name":"betterThird:BetterShining","player_choice":"Leave","floor":11.0,"gold_loss":0.0,"damage_taken":0.0},{"damage_healed":0.0,"max_hp_gain":37.0,"max_hp_loss":16.0,"gold_gain":0.0,"event_name":"betterAltar:BetterAltar","player_choice":" Vial ","floor":20.0,"potions_obtained":[],"relics_lost":[],"gold_loss":0.0,"damage_taken":21.0,"relics_obtained":["Blood Vial"]},{"damage_healed":0.0,"max_hp_gain":0.0,"max_hp_loss":0.0,"gold_gain":0.0,"event_name":"MindBloom","player_choice":"Fight","floor":36.0,"gold_loss":0.0,"damage_taken":0.0},{"damage_healed":0.0,"max_hp_gain":0.0,"max_hp_loss":4.0,"gold_gain":0.0,"event_name":"Winding Halls","player_choice":"Max HP","floor":39.0,"gold_loss":0.0,"damage_taken":0.0},{"damage_healed":0.0,"max_hp_gain":0.0,"max_hp_loss":0.0,"gold_gain":0.0,"event_name":"Duplicator","player_choice":"Copied","floor":42.0,"gold_loss":0.0,"damage_taken":0.0,"cards_obtained":["Seek"]}],"is_beta":true,"boss_relics":[{"not_picked":["Calling Bell","Philosopher\u0027s Stone"],"picked":"Empty Cage"},{"not_picked":["Fusion Hammer","Snecko Eye"],"picked":"Astrolabe"}],"items_purged_floors":[12,19],"is_endless":false,"potions_floor_spawned":[3,8,14,16,25,29,30,31,37,46],"ascension_level":13}}