{"host":"9n6i2vl93jt4o42q","time":1609549259,"event":{"mods":["BaseMod","Minty Spire (QoL Compilation)","Relic Stats"],"gold_per_floor":[13,13,32,49,67,67,142,142,142,164,164,195,195,248,248,322,322,334,16,16,40,40,69,69,88,114,164,174,174,189,207,207,207,207],"floor_reached":33,"playtime":1902,"items_purged":[],"score":526,"play_id":"a89966a4-9b3b-49fb-b01a-d69aa035d0e0","local_time":"20210102020059","is_ascension_mode":true,"campfire_choices":[{"data":"Bouncing Flask","floor":6.0,"key":"SMITH"},{"data":"Glass Knife","floor":8.0,"key":"SMITH"},{"data":"Dagger Throw","floor":11.0,"key":"SMITH"},{"floor":15.0,"key":"REST"},{"floor":24.0,"key":"REST"},{"floor":29.0,"key":"REST"},{"floor":32.0,"key":"REST"}],"circlet_count":0,"master_deck":["AscendersBane","Strike_G","Strike_G","Strike_G","Strike_G","Defend_G","Defend_G+1","Defend_G+1","Defend_G","Defend_G","Survivor","Neutralize","Dagger Throw+1","Bouncing Flask+1","Dagger Spray+1","Glass Knife+1","Backstab","Dagger Throw","Corpse Explosion+1","Crippling Poison","Deadly Poison","Shame","PiercingWail+1","Acrobatics","Prepared","Prepared"],"relics":["Ring of the Snake","StoneCalendar","Tough Bandages","Odd Mushroom","Tingsha","Art of War","Fusion Hammer","Lantern","Orichalcum","War Paint","Question Card","Snake Skull"],"acts_visited":["Exordium","TheCity"],"potions_floor_usage":[],"damage_taken":[{"damage":1.0,"enemies":"Jaw Worm","floor":1.0,"turns":4.0},{"damage":0.0,"enemies":"Cultist","floor":3.0,"turns":3.0},{"damage":0.0,"enemies":"Small Slimes","floor":4.0,"turns":4.0},{"damage":7.0,"enemies":"2 Fungi Beasts","floor":5.0,"turns":3.0},{"damage":7.0,"enemies":"The Mushroom Lair","floor":10.0,"turns":3.0},{"damage":5.0,"enemies":"Gremlin Nob","floor":12.0,"turns":3.0},{"damage":6.0,"enemies":"Slime Boss","floor":16.0,"turns":6.0},{"damage":0.0,"enemies":"Spheric Guardian","floor":18.0,"turns":3.0},{"damage":52.0,"enemies":"Book of Stabbing","floor":23.0,"turns":5.0},{"damage":0.0,"enemies":"Chosen","floor":25.0,"turns":3.0},{"damage":0.0,"enemies":"Snake Plant","floor":28.0,"turns":4.0},{"damage":15.0,"enemies":"Shelled Parasite and Fungi","floor":30.0,"turns":4.0},{"damage":1.0,"enemies":"Cultist and Chosen","floor":31.0,"turns":3.0},{"damage":59,"enemies":"Champ","floor":33,"turns":11}],"seed_played":"4798258344960262702","potions_obtained":[{"floor":4.0,"key":"CultistPotion"},{"floor":10.0,"key":"DuplicationPotion"},{"floor":18.0,"key":"Dexterity Potion"},{"floor":28.0,"key":"ColorlessPotion"},{"floor":30.0,"key":"SkillPotion"}],"is_trial":false,"path_per_floor":["M","?","M","M","M","R","?","R","T","?","R","E","?","T","R","B",null,"M","$","?","T","?","E","R","M","T","?","M","R","M","M","R","B"],"character_chosen":"THE_SILENT","items_purchased":["Lantern","Crippling Poison","Deadly Poison"],"campfire_rested":4,"item_purchase_floors":[19,19,19],"current_hp_per_floor":[58,58,58,58,51,51,40,40,40,33,33,28,8,8,27,21,55,55,55,55,55,55,3,22,22,22,22,22,41,26,25,44,0,0],"gold":207,"neow_bonus":"ONE_RARE_RELIC","is_daily":false,"chose_seed":false,"campfire_upgraded":3,"win_rate":0.0,"timestamp":1609549259,"path_taken":["M","?","M","?","M","R","?","R","T","?","R","E","?","?","R","BOSS","M","$","?","?","?","E","R","M","T","?","M","R","?","M","R","BOSS"],"items_purchased_type":["Relic","Card","Card"],"build_version":"2020-12-22","purchased_purges":0,"victory":false,"max_hp_per_floor":[66,66,66,66,66,66,66,66,66,66,66,66,66,66,66,66,66,66,66,66,66,66,66,66,66,66,66,66,66,66,66,66,66,66],"relic_stats":{"Tough Bandages":[114],"counters":[14,59],"StoneCalendar":[52],"Tingsha":[42],"Snake Skull":[30],"Art of War":[7],"Orichalcum":[42],"War Paint":["Corpse Explosion","Defend_G"],"Question Card":4,"obtain_stats":[{"Tough Bandages":9,"Lantern":19,"StoneCalendar":0,"Tingsha":12,"Fusion Hammer":17,"Snake Skull":26,"Art of War":14,"Odd Mushroom":10,"Orichalcum":20,"War Paint":21,"Question Card":23,"Ring of the Snake":0},{"Tough Bandages":4,"Lantern":8,"StoneCalendar":0,"Tingsha":6,"Fusion Hammer":7,"Snake Skull":10,"Art of War":6,"Odd Mushroom":5,"Orichalcum":8,"War Paint":8,"Question Card":9,"Ring of the Snake":0},{"Tough Bandages":14,"Lantern":29,"StoneCalendar":0,"Tingsha":20,"Fusion Hammer":26,"Snake Skull":37,"Art of War":20,"Odd Mushroom":17,"Orichalcum":29,"War Paint":29,"Question Card":34,"Ring of the Snake":0}],"Ring of the Snake":[28]},"card_choices":[{"not_picked":["Poisoned Stab","Setup"],"picked":"Dagger Throw","floor":1.0},{"not_picked":["Blur","Expertise"],"picked":"Bouncing Flask","floor":3.0},{"not_picked":["Poisoned Stab","Distraction"],"picked":"Dagger Spray","floor":4.0},{"not_picked":["Prepared","Dodge and Roll"],"picked":"Glass Knife","floor":5.0},{"not_picked":["PiercingWail","Quick Slash"],"picked":"Backstab","floor":10.0},{"not_picked":["Cloak And Dagger","Deadly Poison"],"picked":"Dagger Throw","floor":12.0},{"not_picked":["Venomology","Wraith Form v2"],"picked":"Corpse Explosion","floor":16.0},{"not_picked":["Flechettes","Terror","Dagger Spray"],"picked":"SKIP","floor":18.0},{"not_picked":["Backstab","Skewer"],"picked":"PiercingWail+1","floor":23.0},{"not_picked":["Predator","Deadly Poison","All Out Attack"],"picked":"Acrobatics","floor":25.0},{"not_picked":["Sucker Punch","Dodge and Roll","PiercingWail"],"picked":"Prepared","floor":28.0},{"not_picked":["Dagger Spray+1","Deflect","After Image"],"picked":"Prepared","floor":30.0},{"not_picked":["Dagger Spray","Deflect","Outmaneuver","Dodge and Roll"],"picked":"SKIP","floor":31.0}],"player_experience":2042356,"relics_obtained":[{"floor":9.0,"key":"Tough Bandages"},{"floor":10.0,"key":"Odd Mushroom"},{"floor":12.0,"key":"Tingsha"},{"floor":14.0,"key":"Art of War"},{"floor":21.0,"key":"War Paint"},{"floor":23.0,"key":"Question Card"},{"floor":26.0,"key":"Snake Skull"}],"event_choices":[{"cards_removed":["Strike_G"],"damage_healed":0.0,"max_hp_gain":0.0,"max_hp_loss":0.0,"gold_gain":0.0,"event_name":"Bonfire Elementals","player_choice":"Offered Basic","floor":2.0,"gold_loss":0.0,"damage_taken":0.0},{"damage_healed":0.0,"max_hp_gain":0.0,"max_hp_loss":0.0,"gold_gain":75.0,"event_name":"World of Goop","player_choice":"Gather Gold","floor":7.0,"gold_loss":0.0,"damage_taken":11.0},{"damage_healed":0.0,"max_hp_gain":0.0,"max_hp_loss":0.0,"gold_gain":0.0,"event_name":"Mushrooms","player_choice":"Fought Mushrooms","floor":10.0,"gold_loss":0.0,"damage_taken":0.0},{"damage_healed":0.0,"max_hp_gain":0.0,"max_hp_loss":0.0,"gold_gain":0.0,"event_name":"Shining Light","player_choice":"Entered Light","floor":13.0,"gold_loss":0.0,"damage_taken":20.0,"cards_upgraded":["Dagger Spray","Defend_G"]},{"damage_healed":0.0,"max_hp_gain":0.0,"max_hp_loss":0.0,"gold_gain":0.0,"event_name":"Addict","player_choice":"Stole Relic","floor":20.0,"gold_loss":0.0,"damage_taken":0.0,"relics_obtained":["Orichalcum"],"cards_obtained":["Shame"]},{"damage_healed":0.0,"max_hp_gain":0.0,"max_hp_loss":0.0,"gold_gain":0.0,"event_name":"Vampires","player_choice":"Ignored","floor":22.0,"gold_loss":0.0,"damage_taken":0.0},{"damage_healed":0.0,"max_hp_gain":0.0,"max_hp_loss":0.0,"gold_gain":50.0,"event_name":"Nest","player_choice":"Stole From Cult","floor":27.0,"gold_loss":0.0,"damage_taken":0.0}],"is_beta":false,"boss_relics":[{"not_picked":["Ring of the Serpent","Snecko Eye"],"picked":"Fusion Hammer"}],"items_purged_floors":[],"is_endless":false,"potions_floor_spawned":[4,10,12,18,28,30],"killed_by":"Champ","ascension_level":20}}