{"host":"e4wnmsyty9uvvtwf","time":1609598716,"event":{"mods":["Act Like it!","Aspiration","BaseMod","Colored Map","Colored Powertips","Gensokyo","Marisa£®ÏF”Í°°ƒß¿Ì…≥£©","Minty Spire (QoL Compilation)","Rare Cards Sparkle","Replay The Spire","StSLib"],"gold_per_floor":[115,135,149,165,178,203,203,203,203,203,203,203,213,37,69,89,89,239,239],"floor_reached":18,"playtime":628,"items_purged":[],"score":328,"play_id":"4799a9a1-8ee0-49a7-b244-c5f752c59f81","local_time":"20210102224516","is_ascension_mode":true,"campfire_choices":[{"data":"MilkyWay","floor":8,"key":"SMITH"},{"data":"ShootTheMoon","floor":10,"key":"SMITH"},{"data":"ReplayUltimateDefense","floor":17,"key":"SMITH"}],"circlet_count":0,"master_deck":["AscendersBane","Strike_MRS","Strike_MRS","Strike_MRS","Strike_MRS","Defend_MRS","Defend_MRS","Defend_MRS","Defend_MRS","MasterSpark","UpSweep","PropBag","Slice","ShootTheMoon+1","MilkyWay+1","MagicAbsorber","Clumsy","PowerUp","Finesse","ReplayTheSpireMod:Necrogeddon","ReplayUltimateDefense+1","FairyDestructionRay","MachineGunSpark"],"relics":["MiniHakkero","aspiration:Nostalgia","m_TsuchinokoRing","Question Card","Gensokyo:NagashiBinaDoll","Darkstone Periapt","ReplayTheSpireMod:ShopPack","Centennial Puzzle","Blue Candle"],"acts_visited":["Exordium"],"potions_floor_usage":[5,13,16],"damage_taken":[{"damage":1,"enemies":"Gensokyo:2_Kodama","floor":1,"turns":4},{"damage":8,"enemies":"Gensokyo:Python","floor":2,"turns":3},{"damage":0,"enemies":"Gensokyo:3_Fairies","floor":3,"turns":3},{"damage":3,"enemies":"Gensokyo:2_Rabbits","floor":4,"turns":3},{"damage":15,"enemies":"Gensokyo:5_Fairies","floor":5,"turns":4},{"damage":0,"enemies":"Gensokyo:Mamizou","floor":6,"turns":6},{"damage":1,"enemies":"Gensokyo:Kitsune","floor":13,"turns":4},{"damage":12,"enemies":"Gensokyo:Aya","floor":15,"turns":4},{"damage":7,"enemies":"Gensokyo:VengefulSpirit","floor":16,"turns":3},{"damage":24,"enemies":"Gensokyo:Reimu","floor":18,"turns":9}],"seed_played":"720933670274182884","potions_obtained":[{"floor":1,"key":"Block Potion"},{"floor":3,"key":"Explosive Potion"},{"floor":13,"key":"Energy Potion"},{"floor":15,"key":"Ancient Potion"},{"floor":16,"key":"Fruit Juice"}],"is_trial":false,"path_per_floor":["M","M","M","M","M","E","?","R","T","R","PTL","PTL","M","COS","E","M","R","B"],"character_chosen":"MARISA","items_purchased":[],"campfire_rested":0,"item_purchase_floors":[],"current_hp_per_floor":[62,54,54,51,36,36,36,36,36,36,36,36,35,35,23,33,33,9,9],"gold":239,"neow_bonus":"NOSTALGIA","is_daily":false,"chose_seed":false,"campfire_upgraded":3,"win_rate":0.0,"timestamp":1609598716,"path_taken":["M","?","M","M","M","E","?","R","T","R","PTL","PTL","M","COS","E","M","R","BOSS"],"items_purchased_type":[],"build_version":"2020-12-22","purchased_purges":0,"victory":false,"max_hp_per_floor":[70,70,70,70,70,70,70,70,70,70,70,70,70,70,70,75,75,75,75],"card_choices":[{"not_picked":["AsteroidBelt","MachineGunSpark"],"picked":"PropBag","floor":1},{"not_picked":["GravityBeat","Choke"],"picked":"Slice","floor":2},{"not_picked":["Dagger Spray","GrandCross"],"picked":"ShootTheMoon","floor":3},{"not_picked":["Accuracy","Infinite Blades"],"picked":"MilkyWay","floor":4},{"not_picked":["GravityBeat","ShootingEcho","Dagger Throw"],"picked":"SKIP","floor":5},{"not_picked":["MysteriousBeam","CollectingQuirk"],"picked":"MagicAbsorber","floor":6},{"not_picked":["StarlightTyphoon","PropBag","WitchLeyline"],"picked":"PowerUp","floor":13},{"not_picked":["Purity","Jack Of All Trades","Crow Ritual"],"picked":"Finesse","floor":14},{"not_picked":["Swift Strike","Purity","Poisoned Strike"],"picked":"ReplayTheSpireMod:Necrogeddon","floor":14},{"not_picked":["Sadistic Nature","Thinking Ahead","Violence"],"picked":"ReplayUltimateDefense","floor":14},{"not_picked":["CollectingQuirk","IllusionStar","ShootingEcho"],"picked":"FairyDestructionRay","floor":15},{"not_picked":["WitchOfGreed","MilkyWay","NonDirectionalLaser"],"picked":"MachineGunSpark","floor":16}],"player_experience":683782,"relics_obtained":[{"floor":6,"key":"Question Card"},{"floor":9,"key":"Darkstone Periapt"},{"floor":15,"key":"Centennial Puzzle"}],"event_choices":[],"is_beta":false,"boss_relics":[],"items_purged_floors":[],"is_endless":false,"potions_floor_spawned":[1,3,13,15,16],"killed_by":"Gensokyo:Reimu","ascension_level":20}}