{"host":"4fiwzpyl5fmt6nmm","time":1609584408,"event":{"mods":["BaseMod","Challenge The Spire","Downfall","Minty Spire (QoL Compilation)","Replay The Spire","Shop Mod","Spicy Shops","StSLib","Waifu the Spire"],"gold_per_floor":[99,110,122,122,141,167,192,192,142,158,169,104,136,153,172,269,269,144,156,156,322,336,364,364,364,374,409,209,227,253,332,343,439,539,489,500,514,514,524,474,474,492,517,545,495,530,630,665,675,675,675,708,13,13,13],"floor_reached":56,"playtime":3941,"items_purged":["Pain","Slimebound:Split"],"score":1641,"play_id":"851251b9-6411-44d0-b0c0-f51bfd3a8fef","local_time":"20210102184648","is_ascension_mode":true,"campfire_choices":[{"data":"Slimebound:CorrosiveSpit","floor":1.0,"key":"SMITH"},{"data":"Slimebound:DuplicatedForm","floor":9.0,"key":"SMITH"},{"floor":18.0,"key":"RECALL"},{"floor":28.0,"key":"REST"},{"floor":35,"key":"DIG"},{"data":"Slimebound:LevelUp","floor":40,"key":"SMITH"},{"data":"Slimebound:Schlurp","floor":45,"key":"SMITH"},{"data":"Slimebound:LevelUp","floor":54,"key":"SMITH"}],"circlet_count":0,"master_deck":["Slimebound:Defend_Slimebound","Slimebound:Defend_Slimebound","Slimebound:CorrosiveSpit+1","Slimebound:MegaLick+1","Slimebound:DuplicatedForm+1","Slimebound:SplitAcid","Slimebound:LevelUp+1","Slimebound:SplitBruiser","Slimebound:FormOfPuddle+1","Slimebound:LeechLife+1","Slimebound:Chomp+1","Slimebound:DouseInSlime+1","Slimebound:RallyTheTroops+1","Slimebound:SplitBruiser+1","Slimebound:HauntingLick+1","Slimebound:GoopSpray+1","Slimebound:SlimeTap+1","Slimebound:Schlurp+1","Slimebound:MassRepurpose","Slimebound:OneTwoCombo+1","Slimebound:SplitAcid+1","Slimebound:SplitBruiser","Slimebound:OozeBath","Slimebound:AcidTongue+1","Slimebound:SplitMire","Slimebound:Replication","Slimebound:GrowthPunch+1","Slimebound:SplitBruiser+1","Pot Of Greed","Pot Of Greed","Pot Of Greed","Slimebound:OneTwoCombo","Slimebound:LevelUp+1","Slimebound:Replication","Slimebound:SplitBruiser+1","Slimebound:SplitBruiser+1","Slimebound:SplitBruiser"],"relics":["Slimebound:AbsorbEndCombat","Slimebound:GreedOozeRelic","Orichalcum","Bag of Preparation","Bag of Marbles","Replay:Grab Bag","Philosopher\u0027s Stone","SlaversCollar","Astrolabe","Ring of Chaos","downfall:HeartBlessingGreen","Guide Book","Blue Doll","Gremlin Food","downfall:HeartBlessingRed","downfall:HeartBlessingBlue","Smiling Mask","Replay:Wanted Poster","Bottled Lightning","WarpedTongs","Quantum Egg","Whetstone","ReplayFunnel","Meat on the Bone","downfall:GremlinWheel","Omamori","TungstenRod","Grinning Jar","Orrery","Slimebound:MaxSlimesRelic"],"acts_visited":["TheBeyond","TheEnding"],"potions_floor_usage":[33,47,52,55,55],"damage_taken":[{"damage":4.0,"enemies":"2 Louse","floor":2.0,"turns":3.0},{"damage":4.0,"enemies":"Small Slimes","floor":3.0,"turns":3.0},{"damage":11.0,"enemies":"Jaw Worm","floor":5.0,"turns":2.0},{"damage":30.0,"enemies":"3 Sentries","floor":6.0,"turns":6.0},{"damage":5.0,"enemies":"3 Louse","floor":10.0,"turns":2.0},{"damage":15.0,"enemies":"Gremlin Gang","floor":11.0,"turns":3.0},{"damage":27.0,"enemies":"downfall:FleeingMerchant","floor":12.0,"turns":4.0},{"damage":26.0,"enemies":"Lagavulin","floor":13.0,"turns":5.0},{"damage":28.0,"enemies":"Blue Slaver","floor":14.0,"turns":3.0},{"damage":17.0,"enemies":"Red Slaver","floor":15.0,"turns":2.0},{"damage":47.0,"enemies":"downfall:Defect","floor":16.0,"turns":5.0},{"damage":18.0,"enemies":"Spheric Guardian","floor":19.0,"turns":3.0},{"damage":45.0,"enemies":"downfall:FleeingMerchant","floor":21.0,"turns":4.0},{"damage":39.0,"enemies":"Chosen","floor":22.0,"turns":3.0},{"damage":33.0,"enemies":"Gremlin Leader","floor":23.0,"turns":3.0},{"damage":39.0,"enemies":"Centurion and Healer","floor":26.0,"turns":5.0},{"damage":58.0,"enemies":"Book of Stabbing","floor":27.0,"turns":4.0},{"damage":27.0,"enemies":"Chosen and Byrds","floor":29.0,"turns":3.0},{"damage":35.0,"enemies":"Slavers","floor":30.0,"turns":3.0},{"damage":39.0,"enemies":"Snake Plant","floor":32.0,"turns":4.0},{"damage":87,"enemies":"downfall:Silent","floor":33,"turns":6},{"damage":8,"enemies":"3 Shapes","floor":36,"turns":2},{"damage":4,"enemies":"Orb Walker","floor":37,"turns":1},{"damage":35,"enemies":"4 Shapes","floor":39,"turns":2},{"damage":45,"enemies":"Transient","floor":42,"turns":5},{"damage":26,"enemies":"Reptomancer","floor":44,"turns":2},{"damage":33,"enemies":"R_Hoarder","floor":46,"turns":2},{"damage":12,"enemies":"R_Hoarder","floor":47,"turns":1},{"damage":43,"enemies":"Giant Head","floor":48,"turns":3},{"damage":18,"enemies":"Maw","floor":49,"turns":3},{"damage":59,"enemies":"downfall:Ironclad","floor":50,"turns":5},{"damage":76,"enemies":"downfall:CharBossMerchant","floor":52,"turns":4},{"damage":86,"enemies":"downfall:NeowBoss","floor":55,"turns":11}],"seed_played":"2076340981735742241","potions_obtained":[{"floor":3.0,"key":"ColorlessPotion"},{"floor":5.0,"key":"Weak Potion"},{"floor":11.0,"key":"Fire Potion"},{"floor":15.0,"key":"Fire Potion"},{"floor":16.0,"key":"Energy Potion"},{"floor":19.0,"key":"hexamod:EctoCoolerPotion"},{"floor":22.0,"key":"Fire Potion"},{"floor":23.0,"key":"BlessingOfTheForge"},{"floor":29.0,"key":"Slimebound:ThreeZeroPotion"},{"floor":33,"key":"SteroidPotion"},{"floor":36,"key":"FairyPotion"},{"floor":37,"key":"champ:CounterPotion"},{"floor":47,"key":"Fruit Juice"},{"floor":49,"key":"SkillPotion"},{"floor":52,"key":"Fire Potion"}],"is_trial":false,"path_per_floor":["R","M","M","?","M","E","T","?","R","M","M","$","E","M","M","B",null,"R","M","?","$","M","E","T","?","M","E","R","M","E","?","M","B",null,"R","M","M","?","M","R","T","M","?","E","R","E","?","E","M","B",null,"E","$","R","B",null],"character_chosen":"SLIMEBOUND","items_purchased":["Guide Book","Grinning Jar","Orrery","Slimebound:MaxSlimesRelic","Slimebound:SplitBruiser"],"campfire_rested":1,"item_purchase_floors":[21,53,53,53,53],"current_hp_per_floor":[60,60,60,60,57,46,46,46,46,57,57,60,60,55,50,34,60,60,54,54,54,60,60,60,60,60,37,68,70,62,45,37,40,70,70,70,70,70,70,70,70,70,70,70,70,67,75,75,73,75,75,50,50,50,75],"gold":13,"neow_bonus":"REMOVE_CARD","is_daily":false,"chose_seed":false,"campfire_upgraded":5,"win_rate":0.0,"timestamp":1609584408,"path_taken":["R","M","M","?","M","E","T","?","R","M","M","?","E","M","M","BOSS","R","M","?","$","M","E","T","?","?","E","R","M","E","?","M","BOSS","R","M","M","?","M","R","T","?","?","E","R","E","?","E","M","BOSS","E","$","R","BOSS"],"items_purchased_type":["Relic","Relic","Relic","Relic","Card"],"build_version":"2020-12-22","purchased_purges":2,"victory":true,"max_hp_per_floor":[60,60,60,60,60,60,60,60,60,60,60,60,60,60,60,60,60,60,60,60,60,60,60,60,60,60,60,70,70,70,70,70,70,70,70,70,70,70,70,70,70,70,70,70,70,70,75,75,75,75,75,75,75,75,75],"card_choices":[{"not_picked":["Slimebound:SamplingLick","Slimebound:SpikyOuterGoop","Slimebound:Dissolve"],"picked":"SKIP","floor":2.0},{"not_picked":["Slimebound:GoopTackle","Slimebound:ComboTackle","Slimebound:FinishingTackle"],"picked":"SKIP","floor":3.0},{"not_picked":["Slimebound:SpikyOuterGoop","Slimebound:RollThrough"],"picked":"Slimebound:MegaLick","floor":5.0},{"not_picked":["Slimebound:SamplingLick","Slimebound:SlimeBrawl"],"picked":"Slimebound:DuplicatedForm","floor":6.0},{"not_picked":["Slimebound:TongueLash","Slimebound:FinishingTackle"],"picked":"Slimebound:SplitAcid","floor":10.0},{"not_picked":["Slimebound:TongueLash","Slimebound:SplitLeeching","Slimebound:DivideAndConquer"],"picked":"SKIP","floor":11.0},{"not_picked":["Slimebound:FirmFortitude","Slimebound:SplitAcid"],"picked":"Slimebound:LevelUp","floor":12.0},{"not_picked":["Slimebound:Dissolve","Slimebound:PrepareCrush","Slimebound:ServeAndProtect"],"picked":"SKIP","floor":13.0},{"not_picked":["Slimebound:ServeAndProtect","Slimebound:SplitLeeching"],"picked":"Slimebound:SplitBruiser","floor":14.0},{"not_picked":["Slimebound:PressTheAttack","Slimebound:DisruptingSlam"],"picked":"Slimebound:FormOfPuddle","floor":15.0},{"not_picked":["Slimebound:Teamwork","Slimebound:RallyTheTroops"],"picked":"Slimebound:LeechLife","floor":16.0},{"not_picked":["Slimebound:Equalize","Slimebound:DivideAndConquer"],"picked":"Slimebound:SplitBruiser+1","floor":19.0},{"not_picked":["Slimebound:SplitLeeching","Slimebound:ServeAndProtect","Slimebound:DouseInSlime"],"picked":"SKIP","floor":21.0},{"not_picked":["Slimebound:GrowthPunch","Slimebound:ComboTackle"],"picked":"Slimebound:HauntingLick+1","floor":22.0},{"not_picked":["Slimebound:LeechingTouch","Slimebound:ComboTackle"],"picked":"Slimebound:GoopSpray+1","floor":23.0},{"not_picked":["Slimebound:PressTheAttack","Slimebound:HauntingLick","Slimebound:TongueLash"],"picked":"SKIP","floor":26.0},{"not_picked":["Slimebound:SplitAcid","Slimebound:SplitMire"],"picked":"Slimebound:SlimeTap+1","floor":27.0},{"not_picked":["Slimebound:SlimeBarrage","Slimebound:Dissolve"],"picked":"Slimebound:Schlurp","floor":29.0},{"not_picked":["Slimebound:Grow+1","Slimebound:PressTheAttack"],"picked":"Slimebound:MassRepurpose","floor":30.0},{"not_picked":["Slimebound:ItLooksTasty","Slimebound:MegaLick","Slimebound:DisruptingSlam"],"picked":"SKIP","floor":32},{"not_picked":["Slimebound:Teamwork","Slimebound:MassFeed"],"picked":"Slimebound:OneTwoCombo","floor":33},{"not_picked":["Slimebound:TongueLash","Slimebound:RollThrough","Slimebound:SlimeBarrage"],"picked":"SKIP","floor":36},{"not_picked":["Slimebound:PressTheAttack+1","Slimebound:SlimeSpikes+1"],"picked":"Slimebound:SplitAcid+1","floor":37},{"not_picked":["Slimebound:LivingWall","Slimebound:ComboTackle"],"picked":"Slimebound:SplitBruiser","floor":39},{"not_picked":["Slimebound:SplitMire","Slimebound:Chomp+1"],"picked":"Slimebound:OozeBath","floor":42},{"not_picked":["Slimebound:SamplingLick+1","Slimebound:LeechEnergy+1"],"picked":"Slimebound:AcidTongue+1","floor":44},{"not_picked":["Slimebound:Chomp+1","Slimebound:FlameTackle+1"],"picked":"Slimebound:SplitMire","floor":46},{"not_picked":["Slimebound:ViciousTackle","Slimebound:ForwardTackle"],"picked":"Slimebound:Replication","floor":48},{"not_picked":["Slimebound:SplitLeeching+1","Slimebound:ProtectTheBoss+1"],"picked":"Slimebound:GrowthPunch+1","floor":49},{"not_picked":["Slimebound:ViciousTackle","Slimebound:SplitMire"],"picked":"Slimebound:SplitBruiser+1","floor":52},{"not_picked":["Slimebound:SplitBruiser","Slimebound:Schlurp"],"picked":"Slimebound:OneTwoCombo","floor":53},{"not_picked":["Slimebound:MegaLick","Slimebound:MassRepurpose"],"picked":"Slimebound:LevelUp","floor":53},{"not_picked":["Slimebound:FinishingTackle","Slimebound:GrowthPunch+1"],"picked":"Slimebound:Replication","floor":53},{"not_picked":["Slimebound:TongueLash+1","Slimebound:LeechingTouch"],"picked":"Slimebound:SplitBruiser+1","floor":53},{"not_picked":["Slimebound:SlimeSpikes+1","Slimebound:MegaLick"],"picked":"Slimebound:SplitBruiser+1","floor":53}],"player_experience":1464670,"relics_obtained":[{"floor":6.0,"key":"Orichalcum"},{"floor":7.0,"key":"Bag of Preparation"},{"floor":13.0,"key":"Bag of Marbles"},{"floor":23.0,"key":"Blue Doll"},{"floor":27.0,"key":"Gremlin Food"},{"floor":30.0,"key":"Smiling Mask"},{"floor":35,"key":"Bottled Lightning"},{"floor":41,"key":"Quantum Egg"},{"floor":43,"key":"Whetstone"},{"floor":44,"key":"ReplayFunnel"},{"floor":46,"key":"Meat on the Bone"},{"floor":47,"key":"downfall:GremlinWheel"},{"floor":48,"key":"Omamori"},{"floor":52,"key":"TungstenRod"}],"event_choices":[{"cards_removed":["Slimebound:Strike_Slimebound"],"damage_healed":0.0,"max_hp_gain":0.0,"max_hp_loss":0.0,"gold_gain":0.0,"event_name":"The Cleric","player_choice":"Card Removal","floor":8.0,"gold_loss":0.0,"damage_taken":0.0},{"cards_removed":["Slimebound:Strike_Slimebound"],"damage_healed":0.0,"max_hp_gain":0.0,"max_hp_loss":0.0,"gold_gain":0.0,"event_name":"The Cleric","player_choice":"Card Removal","floor":12.0,"gold_loss":50.0,"damage_taken":0.0},{"damage_healed":0,"gold_gain":0,"player_choice":"Rummage","damage_taken":0,"relics_obtained":["WarpedTongs"],"max_hp_gain":0,"max_hp_loss":0,"event_name":"Accursed Blacksmith","floor":38,"gold_loss":0,"cards_obtained":["Pain"]}],"is_beta":false,"boss_relics":[{"not_picked":["SacredBark","Replay:Drink Me"],"picked":"Replay:Grab Bag"},{"not_picked":["Sozu","Busted Crown"],"picked":"Philosopher\u0027s Stone"},{"not_picked":["Coffee Dripper","ChewingGum"],"picked":"SlaversCollar"},{"not_picked":["Snecko Eye","Tiny House"],"picked":"Astrolabe"},{"not_picked":["Pandora\u0027s Box","Kintsugi"],"picked":"Ring of Chaos"},{"not_picked":["Replay:Ancient Bell","Runic Pyramid"],"picked":"Replay:Wanted Poster"}],"items_purged_floors":[53,53],"is_endless":false,"potions_floor_spawned":[3,5,11,15,16,19,22,23,29,33,36,37,47,49,52],"ascension_level":4}}