{"host":"2knyve8x3a5arpop","time":1609601820,"event":{"mods":["Abigail Mod","AchievementEnabler","Arknights The Spire","Ascension Reborn","BaseMod","BetterRewards","Colored Map","Colored Powertips","Conspire","Custom Start","Friendly Minions","Hermit","Hubris","Koishi","Lobotomy","Marisa£¨Ùöéë¡¡Øª×âÞÞ£©","Minty Spire (QoL Compilation)","Practice Mode","Quick Restart","RRrroohrrRGHHhhh!!","Replay The Spire","StSLib","Td1madao Mod","The Cursed","The Dragon Tamer","The Gatherer","The Hierophant","The Jungle","The Poker Player","The Runesmith"],"gold_per_floor":[19,19,37,50,50,84,9,19,73,73,73],"floor_reached":10,"playtime":647,"items_purged":["Defend_G"],"score":68,"play_id":"24fd3547-e88e-4ba6-9888-6173241c23c5","local_time":"20210103003700","is_ascension_mode":true,"campfire_choices":[],"circlet_count":0,"master_deck":["Strike_G","Strike_G","Strike_G","Strike_G","Defend_G","Defend_G","Defend_G","Defend_G","Survivor","Neutralize","ReplayTheSpireMod:Speed Training","rorgmod:Prepared","Madness","Neutralize"],"relics":["Ring of the Snake","Mummified Hand","Centennial Puzzle"],"acts_visited":["Exordium"],"potions_floor_usage":[6],"damage_taken":[{"damage":2,"enemies":"Cultist","floor":1,"turns":6},{"damage":1,"enemies":"Jaw Worm","floor":3,"turns":8},{"damage":0,"enemies":"conspire:RoseBush","floor":4,"turns":4},{"damage":65,"enemies":"Gremlin Nob","floor":6,"turns":7},{"damage":0,"enemies":"Large Slime","floor":8,"turns":7},{"damage":3,"enemies":"Replay:BlueRogue","floor":10,"turns":2}],"seed_played":"5892620122838499982","potions_obtained":[{"floor":1,"key":"Reflective Coating"},{"floor":3,"key":"Milkshake"},{"floor":4,"key":"Adrenaline Potion"}],"is_trial":false,"path_per_floor":["M","?","M","M","?","E","$","M","T","E"],"character_chosen":"THE_SILENT","items_purchased":[],"campfire_rested":0,"item_purchase_floors":[],"current_hp_per_floor":[68,68,67,67,67,2,2,2,2,0,0],"gold":73,"neow_bonus":"ONE_RARE_RELIC","is_daily":false,"chose_seed":false,"campfire_upgraded":0,"win_rate":0.0,"timestamp":1609601820,"path_taken":["M","?","M","?","?","E","?","M","T","E"],"items_purchased_type":[],"build_version":"2020-12-22","purchased_purges":1,"victory":false,"max_hp_per_floor":[70,70,70,70,70,70,70,70,70,70,70],"card_choices":[{"not_picked":["Concentrate","PiercingWail"],"picked":"ReplayTheSpireMod:Speed Training","floor":1},{"not_picked":["Backstab","Deflect"],"picked":"rorgmod:Prepared","floor":3},{"not_picked":["rorgmod:Tendon Slice","rorgmod:Slice","Dagger Throw"],"picked":"SKIP","floor":4},{"not_picked":["ReplayTheSpireMod:The Works","rorgmod:Slice","Dodge and Roll"],"picked":"SKIP","floor":6},{"not_picked":["Flying Knee","Riddle With Holes","ReplayTheSpireMod:The Works"],"picked":"SKIP","floor":8}],"player_experience":476476,"relics_obtained":[{"floor":6,"key":"Centennial Puzzle"}],"event_choices":[{"cards_removed":["Strike_G"],"damage_healed":0,"gold_gain":0,"player_choice":"Purged","damage_taken":0,"max_hp_gain":0,"max_hp_loss":0,"event_name":"Purifier","floor":2,"gold_loss":0},{"damage_healed":0,"gold_gain":0,"player_choice":"2 cards matched","damage_taken":0,"max_hp_gain":0,"max_hp_loss":0,"event_name":"Match and Keep!","floor":5,"gold_loss":0,"cards_obtained":["Madness","Neutralize"]}],"is_beta":false,"boss_relics":[],"items_purged_floors":[7],"is_endless":false,"potions_floor_spawned":[1,3,4],"killed_by":"Replay:BlueRogue","ascension_level":0}}