{"host":"6r3ioyv75hs1gp74","time":1609601748,"event":{"mods":["AchievementEnabler","BaseMod","Better Third Choice","Colored Map","Colored Powertips","Minty Spire (QoL Compilation)","StSLib"],"gold_per_floor":[118,193,203,153,163,189,216,250,303,303,315,315,0,10,10,107,107,119,20,37,56,56,91,91,125,149,149,149],"floor_reached":27,"playtime":2238,"items_purged":[],"score":287,"play_id":"bf644d59-2726-4ef7-8711-458f991dbfb4","local_time":"20210102153548","is_ascension_mode":true,"campfire_choices":[{"floor":10,"key":"REST"},{"data":"Zap","floor":12,"key":"SMITH"},{"floor":15,"key":"REST"},{"data":"Buffer","floor":24,"key":"SMITH"}],"circlet_count":0,"master_deck":["Zap+1","Dualcast","Sweeping Beam","Glacier","Genetic Algorithm","Hello World","Stack","Ball Lightning","Leap","Coolheaded","Gash","Thunder Strike","Electrodynamics","Recycle+1","Seek","Amplify","Buffer+1","Compile Driver","Cold Snap","Static Discharge","Machine Learning","Heatsinks+1"],"relics":["Empty Cage","Centennial Puzzle","Whetstone","Darkstone Periapt","Happy Flower","Bottled Tornado","Pandora\u0027s Box","Sundial","HornCleat"],"acts_visited":["Exordium","TheCity"],"potions_floor_usage":[8,14,16,18,21,25],"damage_taken":[{"damage":7,"enemies":"2 Louse","floor":1,"turns":3},{"damage":4,"enemies":"Jaw Worm","floor":3,"turns":3},{"damage":1,"enemies":"Cultist","floor":5,"turns":4},{"damage":16,"enemies":"Lagavulin","floor":6,"turns":10},{"damage":33,"enemies":"Gremlin Nob","floor":8,"turns":6},{"damage":7,"enemies":"Looter","floor":11,"turns":3},{"damage":12,"enemies":"Lots of Slimes","floor":14,"turns":2},{"damage":12,"enemies":"The Guardian","floor":16,"turns":12},{"damage":0,"enemies":"Spheric Guardian","floor":18,"turns":3},{"damage":10,"enemies":"Shell Parasite","floor":20,"turns":5},{"damage":12,"enemies":"Cultist and Chosen","floor":21,"turns":4},{"damage":22,"enemies":"Slavers","floor":23,"turns":2},{"damage":24,"enemies":"Book of Stabbing","floor":25,"turns":5},{"damage":9,"enemies":"Sentry and Sphere","floor":27,"turns":3}],"seed_played":"3429810260956424732","potions_obtained":[{"floor":3,"key":"EssenceOfSteel"},{"floor":5,"key":"SteroidPotion"},{"floor":8,"key":"DuplicationPotion"},{"floor":11,"key":"Swift Potion"},{"floor":18,"key":"Weak Potion"}],"is_trial":false,"path_per_floor":["M","?","M","?","M","E","T","E","T","R","M","R","$","M","R","B",null,"M","$","M","M","?","E","R","E","T","M"],"character_chosen":"DEFECT","items_purchased":["Bottled Tornado","Leap","Coolheaded","DuplicationPotion","Cold Snap"],"campfire_rested":2,"item_purchase_floors":[13,13,13,19,19],"current_hp_per_floor":[68,57,53,53,52,36,36,3,3,25,18,18,18,6,28,16,75,75,75,65,53,53,31,31,7,7,0,0],"gold":149,"neow_bonus":"BOSS_RELIC","is_daily":false,"chose_seed":false,"campfire_upgraded":2,"win_rate":0.0,"timestamp":1609601748,"path_taken":["M","?","M","?","M","E","?","E","T","R","?","R","$","M","R","BOSS","M","$","M","M","?","E","R","E","T","?"],"items_purchased_type":["Relic","Card","Card","Potion","Card"],"build_version":"2020-12-22","purchased_purges":0,"victory":false,"max_hp_per_floor":[75,75,75,75,75,75,75,75,75,75,75,75,75,75,75,75,75,75,75,75,75,75,75,75,75,75,75,75],"card_choices":[{"not_picked":["Beam Cell","Tempest"],"picked":"Sweeping Beam","floor":1},{"not_picked":["White Noise","Gash"],"picked":"Glacier","floor":3},{"not_picked":["Double Energy","Auto Shields"],"picked":"Genetic Algorithm","floor":5},{"not_picked":["Conserve Battery","Leap"],"picked":"Hello World","floor":6},{"not_picked":["Ball Lightning","Conserve Battery"],"picked":"Stack","floor":8},{"not_picked":["Stack","Amplify"],"picked":"Ball Lightning","floor":11},{"not_picked":["Conserve Battery","Stack"],"picked":"Gash","floor":14},{"not_picked":["Echo Form","Reboot"],"picked":"Thunder Strike","floor":16},{"not_picked":["Chill","Conserve Battery+1"],"picked":"Compile Driver","floor":18},{"not_picked":["Force Field","Cold Snap","Compile Driver"],"picked":"SKIP","floor":20},{"not_picked":["Reprogram","Redo+1"],"picked":"Static Discharge","floor":21},{"not_picked":["Compile Driver","Electrodynamics"],"picked":"Machine Learning","floor":23},{"not_picked":["Leap","Streamline"],"picked":"Heatsinks+1","floor":25}],"player_experience":55621,"relics_obtained":[{"floor":6,"key":"Centennial Puzzle"},{"floor":7,"key":"Whetstone"},{"floor":8,"key":"Darkstone Periapt"},{"floor":9,"key":"Happy Flower"},{"floor":23,"key":"Sundial"},{"floor":25,"key":"HornCleat"}],"event_choices":[{"damage_healed":0,"gold_gain":75,"player_choice":"Gold","damage_taken":11,"max_hp_gain":0,"max_hp_loss":0,"event_name":"betterThird:BetterGoop","floor":2,"gold_loss":0},{"cards_removed":["Defend_B"],"damage_healed":0,"gold_gain":0,"player_choice":"Card Removal","damage_taken":0,"max_hp_gain":0,"max_hp_loss":0,"event_name":"The Cleric","floor":4,"gold_loss":50},{"damage_healed":0,"gold_gain":0,"player_choice":"Upgraded","damage_taken":0,"max_hp_gain":0,"max_hp_loss":0,"event_name":"Upgrade Shrine","floor":22,"gold_loss":0,"cards_upgraded":["Recycle"]}],"is_beta":false,"boss_relics":[{"not_picked":["Calling Bell","Runic Pyramid"],"picked":"Pandora\u0027s Box"}],"items_purged_floors":[],"is_endless":false,"potions_floor_spawned":[3,5,8,11,18],"killed_by":"Sentry and Sphere","ascension_level":2}}