{"host":"wha9hktbkslqvblg","time":1609549395,"event":{"mods":["BaseMod","Colored Map","Minty Spire (QoL Compilation)","Relic Stats","SuperFastMode","everything is the same but u backflip on backflip"],"gold_per_floor":[117,117,117,128,128,128,161,161,161,176,176,196,229,246,246,325,325,343,100,100,110,128,128,142,142,220,236,236,236,251,251,251],"floor_reached":31,"playtime":549,"items_purged":["Strike_R"],"score":544,"play_id":"bfacb9a6-493e-4f6e-88d1-f1ee1402e22e","local_time":"20210102100315","is_ascension_mode":true,"campfire_choices":[{"data":"Anger","floor":6.0,"key":"SMITH"},{"data":"Sentinel","floor":8.0,"key":"SMITH"},{"data":"Second Wind","floor":11.0,"key":"SMITH"},{"data":"Fire Breathing","floor":15.0,"key":"SMITH"},{"data":"Hemokinesis","floor":23,"key":"SMITH"},{"floor":25,"key":"REST"},{"data":"Power Through","floor":29,"key":"SMITH"}],"circlet_count":0,"master_deck":["AscendersBane","Strike_R","Defend_R","Defend_R","Defend_R","Defend_R","Bash","Seeing Red","Anger+1","Sentinel+1","Second Wind+1","Fire Breathing+1","Power Through+1","Hemokinesis+1"],"relics":["Burning Blood","NeowsBlessing","Ancient Tea Set","Turnip","Bronze Scales","Philosopher\u0027s Stone","Lee\u0027s Waffle"],"acts_visited":["Exordium","TheCity"],"potions_floor_usage":[24],"damage_taken":[{"damage":0.0,"enemies":"Cultist","floor":1.0,"turns":1.0},{"damage":0.0,"enemies":"Jaw Worm","floor":4.0,"turns":1.0},{"damage":0.0,"enemies":"Gremlin Nob","floor":7.0,"turns":1.0},{"damage":7.0,"enemies":"2 Louse","floor":10.0,"turns":3.0},{"damage":14.0,"enemies":"Exordium Thugs","floor":12.0,"turns":5.0},{"damage":25.0,"enemies":"3 Sentries","floor":13.0,"turns":5.0},{"damage":0.0,"enemies":"Exordium Wildlife","floor":14.0,"turns":4.0},{"damage":47.0,"enemies":"Hexaghost","floor":16.0,"turns":9.0},{"damage":41,"enemies":"Chosen","floor":18,"turns":6},{"damage":36,"enemies":"Spheric Guardian","floor":21,"turns":7},{"damage":23,"enemies":"Snake Plant","floor":22,"turns":4},{"damage":10,"enemies":"Centurion and Healer","floor":24,"turns":7},{"damage":29,"enemies":"Snecko","floor":27,"turns":6},{"damage":18,"enemies":"Snake Plant","floor":30,"turns":4}],"seed_played":"7899470980928257246","potions_obtained":[{"floor":4.0,"key":"Energy Potion"},{"floor":7.0,"key":"GamblersBrew"},{"floor":14.0,"key":"Regen Potion"},{"floor":16.0,"key":"Explosive Potion"},{"floor":22,"key":"Block Potion"},{"floor":24,"key":"ElixirPotion"}],"is_trial":false,"path_per_floor":["M","?","?","M","?","R","E","R","T","M","R","M","E","M","R","B",null,"M","$","?","M","M","R","M","R","T","M","?","R","M","$"],"character_chosen":"IRONCLAD","items_purchased":["Lee\u0027s Waffle"],"campfire_rested":1,"item_purchase_floors":[19],"current_hp_per_floor":[74,74,67,73,73,73,75,75,75,74,74,66,47,53,53,26,63,28,82,82,52,35,35,31,55,55,32,32,32,20,20,20],"gold":251,"neow_bonus":"THREE_ENEMY_KILL","is_daily":false,"chose_seed":false,"campfire_upgraded":6,"win_rate":0.0,"timestamp":1609549395,"path_taken":["M","?","?","M","?","R","E","R","T","M","R","?","E","M","R","BOSS","M","$","?","?","?","R","M","R","T","M","?","R","M","$"],"items_purchased_type":["Relic"],"build_version":"2020-12-22","purchased_purges":1,"victory":false,"max_hp_per_floor":[75,75,75,75,75,75,75,75,75,75,75,75,75,75,75,75,75,75,82,82,82,82,82,82,82,82,82,82,82,82,82,82],"relic_stats":{"Lee\u0027s Waffle":54,"counters":[14,63],"Bronze Scales":[129],"Turnip":[16],"obtain_stats":[{"Lee\u0027s Waffle":19,"NeowsBlessing":0,"Bronze Scales":13,"Philosopher\u0027s Stone":17,"Turnip":9,"Ancient Tea Set":7,"Burning Blood":0},{"Lee\u0027s Waffle":9,"NeowsBlessing":0,"Bronze Scales":6,"Philosopher\u0027s Stone":8,"Turnip":3,"Ancient Tea Set":3,"Burning Blood":0},{"Lee\u0027s Waffle":35,"NeowsBlessing":0,"Bronze Scales":16,"Philosopher\u0027s Stone":29,"Turnip":3,"Ancient Tea Set":3,"Burning Blood":0}],"Burning Blood":80},"card_choices":[{"not_picked":["Headbutt","Thunderclap"],"picked":"Seeing Red","floor":1.0},{"not_picked":["Twin Strike","Clothesline"],"picked":"Anger","floor":4.0},{"not_picked":["Sever Soul","Power Through"],"picked":"Second Wind","floor":7.0},{"not_picked":["Sentinel","Anger"],"picked":"Fire Breathing","floor":10.0},{"not_picked":["Pommel Strike","Body Slam"],"picked":"Power Through","floor":12.0},{"not_picked":["Twin Strike","Bloodletting","Armaments"],"picked":"SKIP","floor":13.0},{"not_picked":["Brutality","Pummel","Sword Boomerang"],"picked":"SKIP","floor":14.0},{"not_picked":["Clash","Entrench","Havoc"],"picked":"SKIP","floor":18},{"not_picked":["Clothesline","Combust"],"picked":"Hemokinesis","floor":21},{"not_picked":["Havoc","Disarm","Intimidate"],"picked":"SKIP","floor":22},{"not_picked":["Perfected Strike","Shrug It Off","Double Tap"],"picked":"SKIP","floor":24},{"not_picked":["Rupture","Cleave","Warcry"],"picked":"SKIP","floor":27},{"not_picked":["Clash","Flex","Dropkick+1"],"picked":"SKIP","floor":30}],"player_experience":923109,"relics_obtained":[{"floor":7.0,"key":"Ancient Tea Set"},{"floor":9.0,"key":"Turnip"},{"floor":13.0,"key":"Bronze Scales"}],"event_choices":[{"damage_healed":0.0,"max_hp_gain":0.0,"max_hp_loss":0.0,"gold_gain":0.0,"event_name":"Liars Game","player_choice":"Ignored","floor":2.0,"gold_loss":0.0,"damage_taken":0.0},{"cards_removed":["Strike_R"],"damage_healed":0.0,"max_hp_gain":0.0,"max_hp_loss":0.0,"gold_gain":0.0,"event_name":"Golden Wing","player_choice":"Card Removal","floor":3.0,"gold_loss":0.0,"damage_taken":7.0},{"damage_healed":0.0,"max_hp_gain":0.0,"max_hp_loss":0.0,"gold_gain":0.0,"cards_transformed":["Strike_R"],"event_name":"Transmorgrifier","player_choice":"Transformed","floor":5.0,"gold_loss":0.0,"damage_taken":0.0,"cards_obtained":["Sentinel"]},{"cards_removed":["Strike_R"],"damage_healed":0,"gold_gain":0,"player_choice":"Purged","damage_taken":0,"max_hp_gain":0,"max_hp_loss":0,"event_name":"Purifier","floor":20,"gold_loss":0},{"damage_healed":0,"gold_gain":0,"player_choice":"Ignored","damage_taken":0,"max_hp_gain":0,"max_hp_loss":0,"event_name":"Vampires","floor":28,"gold_loss":0}],"is_beta":false,"boss_relics":[{"not_picked":["Velvet Choker","Calling Bell"],"picked":"Philosopher\u0027s Stone"}],"items_purged_floors":[19],"is_endless":false,"potions_floor_spawned":[4,7,14,16,22,24],"ascension_level":20}}