{"host":"c1ih99nde5rm1bm8","time":1609564481,"event":{"mods":["ATMod(∞¢Ë™Mod)","Act Like it!","BaseMod","Colored Powertips","FoggyMod","Gensokyo","Highlight Path","Marisa£®ÏF”Í°°ƒß¿Ì…≥£©","Minty Spire (QoL Compilation)","MostiFishMod","Quick Restart","Reimu£®≤©¿ˆ¡È√Œ£©","Remilia£®¿Ÿ√◊¿Ú—«£©","StSLib","The Servant 0.9.4","UnlockEverythingMod","Waifu the Spire","Yakumo Yukari mod","Youmu£®ªÍ∆«—˝√Œ£©","Yuri Mod","Yuyuko","noobMod","°æ“≈ŒÔø®≈∆°øREMEMod"],"gold_per_floor":[156,156,331,406,406,502,502,532,559,652,652,682,790,829,829,1153,1153,1198,1291,1291,1318,1257,1368,1368,1413,1449,1449,1733,1733,1760,2069,2069,2393,2393,2438,2438,2447,1703,1712,1844,1844,1853,1862,1811,1829,1829,1865,1865,1865,1874,1874,1874,1919,2024,2034],"floor_reached":56,"playtime":980,"items_purged":["REME_SpectralBlade","REME_SpectralBlade","yuri:DragonForm","yuri:GhostForm","AT_RealColorLess","MostiFishMod:Dislodge","MostiFishMod:Dislodge","Bouncing Flask"],"score":1791,"play_id":"5b80b72b-c313-47cd-9dd8-332dde318ddb","local_time":"20210102131441","daily_mods":["Draft","Shiny","Specialized","Vintage","ControlledChaos","Allstar","Colorless Cards","Heirloom","Time Dilation","Flight","Cursed Run","Elite Swarm","Lethality","Midas","Binary"],"is_ascension_mode":false,"campfire_choices":[{"floor":15.0,"key":"RECALL"},{"floor":24.0,"key":"REST"},{"floor":32,"key":"REST"},{"floor":49,"key":"REST"},{"floor":52,"key":"REST"}],"circlet_count":0,"master_deck":["Demon Form","Wraith Form v2","Echo Form","DevaForm","BatForm","FlawlessForm","CelestialStarSword","REME_SpectralBlade+1","Underhanded Strike","Backstab","Backstab","Slice","Blade Dance","Slice+1","Cloak And Dagger","Blade Dance","Blade Dance","Cloak And Dagger","Dagger Spray","Tactician","Slice","Poisoned Stab","Deadly Poison","Doubt","REME_HeartOfCthun","Slice","Endless Agony","AT_FocusSwordFire","Doppelganger","Acrobatics","AT_EmpoweredMortalDraw","Gensokyo:ImpossibleRequest","Tools of the Trade","MostiFishMod:ButterFly","Flechettes","Apotheosis","Transmutation","Skewer","Slice","Gensokyo:AllTheWorldsEvil","MostiFishMod:404NotFound","REME_PuzzleBox","Endless Agony+1","MostiFishMod:PushDownKick+1","REME_MawOfCthun","Poisoned Stab","Quick Slash","REME_PuzzleBox","Acrobatics","Demon Form","TrueSight","REME_WheelOfFate","Panacea","Masterful Stab","Prepared","Dodge and Roll","Decay","Regret","Secret Weapon","Grand Finale","Heel Hook","Greed_TH","Poor:ReiMu","MostiFishMod:ScryFuture","ForecastOfChange","DeusExMachina","REME_EyeOfCthun","Gensokyo:SlitMouthedWoman","Gensokyo:RedCapeBlueCape","Gensokyo:LifeforceConverter","REME_BuildACard","Multi-Cast","WasteWire_Metro_purple","IrresoluteSoul","Gensokyo:LifeforceConverter","Gensokyo:ImpossibleRequest","Gensokyo:CustomPotion","Skewer","Master of Strategy","REME_ProfessionalPlagiarism+1","Dagger Spray","Outmaneuver+1","REME_FirmDetermination","Decay","Secret Weapon+1","Dagger Spray","Concentrate+1","AT_ArcaneSupremacy","Flechettes","MostiFishMod:SeaWaves","Night Terror+1","Exhume+1","Gensokyo:AllTheWorldsEvil"],"relics":["Cursed Key","Darkstone Periapt","Du-Vu Doll","Frozen Eye","Busted Crown","DaveBox","ice","REME_ComplimentaryCards","AT_ATBox","DiscerningMonocle","AT_Kusabimaru","Centennial Puzzle","SynthV:TestCard","Happy Flower","Mastiff:ReiMu","ChiLing","Chi","Ling","Juzu Bracelet","Toy Ornithopter","REME_IWantAll","HandDrill","Orichalcum","Bag of Marbles","CeramicFish","MawBank","Art of War","ScarletDevilRocket","AT_RedTearstoneRing","PrismaticShard","NightmareShop","Regal Pillow","Red Mask","MutagenicStrength","Civilization","Shuriken","Chemical X","Membership Card","AT_ChloranthyRing","AT_TimeSand","CombinedTypeHook","AT_ArchangelStaff","Cauldron","Oddly Smooth Stone","Question Card","TimeFreeze","ExusiaiGun","SynthV:C4","DianDianMeat","Dodecahedron","Ying","Pear","BirthdayGift-Tetrahedron","Ginger","MealTicket","AT_BellowingDragoncrestRing","REME_CardOfGreed","Kunai","Calipers","Gensokyo:EmptyGrave","BirthdayGift-Icosahedron","Toxic Egg 2","InkBottle","Gensokyo:DualWield","Akabeko","Nunchaku","SynthV","Mango"],"acts_visited":["Exordium","TheCity","TheCity","TheEnding"],"potions_floor_usage":[],"damage_taken":[{"damage":0.0,"enemies":"2 Louse","floor":1.0,"turns":1.0},{"damage":2.0,"enemies":"Gremlin Nob","floor":6.0,"turns":1.0},{"damage":0.0,"enemies":"Lagavulin","floor":10.0,"turns":2.0},{"damage":0.0,"enemies":"3 Sentries","floor":13.0,"turns":1.0},{"damage":1.0,"enemies":"Hexaghost","floor":16.0,"turns":2.0},{"damage":0.0,"enemies":"Shell Parasite","floor":18.0,"turns":1.0},{"damage":0.0,"enemies":"Masked Bandits","floor":19.0,"turns":2.0},{"damage":0.0,"enemies":"Book of Stabbing","floor":23.0,"turns":1.0},{"damage":5,"enemies":"Champ","floor":33,"turns":2},{"damage":0,"enemies":"Gensokyo:AncientGuardian","floor":35,"turns":1},{"damage":0,"enemies":"Gensokyo:Marisa","floor":40,"turns":1},{"damage":0,"enemies":"Gensokyo:Yuyuko","floor":50,"turns":1},{"damage":0,"enemies":"Shield and Spear","floor":54,"turns":1},{"damage":67,"enemies":"The Heart","floor":55,"turns":3}],"seed_played":"2949523922497390755","potions_obtained":[{"floor":13.0,"key":"Poison Potion"},{"floor":18.0,"key":"SneckoOil"},{"floor":25.0,"key":"LiquidMemories"},{"floor":25.0,"key":"CunningPotion"}],"is_trial":true,"path_per_floor":["M","?","?","?","$","E","$","?","T","E","?","?","E","$","R","B",null,"M","?","?","$","$","E","R","$","T","?","?","?","$","?","R","B",null,"M","?","?","COS","$","E","?","?","T","?","$","?","$","?","R","B",null,"R","$","E","B",null],"character_chosen":"THE_SILENT","items_purchased":["Happy Flower","Mastiff:ReiMu","ChiLing","REME_HeartOfCthun","Slice","Endless Agony","AT_FocusSwordFire","REME_GoldPotion","SteroidPotion","Weak Potion","Toy Ornithopter","REME_IWantAll","HandDrill","Acrobatics","AT_EmpoweredMortalDraw","ScarletDevilRocket","AT_RedTearstoneRing","PrismaticShard","Transmutation","Skewer","Slice","Civilization","Shuriken","Chemical X","REME_MawOfCthun","Poisoned Stab","Bouncing Flask","Membership Card","AT_ChloranthyRing","AT_TimeSand","Quick Slash","REME_PuzzleBox","Fruit Juice","LiquidBronze","Acrobatics","AT_ArchangelStaff","Cauldron","REME_WheelOfFate","Panacea","Masterful Stab","Prepared","Dodge and Roll","Oddly Smooth Stone","Question Card","TimeFreeze","Secret Weapon","Grand Finale","Heel Hook","SkillPotion","Pear","REME_BuildACard","BirthdayGift-Tetrahedron","Ginger","REME_CardOfGreed","Kunai","Calipers","Skewer","Master of Strategy","BirthdayGift-Icosahedron","Toxic Egg 2","InkBottle","REME_ProfessionalPlagiarism+1","Dagger Spray","Outmaneuver+1","REME_FirmDetermination","Akabeko","Nunchaku","SynthV","Secret Weapon+1","Dagger Spray","Concentrate+1","AT_ArcaneSupremacy","Flechettes"],"campfire_rested":4,"item_purchase_floors":[5,5,5,5,5,5,5,5,5,5,7,7,7,7,7,14,14,14,14,14,14,21,21,21,21,21,21,22,22,22,22,22,22,22,22,25,25,25,25,25,25,25,30,30,30,30,30,30,30,39,39,39,39,45,45,45,45,45,47,47,47,47,47,47,47,53,53,53,53,53,53,53,53],"current_hp_per_floor":[70,56,62,51,51,49,49,49,55,57,57,57,63,63,63,70,94,94,96,96,96,101,104,104,104,110,110,116,116,116,122,122,128,133,136,82,83,82,97,125,125,134,150,156,196,196,273,273,292,331,331,331,436,545,531],"gold":2034,"neow_bonus":"","is_daily":false,"chose_seed":false,"campfire_upgraded":0,"win_rate":0.0,"timestamp":1609564481,"path_taken":["M","?","?","?","$","E","$","?","T","E","?","?","E","?","R","BOSS","M","?","?","$","$","E","R","?","T","?","?","?","$","?","R","BOSS","M","?","?","COS","$","E","?","?","T","?","$","?","?","?","R","BOSS","R","$","E","BOSS"],"items_purchased_type":["Relic","Relic","Relic","Card","Card","Card","Card","Potion","Potion","Potion","Relic","Relic","Relic","Card","Card","Relic","Relic","Relic","Card","Card","Card","Relic","Relic","Relic","Card","Card","Card","Relic","Relic","Relic","Card","Card","Potion","Potion","Card","Relic","Relic","Card","Card","Card","Card","Card","Relic","Relic","Relic","Card","Card","Card","Potion","Relic","Card","Relic","Relic","Relic","Relic","Relic","Card","Card","Relic","Relic","Relic","Card","Card","Card","Card","Relic","Relic","Relic","Card","Card","Card","Card","Card"],"build_version":"2020-12-22","purchased_purges":8,"victory":true,"max_hp_per_floor":[70,70,76,76,76,76,76,76,82,84,84,84,86,86,86,94,94,94,96,96,96,101,104,104,104,110,110,116,116,116,122,122,133,133,136,136,137,146,161,189,189,198,214,225,250,230,292,292,292,331,331,331,436,545,596],"card_choices":[{"not_picked":["Acrobatics","Enlightenment"],"picked":"Underhanded Strike","floor":0.0},{"not_picked":["Dodge and Roll","Quick Slash"],"picked":"Backstab","floor":0.0},{"not_picked":["Acrobatics","Dash"],"picked":"Backstab","floor":0.0},{"not_picked":["Quick Slash","AT_WindFlip"],"picked":"Slice","floor":0.0},{"not_picked":["Cloak And Dagger","Enlightenment"],"picked":"Blade Dance","floor":0.0},{"not_picked":["Dark Shackles","Flash of Steel"],"picked":"Slice","floor":0.0},{"not_picked":["AT_ShadowStep","Accuracy"],"picked":"Cloak And Dagger","floor":0.0},{"not_picked":["Dagger Spray","Predator"],"picked":"Blade Dance","floor":0.0},{"not_picked":["Noxious Fumes","Underhanded Strike"],"picked":"Blade Dance","floor":0.0},{"not_picked":["Deflect","MostiFishMod:FrostNova"],"picked":"Cloak And Dagger","floor":0.0},{"not_picked":["Backflip","REME_ShortnessOfBreath"],"picked":"Dagger Spray","floor":0.0},{"not_picked":["Flash of Steel","Dagger Throw"],"picked":"Tactician","floor":0.0},{"not_picked":["Deflect","Deadly Poison"],"picked":"Slice","floor":0.0},{"not_picked":["Catalyst","Dodge and Roll"],"picked":"Poisoned Stab","floor":0.0},{"not_picked":["Dodge and Roll","MostiFishMod:PerfectParry"],"picked":"Deadly Poison","floor":0.0},{"not_picked":["MostiFishMod:BrokenBlackCloak"],"picked":"Doppelganger","floor":6.0},{"not_picked":["MostiFishMod:Dislodge","Tools of the Trade"],"picked":"Singing Bowl","floor":10.0},{"not_picked":["Apotheosis","MostiFishMod:Dislodge"],"picked":"Singing Bowl","floor":13.0},{"not_picked":["MostiFishMod:404NotFound","REME_PuzzleBox"],"picked":"Singing Bowl","floor":16.0},{"not_picked":["Endless Agony+1","MostiFishMod:PushDownKick+1"],"picked":"Singing Bowl","floor":19.0},{"not_picked":["Demon Form","TrueSight"],"picked":"Singing Bowl","floor":23.0},{"not_picked":["MostiFishMod:ScryFuture","ForecastOfChange","DeusExMachina"],"picked":"Singing Bowl","floor":33},{"not_picked":["Multi-Cast","WasteWire_Metro_purple","IrresoluteSoul"],"picked":"Singing Bowl","floor":40},{"not_picked":["MostiFishMod:SeaWaves","Night Terror+1","Exhume+1"],"picked":"Singing Bowl","floor":54}],"player_experience":52267,"relics_obtained":[{"floor":1.0,"key":"Centennial Puzzle"},{"floor":1.0,"key":"SynthV:TestCard"},{"floor":6.0,"key":"Juzu Bracelet"},{"floor":9.0,"key":"Bag of Marbles"},{"floor":10.0,"key":"CeramicFish"},{"floor":13.0,"key":"Art of War"},{"floor":18.0,"key":"Regal Pillow"},{"floor":19.0,"key":"Red Mask"},{"floor":23.0,"key":"CombinedTypeHook"},{"floor":35,"key":"SynthV:C4"},{"floor":40,"key":"MealTicket"},{"floor":43,"key":"AT_BellowingDragoncrestRing"},{"floor":54,"key":"Mango"}],"event_choices":[{"damage_healed":0.0,"max_hp_gain":0.0,"max_hp_loss":0.0,"gold_gain":0.0,"event_name":"Shining Light","player_choice":"Entered Light","floor":2.0,"gold_loss":0.0,"damage_taken":14.0,"cards_upgraded":["REME_SpectralBlade","Slice"]},{"damage_healed":0.0,"max_hp_gain":0.0,"max_hp_loss":0.0,"gold_gain":175.0,"event_name":"Liars Game","player_choice":"AGREE","floor":3.0,"gold_loss":0.0,"damage_taken":0.0,"cards_obtained":["Doubt"]},{"damage_healed":0.0,"max_hp_gain":0.0,"max_hp_loss":0.0,"gold_gain":75.0,"event_name":"World of Goop","player_choice":"Gather Gold","floor":4.0,"gold_loss":0.0,"damage_taken":11.0},{"damage_healed":0.0,"max_hp_gain":0.0,"max_hp_loss":0.0,"gold_gain":30.0,"event_name":"Dead Adventurer","player_choice":"Searched \u00273\u0027 times","floor":8.0,"gold_loss":0.0,"damage_taken":0.0,"relics_obtained":["Orichalcum"]},{"damage_healed":0.0,"max_hp_gain":0.0,"max_hp_loss":0.0,"gold_gain":0.0,"event_name":"WeMeetAgain","player_choice":"Gave Potion","floor":11.0,"gold_loss":0.0,"damage_taken":0.0,"relics_obtained":["MawBank"]},{"damage_healed":0.0,"max_hp_gain":0.0,"max_hp_loss":0.0,"gold_gain":0.0,"event_name":"Match and Keep!","player_choice":"2 cards matched","floor":12.0,"gold_loss":0.0,"damage_taken":0.0,"cards_obtained":["MostiFishMod:ButterFly","Flechettes"]},{"damage_healed":0.0,"max_hp_gain":0.0,"max_hp_loss":0.0,"gold_gain":0.0,"event_name":"Masked Bandits","player_choice":"Fought Bandits","floor":19.0,"gold_loss":0.0,"damage_taken":0.0},{"damage_healed":0.0,"max_hp_gain":0.0,"max_hp_loss":0.0,"gold_gain":0.0,"event_name":"Drug Dealer","player_choice":"Inject Mutagens","floor":20.0,"gold_loss":0.0,"damage_taken":0.0,"relics_obtained":["MutagenicStrength"]},{"damage_healed":0,"gold_gain":0,"player_choice":"Ignored","damage_taken":0,"max_hp_gain":0,"max_hp_loss":0,"event_name":"Vampires","floor":27,"gold_loss":0},{"damage_healed":0,"gold_gain":275,"player_choice":"Desecrate","damage_taken":0,"max_hp_gain":0,"max_hp_loss":0,"event_name":"Golden Shrine","floor":28,"gold_loss":0,"cards_obtained":["Regret"]},{"cards_removed":["REME_SpectralBlade"],"damage_healed":0,"gold_gain":0,"player_choice":"Elegance","damage_taken":0,"max_hp_gain":0,"max_hp_loss":0,"event_name":"Back to Basics","floor":29,"gold_loss":0}],"is_beta":false,"boss_relics":[{"not_picked":["HereWithMe","REME_DemonsWealth"],"picked":"NightmareShop"},{"not_picked":["REME_ChargedStone","Fusion Hammer"],"picked":"ExusiaiGun"}],"items_purged_floors":[5,7,14,21,22,30,45,53],"is_endless":false,"potions_floor_spawned":[6,13,18,35],"ascension_level":0}}