{"host":"2pt9f5ojqg0apn28","time":1609553184,"event":{"mods":["AchievementEnabler","BaseMod","Better Altar","Better Match","Better Note","Better Sensory Stone","Better Skull","Better Third Choice","Colored Map","Colored Powertips","Hubris","Infinite Spire","Lobotomy","LobotomyExtend","Minty Spire (QoL Compilation)","Replay The Spire","StSLib"],"gold_per_floor":[117,127,145,145,420,420,450,450,473,490,501,501,512,102,102,198,198,211,211,112,22,39,64,64,84,84,84,34,34,34,54,54,54,54],"floor_reached":33,"playtime":7385,"items_purged":["Regret","Strike_R","Burn"],"score":267,"play_id":"56fc60c6-2667-4c2b-a6b7-b52a340e0785","local_time":"20210102090624","is_ascension_mode":false,"campfire_choices":[{"data":"Metallicize","floor":6.0,"key":"SMITH"},{"floor":8.0,"key":"REST"},{"data":"Heavy Blade","floor":12.0,"key":"SMITH"},{"floor":15.0,"key":"REST"},{"floor":29,"key":"REST"},{"floor":32,"key":"REST"}],"circlet_count":0,"master_deck":["Strike_R","Strike_R","Strike_R","Defend_R","Defend_R","Defend_R","Defend_R","Bash+1","ReplayTheSpireMod:Stacked","Metallicize+1","Twin Strike","Sword Boomerang","Heavy Blade+1","Thunderclap","Iron Wave","Berserk+1","Sword Boomerang","Armaments","Pommel Strike+1","Limit Break","Demon Form","Flex"],"relics":["hubris:ScarierMask","LetterFromLob","hubris:Spice","Smiling Mask","Shuriken"],"acts_visited":["Exordium","TheCity"],"potions_floor_usage":[23,24,31,31],"damage_taken":[{"damage":6.0,"enemies":"2 Louse","floor":1.0,"turns":2.0},{"damage":1.0,"enemies":"Cultist","floor":2.0,"turns":3.0},{"damage":0.0,"enemies":"Small Slimes","floor":3.0,"turns":2.0},{"damage":43.0,"enemies":"Gremlin Nob","floor":7.0,"turns":6.0},{"damage":6.0,"enemies":"Exordium Wildlife","floor":10.0,"turns":2.0},{"damage":28.0,"enemies":"Gremlin Gang","floor":11.0,"turns":7.0},{"damage":2.0,"enemies":"Exordium Thugs","floor":13.0,"turns":3.0},{"damage":35.0,"enemies":"Fading Forest","floor":16.0,"turns":11.0},{"damage":5,"enemies":"3 Byrds","floor":18,"turns":5},{"damage":22,"enemies":"Spheric Guardian","floor":22,"turns":6},{"damage":50,"enemies":"Gremlin Leader","floor":23,"turns":8},{"damage":0,"enemies":"Centurion and Healer","floor":24,"turns":3},{"damage":5,"enemies":"Cultist and Chosen","floor":25,"turns":5},{"damage":0,"enemies":"Snake Plant","floor":31,"turns":5},{"damage":54,"enemies":"Automaton","floor":33,"turns":6}],"seed_played":"-4840894219681629703","potions_obtained":[{"floor":1.0,"key":"SpeedPotion"},{"floor":2.0,"key":"SmokeBomb"},{"floor":3.0,"key":"ColorlessPotion"},{"floor":18,"key":"BloodPotion"},{"floor":25,"key":"Block Potion"}],"is_trial":false,"path_per_floor":["M","M","M","?","?","R","E","R","T","M","M","R","M","$","R","B",null,"M","?","$","?","M","E","M","M","T","?","$","R","?","M","R","B"],"character_chosen":"IRONCLAD","items_purchased":["Iron Wave","hubris:Spice","Armaments"],"campfire_rested":4,"item_purchase_floors":[14,14,20],"current_hp_per_floor":[74,73,73,73,73,73,38,64,64,58,30,30,28,36,64,45,88,83,83,83,83,61,11,11,6,6,6,6,30,14,30,54,0,0],"gold":54,"neow_bonus":"BOSS_RELIC","is_daily":false,"chose_seed":false,"campfire_upgraded":2,"win_rate":0.0,"timestamp":1609553184,"path_taken":["M","M","M","?","?","R","E","R","T","M","?","R","M","?","R","BOSS","M","?","$","?","M","E","M","?","T","?","?","R","?","M","R","BOSS"],"items_purchased_type":["Card","Relic","Card"],"build_version":"2020-12-22","purchased_purges":3,"victory":false,"max_hp_per_floor":[80,80,80,80,80,80,88,88,88,88,88,88,88,96,96,96,88,88,88,88,88,88,88,88,88,80,80,80,80,80,80,80,80,80],"card_choices":[{"not_picked":["Twin Strike","Body Slam"],"picked":"ReplayTheSpireMod:Stacked","floor":1.0},{"not_picked":["True Grit","Sever Soul"],"picked":"Metallicize","floor":2.0},{"not_picked":["Clash","Demonic Infusion"],"picked":"Twin Strike","floor":3.0},{"not_picked":["Replay:Undeath\u0027s Touch","Headbutt"],"picked":"Sword Boomerang","floor":7.0},{"not_picked":["Seeing Red","Blood for Blood"],"picked":"Heavy Blade","floor":10.0},{"not_picked":["Second Wind","Replay:Undeath\u0027s Touch","Warcry"],"picked":"SKIP","floor":11.0},{"not_picked":["Battle Trance","Body Slam"],"picked":"Thunderclap","floor":13.0},{"not_picked":["Impervious","Double Tap"],"picked":"Berserk","floor":16.0},{"not_picked":["Clothesline+1","hubris:SpiceAddiction"],"picked":"Sword Boomerang","floor":18},{"not_picked":["hubris:SharpeningStone+1","Pummel"],"picked":"Pommel Strike+1","floor":22},{"not_picked":["Flame Barrier","Run Through"],"picked":"Limit Break","floor":23},{"not_picked":["Cleave","hubris:SharpeningStone","Run Through+1"],"picked":"SKIP","floor":25},{"not_picked":["hubris:SpiceAddiction","Bloodletting"],"picked":"Flex","floor":31}],"player_experience":24353,"relics_obtained":[{"floor":1.0,"key":"LetterFromLob"},{"floor":7.0,"key":"hubris:Spice"},{"floor":9.0,"key":"Smiling Mask"},{"floor":23,"key":"Shuriken"},{"floor":26,"key":"hubris:Spice"}],"event_choices":[{"damage_healed":73.0,"max_hp_gain":0.0,"max_hp_loss":80.0,"gold_gain":0.0,"event_name":"betterThird:BetterShining","player_choice":"Embrace Burn","floor":4.0,"gold_loss":0.0,"damage_taken":0.0},{"damage_healed":0.0,"max_hp_gain":0.0,"max_hp_loss":0.0,"gold_gain":275.0,"event_name":"Golden Shrine","player_choice":"Desecrate","floor":5.0,"gold_loss":0.0,"damage_taken":0.0,"cards_obtained":["Regret"]},{"cards_removed":["Strike_R"],"damage_healed":0,"gold_gain":0,"player_choice":"Give","damage_taken":0,"max_hp_gain":0,"max_hp_loss":0,"event_name":"betterNote:BetterNote","floor":19,"gold_loss":0,"cards_obtained":["Strike_R"]},{"cards_removed":["Strike_R"],"damage_healed":0,"gold_gain":0,"player_choice":"Upgrade and Remove","damage_taken":0,"max_hp_gain":0,"max_hp_loss":0,"event_name":"Designer","floor":21,"gold_loss":90,"cards_upgraded":["Bash"]},{"damage_healed":0,"gold_gain":2,"player_choice":"2","damage_taken":0,"max_hp_gain":0,"max_hp_loss":16,"event_name":"betterStone:BetterStone","floor":30,"gold_loss":0}],"is_beta":false,"boss_relics":[{"not_picked":["Painkiller Herb","ReplayTheSpireMod:DimensionalGlitch"],"picked":"hubris:Spice"}],"items_purged_floors":[14,20,28],"is_endless":false,"potions_floor_spawned":[1,2,3,18,22,25],"killed_by":"Automaton","ascension_level":0}}