{"host":"emut9mh212kd9b86","time":1609566626,"event":{"mods":["ATMod(阿瑾Mod)","Act Like it!","BaseMod","Better Vampires","Downfall","Koishi","KomeijiMod","Minty Spire (QoL Compilation)","MostiFishMod","Shop Mod","Spicy Shops","StSLib","TestMod","Waifu the Spire","noobMod","【遗物卡牌】REMEMod"],"gold_per_floor":[199,210,230,230,244,279,317,254,286,318,59,91,109,136,153,256,256,256,275,292,492,509,98,98,129,91,91,120,131,56,91,104,199,199,199,219,237,15,46,122,122,25,42,101,101,101,118,150,186,186],"floor_reached":51,"playtime":2343,"items_purged":["hexamod:Strike","hexamod:Strike"],"score":1262,"play_id":"89419283-5902-4b0b-928e-53bd0f97b8e9","local_time":"20210102135026","is_ascension_mode":true,"campfire_choices":[{"floor":1,"key":"RECALL"},{"data":"hexamod:Float","floor":8,"key":"SMITH"},{"data":"Conclude","floor":18,"key":"SMITH"},{"floor":30,"key":"REST"},{"data":"hexamod:GhostflameInferno","floor":35,"key":"SMITH"},{"data":"Panache","floor":45,"key":"SMITH"}],"circlet_count":0,"master_deck":["hexamod:Strike+1","hexamod:Defend+1","hexamod:Defend+1","hexamod:Defend+1","hexamod:Defend+1","hexamod:Sear+1","hexamod:Float+1","Conclude+1","hexamod:GhostLash+1","hexamod:FourthSeal","hexamod:PhantomFireball+1","hexamod:SixthSeal","hexamod:FirstSeal","testmod-WeaknessCounterattack+1","hexamod:GhostflameInferno+1","hexamod:SecondSeal","hexamod:ThirdSeal","Panache+1"],"relics":["hexamod:SpiritBrand","testmod-TestBox","ice","DaveBox","AT_ATBox","REME_ComplimentaryCards","GreenFoldingFan","testmod-BatchProcessingSystem","Lantern","downfall:HeartBlessingRed","MerchantsRug","AT_BladeRuinedKing","Incense Burner","AT_SeraphEmbrace","ArrowTower","Singing Bowl","testmod-IndustrialRevolution","AT_TimeSand","Medical Kit","Anchor","downfall:HeartBlessingGreen","hexamod:MatchstickCase","FeatherPendant","testmod-CrystalShield","Blue Candle","AT_SunfireAegis","Mummified Hand"],"acts_visited":["Exordium","TheCity","TheBeyond"],"potions_floor_usage":[14,19,20,23,26,40,50,50,50],"damage_taken":[{"damage":4,"enemies":"Jaw Worm","floor":2,"turns":2},{"damage":6,"enemies":"Cultist","floor":3,"turns":3},{"damage":4,"enemies":"Small Slimes","floor":5,"turns":2},{"damage":20,"enemies":"Lagavulin","floor":6,"turns":5},{"damage":4,"enemies":"2 Fungi Beasts","floor":9,"turns":2},{"damage":8,"enemies":"Exordium Thugs","floor":10,"turns":3},{"damage":8,"enemies":"downfall:FleeingMerchant","floor":11,"turns":4},{"damage":21,"enemies":"3 Sentries","floor":12,"turns":5},{"damage":4,"enemies":"2 Fungi Beasts","floor":13,"turns":2},{"damage":4,"enemies":"Gremlin Nob","floor":14,"turns":2},{"damage":2,"enemies":"Lots of Slimes","floor":15,"turns":1},{"damage":40,"enemies":"downfall:Defect","floor":16,"turns":5},{"damage":4,"enemies":"Chosen","floor":19,"turns":2},{"damage":21,"enemies":"Shelled Parasite and Fungi","floor":20,"turns":6},{"damage":19,"enemies":"3 Cultists","floor":22,"turns":3},{"damage":10,"enemies":"downfall:FleeingMerchant","floor":23,"turns":5},{"damage":10,"enemies":"Gremlin Leader","floor":25,"turns":4},{"damage":4,"enemies":"downfall:FleeingMerchant","floor":26,"turns":2},{"damage":49,"enemies":"REME_1_Revenger","floor":28,"turns":3},{"damage":6,"enemies":"Snake Plant","floor":29,"turns":3},{"damage":4,"enemies":"Gremlin Leader","floor":31,"turns":2},{"damage":8,"enemies":"Centurion and Healer","floor":32,"turns":4},{"damage":12,"enemies":"downfall:Silent","floor":33,"turns":4},{"damage":4,"enemies":"3 Shapes","floor":36,"turns":2},{"damage":4,"enemies":"Orb Walker","floor":37,"turns":2},{"damage":6,"enemies":"4 Shapes","floor":39,"turns":3},{"damage":6,"enemies":"Giant Head","floor":40,"turns":3},{"damage":2,"enemies":"Jaw Worm Horde","floor":43,"turns":1},{"damage":4,"enemies":"Writhing Mass","floor":47,"turns":2},{"damage":2,"enemies":"Nemesis","floor":48,"turns":1},{"damage":4,"enemies":"4 Shapes","floor":49,"turns":2},{"damage":4,"enemies":"downfall:Ironclad","floor":50,"turns":2}],"seed_played":"3423727162553732207","potions_obtained":[{"floor":5,"key":"DuplicationPotion"},{"floor":6,"key":"DistilledChaos"},{"floor":10,"key":"SkillPotion"},{"floor":12,"key":"SkillPotion"},{"floor":12,"key":"SpeedPotion"},{"floor":13,"key":"testmod-TimePotion"},{"floor":14,"key":"FearPotion"},{"floor":19,"key":"Ancient Potion"},{"floor":20,"key":"GamblersBrew"},{"floor":23,"key":"Fire Potion"},{"floor":25,"key":"EntropicBrew"},{"floor":26,"key":"Fruit Juice"},{"floor":28,"key":"testmod-EscapePotion"},{"floor":29,"key":"hexamod:EctoCoolerPotion"},{"floor":29,"key":"BlessingOfTheForge"},{"floor":39,"key":"Dexterity Potion"},{"floor":39,"key":"REME_GoldPotion"},{"floor":39,"key":"SteroidPotion"},{"floor":40,"key":"ExcitationPotion"},{"floor":43,"key":"LiquidMemories"},{"floor":43,"key":"BlessingOfTheForge"},{"floor":43,"key":"SteroidPotion"},{"floor":47,"key":"DuplicationPotion"},{"floor":47,"key":"Fire Potion"},{"floor":49,"key":"testmod-TestPotion"}],"is_trial":false,"path_per_floor":["R","M","M","?","M","E","T","R","M","M","$","E","M","E","M","B",null,"R","M","M","?","M","$","T","E","$","?","E","M","R","E","M","B",null,"R","M","M","$","M","E","T","$","M","$","R","?","M","E","M","B",null],"character_chosen":"THE_SPIRIT","items_purchased":["MerchantsRug","AT_BladeRuinedKing","ArrowTower","testmod-WeaknessCounterattack","AT_TimeSand","Medical Kit","testmod-CrystalShield","Panache"],"campfire_rested":1,"item_purchase_floors":[11,11,23,23,26,26,38,42],"current_hp_per_floor":[70,70,70,70,70,60,60,60,66,68,70,59,65,70,70,40,140,140,140,140,140,140,140,140,142,149,141,111,124,153,155,157,157,157,157,159,159,159,161,161,161,161,163,163,163,163,169,171,173,173],"gold":186,"neow_bonus":"HUNDRED_GOLD","is_daily":false,"chose_seed":false,"campfire_upgraded":4,"win_rate":0.0,"timestamp":1609566626,"path_taken":["R","M","M","?","M","E","T","R","M","M","$","E","M","E","M","BOSS","R","M","M","?","?","$","T","E","?","?","E","M","R","E","M","BOSS","R","M","M","$","M","E","T","?","M","$","R","?","M","E","M","BOSS"],"items_purchased_type":["Relic","Relic","Relic","Card","Relic","Relic","Relic","Card"],"build_version":"2020-12-22","purchased_purges":2,"victory":true,"max_hp_per_floor":[70,70,70,70,70,70,70,70,70,70,70,70,70,70,70,70,140,140,140,140,140,140,140,140,142,149,149,151,153,153,155,157,157,157,157,159,159,159,161,161,161,161,163,163,163,163,169,171,173,173],"card_choices":[{"not_picked":["hexamod:PhantomCloak","hexamod:ShieldOfDarkness","hexamod:RecurringNightmare"],"picked":"SKIP","floor":2},{"not_picked":["hexamod:ThermalTransfer","hexamod:GhostflameBarrier"],"picked":"hexamod:GhostLash","floor":3},{"not_picked":["hexamod:RainOfEmbers","hexamod:ThermalTransfer","hexamod:RecurringNightmare"],"picked":"SKIP","floor":5},{"not_picked":["hexamod:Hexaguard","hexamod:Rewind","hexamod:NecessarySacrifice"],"picked":"SKIP","floor":6},{"not_picked":["hexamod:SwordOfDarkness","hexamod:BurningTouch"],"picked":"hexamod:FourthSeal","floor":9},{"not_picked":["hexamod:HeatMetal","hexamod:GhostflameBarrier"],"picked":"hexamod:PhantomFireball","floor":10},{"not_picked":["hexamod:GhostOfSpireFuture","hexamod:GhostOfSpirePast","hexamod:ShieldOfDarkness"],"picked":"SKIP","floor":11},{"not_picked":["hexamod:GhostLash","hexamod:HeatShield","hexamod:SpectralAdrenaline"],"picked":"SKIP","floor":12},{"not_picked":["hexamod:NightmareStrike","hexamod:SwordOfDarkness","hexamod:FastForward"],"picked":"SKIP","floor":13},{"not_picked":["hexamod:PowerFromBeyond","hexamod:Incineration","hexamod:EtherealExpedition"],"picked":"SKIP","floor":14},{"not_picked":["hexamod:BurningTouch","hexamod:NightmareGuise","hexamod:VolcanoVisage"],"picked":"SKIP","floor":15},{"not_picked":["hexamod:GiftsFromTheDead","hexamod:GhostflameInferno"],"picked":"hexamod:SixthSeal","floor":16},{"not_picked":["hexamod:Haunt","hexamod:ThermalTransfer"],"picked":"hexamod:FirstSeal","floor":19},{"not_picked":["hexamod:BacktrackSmack","hexamod:GhostShield+1","hexamod:InspiringFlames"],"picked":"SKIP","floor":20},{"not_picked":["hexamod:AdvancingGuard","hexamod:PhantomCloak","hexamod:SkipABeat"],"picked":"SKIP","floor":22},{"not_picked":["hexamod:HauntingEcho+1","hexamod:ExtraCrispy","hexamod:FirstSeal"],"picked":"SKIP","floor":23},{"not_picked":["hexamod:GhostLash","hexamod:PowerFromBeyond","hexamod:AdvancingGuard+1"],"picked":"Singing Bowl","floor":25},{"not_picked":["hexamod:PowerFromBeyond","hexamod:ShieldOfDarkness+1","hexamod:GhostOfSpireFuture"],"picked":"Singing Bowl","floor":26},{"not_picked":["hexamod:Incineration","hexamod:BacktrackSmack","hexamod:ShieldOfDarkness"],"picked":"Singing Bowl","floor":28},{"not_picked":["hexamod:SpectralAdrenaline","hexamod:EmpoweredFlame","hexamod:FourthSeal"],"picked":"Singing Bowl","floor":29},{"not_picked":["hexamod:HauntingEcho","hexamod:InspiringFlames+1","hexamod:NightmareGuise+1"],"picked":"Singing Bowl","floor":31},{"not_picked":["hexamod:SearingWound","hexamod:SpectersWail+1","hexamod:InspiringFlames"],"picked":"Singing Bowl","floor":32},{"not_picked":["hexamod:SearingWound","hexamod:ParanormalForm"],"picked":"hexamod:GhostflameInferno","floor":33},{"not_picked":["hexamod:SwordOfDarkness","hexamod:FastForward+1","hexamod:HauntingEcho+1"],"picked":"Singing Bowl","floor":36},{"not_picked":["hexamod:AdvancingGuard","hexamod:InspiringFlames+1"],"picked":"hexamod:SecondSeal","floor":37},{"not_picked":["hexamod:Hexaguard+1","hexamod:BacktrackSmack+1","hexamod:BurningTouch+1"],"picked":"Singing Bowl","floor":39},{"not_picked":["hexamod:DynamicBlow+1","hexamod:NightmareGuise"],"picked":"hexamod:ThirdSeal","floor":40},{"not_picked":["hexamod:RainOfEmbers","hexamod:InspiringFlames+1","hexamod:GhostShield"],"picked":"Singing Bowl","floor":43},{"not_picked":["hexamod:NecessarySacrifice+1","hexamod:GhostLash","hexamod:ThirdSeal"],"picked":"Singing Bowl","floor":47},{"not_picked":["hexamod:DynamicBlow","hexamod:ChargedBarrage+1","hexamod:RetreatToShadows+1"],"picked":"Singing Bowl","floor":47},{"not_picked":["hexamod:NecessarySacrifice","hexamod:StepThrough+1","hexamod:Again"],"picked":"Singing Bowl","floor":47},{"not_picked":["hexamod:FastForward","hexamod:SixthSeal","hexamod:ThermalTransfer"],"picked":"Singing Bowl","floor":48},{"not_picked":["hexamod:BacktrackSmack","hexamod:SpectersWail+1","hexamod:Rewind"],"picked":"Singing Bowl","floor":49}],"player_experience":396627,"relics_obtained":[{"floor":6,"key":"MawBank"},{"floor":7,"key":"Lantern"},{"floor":12,"key":"Incense Burner"},{"floor":14,"key":"AT_ArchangelStaff"},{"floor":24,"key":"Singing Bowl"},{"floor":25,"key":"testmod-IndustrialRevolution"},{"floor":28,"key":"Anchor"},{"floor":31,"key":"hexamod:MatchstickCase"},{"floor":40,"key":"Blue Candle"},{"floor":41,"key":"AT_SunfireAegis"},{"floor":48,"key":"Mummified Hand"}],"event_choices":[{"damage_healed":0,"gold_gain":0,"player_choice":"Ignored","damage_taken":0,"max_hp_gain":0,"max_hp_loss":0,"event_name":"给自己的盒子","floor":4,"gold_loss":0}],"is_beta":false,"boss_relics":[{"not_picked":["RhineFirstAidKit","Cursed Key"],"picked":"testmod-HarvestTotem"},{"not_picked":["JellyFishMachine","testmod-Fanaticism"],"picked":"FeatherPendant"}],"items_purged_floors":[11,23],"is_endless":false,"potions_floor_spawned":[5,6,10,12,13,14,19,29,31,32,33,39,43,49],"ascension_level":1}}