{"host":"0i8dz4ityulxi1rd","time":1609598668,"event":{"mods":["BaseMod","Colored Map","Colored Powertips","Custom Start","Highlight Path","Hubris","Infinite Spire","Keyboard Shortcuts","Minty Spire (QoL Compilation)","StSLib","SuperFastMode"],"gold_per_floor":[20,37,56,68,68,99,99,126,172,97,114,114,124,124,124,195,245,256,256,269,319,67,92,92,108,108,27,27,37,37,52,52,127,127,141,141,154,165,165,165,190,201,226,252,252,252,252,272,272,272,272],"floor_reached":50,"playtime":2518,"items_purged":["Defend_G","Strike_G","Strike_G"],"score":1104,"play_id":"23e2688c-698f-4e32-8e1a-5ee5b06cfb2f","local_time":"20210102234428","is_ascension_mode":true,"campfire_choices":[{"data":"Neutralize","floor":7.0,"key":"SMITH"},{"data":"Adrenaline","floor":12.0,"key":"SMITH"},{"data":"Deflect","floor":15.0,"key":"SMITH"},{"floor":24.0,"key":"REST"},{"floor":32.0,"key":"REST"},{"data":"Calculated Gamble","floor":40.0,"key":"SMITH"},{"floor":47,"key":"REST"},{"floor":49,"key":"RECALL"}],"circlet_count":0,"master_deck":["AscendersBane","Strike_G","Defend_G+1","Defend_G","Survivor","Neutralize+1","Predator","Adrenaline+1","Deflect+1","Dagger Spray","Deadly Poison+1","Dagger Throw","Reflex","Burst+1","Blade Dance","Cloak And Dagger","Acrobatics","Outmaneuver","Dagger Throw","Venomology+1","Blur","Calculated Gamble+1","Backflip","Cloak And Dagger+1","infinitespire:TheBestDefense"],"relics":["Ring of the Snake","Shuriken","infinitespire:Satchel","Juzu Bracelet","hubris:Icosahedron","Tiny House","Nilry\u0027s Codex","Membership Card","hubris:CrystalStatue","Tiny Chest","Toy Ornithopter","hubris:GrandSneckoEye","Ice Cream","hubris:AncientText","InkBottle","hubris:MysteriousPyramids"],"acts_visited":["Exordium","TheCity","TheBeyond"],"potions_floor_usage":[50,50],"damage_taken":[{"damage":5.0,"enemies":"infinitespire:Voidling","floor":1.0,"turns":3.0},{"damage":0.0,"enemies":"2 Louse","floor":2.0,"turns":2.0},{"damage":12.0,"enemies":"Jaw Worm","floor":3.0,"turns":4.0},{"damage":3.0,"enemies":"Exordium Wildlife","floor":4.0,"turns":4.0},{"damage":11.0,"enemies":"Gremlin Nob","floor":6.0,"turns":3.0},{"damage":9.0,"enemies":"3 Sentries","floor":8.0,"turns":7.0},{"damage":1.0,"enemies":"Red Slaver","floor":11.0,"turns":3.0},{"damage":0.0,"enemies":"Looter","floor":13.0,"turns":2.0},{"damage":18.0,"enemies":"The Guardian","floor":16.0,"turns":9.0},{"damage":5.0,"enemies":"Shell Parasite","floor":18.0,"turns":8.0},{"damage":16.0,"enemies":"2 Thieves","floor":20.0,"turns":3.0},{"damage":13.0,"enemies":"Book of Stabbing","floor":23.0,"turns":4.0},{"damage":15.0,"enemies":"Centurion and Healer","floor":25.0,"turns":4.0},{"damage":0.0,"enemies":"Chosen and Byrds","floor":29.0,"turns":5.0},{"damage":0.0,"enemies":"Snecko","floor":31.0,"turns":3.0},{"damage":12.0,"enemies":"hubris:MusketHawk","floor":33.0,"turns":5.0},{"damage":4.0,"enemies":"Orb Walker","floor":35.0,"turns":3.0},{"damage":4.0,"enemies":"3 Darklings","floor":37.0,"turns":3.0},{"damage":22.0,"enemies":"Sphere and 2 Shapes","floor":38.0,"turns":5.0},{"damage":0.0,"enemies":"Mind Bloom Boss Battle","floor":41.0,"turns":6.0},{"damage":15.0,"enemies":"Spire Growth","floor":42.0,"turns":4.0},{"damage":50.0,"enemies":"Reptomancer","floor":44.0,"turns":7.0},{"damage":0,"enemies":"3 Darklings","floor":48,"turns":3},{"damage":120,"enemies":"Time Eater","floor":50,"turns":10}],"seed_played":"8324098727517064560","potions_obtained":[{"floor":1.0,"key":"CunningPotion"},{"floor":4.0,"key":"Weak Potion"},{"floor":8.0,"key":"Fire Potion"},{"floor":17.0,"key":"FairyPotion"},{"floor":25.0,"key":"SpeedPotion"},{"floor":29.0,"key":"Fruit Juice"},{"floor":31.0,"key":"Strength Potion"},{"floor":33.0,"key":"Weak Potion"},{"floor":37.0,"key":"Poison Potion"},{"floor":38.0,"key":"Swift Potion"}],"is_trial":false,"path_per_floor":["M","M","M","M","?","E","R","E","T","$","M","R","M","?","R","B",null,"M","?","M","?","$","E","R","M","T","$","?","M","?","M","R","B",null,"M","?","M","M","T","R","?","M","T","E","AVR","?","R","M","R","B"],"character_chosen":"THE_SILENT","items_purchased":["Membership Card","DistilledChaos","Toy Ornithopter"],"campfire_rested":3,"item_purchase_floors":[22,22,27],"current_hp_per_floor":[59,59,47,44,44,33,33,24,24,24,23,23,23,23,23,5,56,51,30,14,14,14,1,22,7,7,7,7,17,17,17,39,32,65,66,66,73,54,54,54,59,69,69,19,19,19,41,41,41,0,0],"gold":272,"neow_bonus":"TRANSFORM_TWO_CARDS","is_daily":false,"chose_seed":false,"campfire_upgraded":4,"win_rate":0.0,"timestamp":1609598668,"path_taken":["M","M","?","M","?","E","R","E","T","$","M","R","M","?","R","BOSS","M","?","M","?","?","E","R","M","T","$","?","M","?","M","R","BOSS","M","?","M","M","?","R","?","M","T","E","AVR","?","R","M","R","BOSS"],"items_purchased_type":["Relic","Potion","Relic"],"build_version":"2020-12-22","purchased_purges":3,"victory":false,"max_hp_per_floor":[66,66,66,66,66,66,66,66,66,66,66,66,66,66,66,66,71,71,71,71,71,71,71,71,71,71,71,71,76,76,76,76,76,76,76,76,76,76,76,76,76,76,76,76,76,76,76,76,76,76,76],"card_choices":[{"not_picked":["Outmaneuver","Sucker Punch","Underhanded Strike"],"picked":"SKIP","floor":1.0},{"not_picked":["Blade Dance","Acrobatics"],"picked":"Deflect","floor":2.0},{"not_picked":["Dodge and Roll","Dagger Throw"],"picked":"Dagger Spray","floor":3.0},{"not_picked":["Flying Knee","Envenom"],"picked":"Deadly Poison","floor":4.0},{"not_picked":["Poisoned Stab","Sucker Punch","Slice"],"picked":"SKIP","floor":6.0},{"not_picked":["Leg Sweep","hubris:SlightOfHand","Outmaneuver"],"picked":"SKIP","floor":8.0},{"not_picked":["Quick Slash","Well Laid Plans"],"picked":"Dagger Throw","floor":11.0},{"not_picked":["hubris:Counter","Unload"],"picked":"Reflex","floor":13.0},{"not_picked":["Bullet Time","Malaise"],"picked":"Burst","floor":16.0},{"not_picked":["Choke","Setup+1","Quick Slash"],"picked":"SKIP","floor":18.0},{"not_picked":["hubris:SlightOfHand","Bane"],"picked":"Blade Dance","floor":20.0},{"not_picked":["Deflect","Endless Agony","Underhanded Strike"],"picked":"SKIP","floor":23.0},{"not_picked":["Unload","Dagger Throw"],"picked":"Cloak And Dagger","floor":25.0},{"not_picked":["Backflip","Quick Slash"],"picked":"Acrobatics","floor":29.0},{"not_picked":["Distraction","PiercingWail+1","Endless Agony"],"picked":"SKIP","floor":31.0},{"not_picked":["Grand Finale","Burst"],"picked":"Venomology","floor":33.0},{"not_picked":["Prepared+1","Backstab"],"picked":"Blur","floor":35.0},{"not_picked":["Riddle With Holes","Bouncing Flask"],"picked":"Calculated Gamble","floor":37.0},{"not_picked":["Flying Knee+1","All Out Attack"],"picked":"Backflip","floor":38.0},{"not_picked":["Slice","Backflip","infinitespire:Neurotoxin"],"picked":"SKIP","floor":42.0},{"not_picked":["Acrobatics","Blur+1"],"picked":"Cloak And Dagger+1","floor":44.0},{"not_picked":["hubris:SlightOfHand","Underhanded Strike","Poisoned Stab+1"],"picked":"SKIP","floor":48}],"player_experience":1302445,"relics_obtained":[{"floor":6.0,"key":"Shuriken"},{"floor":8.0,"key":"infinitespire:Satchel"},{"floor":9.0,"key":"Juzu Bracelet"},{"floor":19.0,"key":"Nilry\u0027s Codex"},{"floor":23.0,"key":"hubris:CrystalStatue"},{"floor":26.0,"key":"Tiny Chest"},{"floor":41.0,"key":"Ice Cream"},{"floor":43.0,"key":"hubris:AncientText"},{"floor":44.0,"key":"InkBottle"}],"event_choices":[{"damage_healed":0.0,"max_hp_gain":0.0,"max_hp_loss":0.0,"gold_gain":0.0,"event_name":"Upgrade Shrine","player_choice":"Upgraded","floor":5.0,"gold_loss":0.0,"damage_taken":0.0,"cards_upgraded":["Deadly Poison"]},{"damage_healed":0.0,"max_hp_gain":0.0,"max_hp_loss":0.0,"gold_gain":0.0,"event_name":"Cursed Tome","player_choice":"Obtained Book","floor":19.0,"gold_loss":0.0,"damage_taken":21.0},{"damage_healed":0.0,"max_hp_gain":0.0,"max_hp_loss":0.0,"gold_gain":50.0,"event_name":"Nest","player_choice":"Stole From Cult","floor":21.0,"gold_loss":0.0,"damage_taken":0.0},{"damage_healed":0.0,"max_hp_gain":0.0,"max_hp_loss":0.0,"gold_gain":0.0,"event_name":"Accursed Blacksmith","player_choice":"Forge","floor":28.0,"gold_loss":0.0,"damage_taken":0.0,"cards_upgraded":["Burst"]},{"damage_healed":0.0,"max_hp_gain":0.0,"max_hp_loss":0.0,"gold_gain":0.0,"cards_transformed":["Strike_G","Defend_G"],"event_name":"Drug Dealer","player_choice":"Became Test Subject","floor":30.0,"gold_loss":0.0,"damage_taken":0.0,"cards_obtained":["Outmaneuver","Dagger Throw"]},{"damage_healed":0.0,"max_hp_gain":0.0,"max_hp_loss":0.0,"gold_gain":0.0,"event_name":"MindBloom","player_choice":"Fight","floor":41.0,"gold_loss":0.0,"damage_taken":0.0}],"is_beta":false,"boss_relics":[{"not_picked":["Fusion Hammer","Philosopher\u0027s Stone"],"picked":"Tiny House"},{"not_picked":["hubris:VirtuousBlindfold","Sozu"],"picked":"hubris:GrandSneckoEye"}],"items_purged_floors":[10,22,45],"is_endless":false,"potions_floor_spawned":[1,4,8,11,25,29,31,33,37,38,48],"killed_by":"Time Eater","ascension_level":20}}