{"host":"1zjc08c6hob33401","time":1609616843,"event":{"mods":["AchievementEnabler","Act Like it!","Aspiration","BaseMod","Downfall","Energized Spire","Evolution","GifTheSpireLib","Hubris","Infinite Spire","Jedi Mod","Minty Spire (QoL Compilation)","Pale of the Ancients","Quick Restart","Replay The Spire","Retaliation","Shop Mod","StSLib","Stuff the Spire","The Blue Laboratory","Wandering Minibosses","vexMod"],"gold_per_floor":[118,134,59,59,75,75,75,75,75,75,75,4,4,39,39,134,134,144,158,158,58,58,58,76,101,101,101,101],"floor_reached":27,"playtime":1209,"items_purged":["Defend_B","Doubt"],"score":295,"play_id":"7cc45a04-e368-4c0c-9527-ccfa5aa28a1f","local_time":"20210102214723","is_ascension_mode":true,"campfire_choices":[{"data":"Chaos","floor":6.0,"key":"SMITH"},{"data":"ReplaySolidLightProjector","floor":8.0,"key":"SMITH"},{"data":"FIFO Queue","floor":13.0,"key":"SMITH"},{"data":"hubris:PowerSurge","floor":15.0,"key":"SMITH"},{"data":"Glacier","floor":23.0,"key":"SMITH"}],"circlet_count":0,"master_deck":["Strike_B","Strike_B","Strike_B","Strike_B","Defend_B","Defend_B","Zap","Dualcast","Chaos+1","Echo Form","ReplaySolidLightProjector+1","FIFO Queue+1","hubris:PowerSurge+1","Seek+1","Glacier+1","jedi:BurstFrost+1","StuffTheSpire:Coldhearted","Chaos+1"],"relics":["Cracked Core","EVO:Axolotl","CaptainsWheel","ReplayTheSpireMod:Shallot","infinitespire:Lucky Rock","vexMod:EndlessSickness","ReplayTheSpireMod:Ring of Collecting","Ring of Panic","Carrot","ReplayTheSpireMod:Ring of Addiction","vexMod:PlasmaPancake","hubris:EmptyBottle","Toy Ornithopter"],"acts_visited":["Exordium","TheCity"],"potions_floor_usage":[24],"damage_taken":[{"damage":1.0,"enemies":"Cultist","floor":1.0,"turns":3.0},{"damage":0.0,"enemies":"2 Louse","floor":2.0,"turns":3.0},{"damage":4.0,"enemies":"Small Slimes","floor":5.0,"turns":4.0},{"damage":10.0,"enemies":"Replay:BlueRogue","floor":14.0,"turns":5.0},{"damage":34.0,"enemies":"Slime Boss","floor":16.0,"turns":11.0},{"damage":4.0,"enemies":"Chosen","floor":18.0,"turns":4.0},{"damage":0.0,"enemies":"2 Thieves","floor":19.0,"turns":4.0},{"damage":33,"enemies":"Centurion and Healer","floor":24,"turns":13},{"damage":10,"enemies":"Slavers","floor":25,"turns":6}],"seed_played":"-3151613348403661503","potions_obtained":[{"floor":1.0,"key":"blueLaboratory:PyrophylliteBrew"},{"floor":5.0,"key":"Adrenaline Potion"},{"floor":16.0,"key":"CultistPotion"},{"floor":18.0,"key":"EntropicBrew"},{"floor":24,"key":"blueLaboratory:BottleOfVodka"},{"floor":25,"key":"Dexterity Potion"},{"floor":26,"key":"blueLaboratory:BottleOfRum"},{"floor":26,"key":"Block Potion"},{"floor":26,"key":"blueLaboratory:BiasPotion"}],"is_trial":false,"path_per_floor":["M","M","$","?","M","R","?","R","T","?","?","$","R","E","R","B",null,"M","M","?","$","?","R","M","E","T","?"],"character_chosen":"DEFECT","items_purchased":["FIFO Queue"],"campfire_rested":0,"item_purchase_floors":[12],"current_hp_per_floor":[74,74,74,74,70,70,70,70,70,70,63,63,63,53,53,19,66,62,62,62,62,62,62,29,19,25,0,0],"gold":101,"neow_bonus":"TEN_PERCENT_HP_BONUS","is_daily":false,"chose_seed":false,"campfire_upgraded":5,"win_rate":0.0,"timestamp":1609616843,"path_taken":["M","M","$","?","?","R","?","R","T","?","?","$","R","E","R","BOSS","M","M","?","$","?","R","?","E","T","?"],"items_purchased_type":["Card"],"build_version":"2020-12-22","purchased_purges":2,"victory":false,"max_hp_per_floor":[82,82,82,82,82,82,82,82,82,82,82,82,82,82,82,82,82,82,82,82,82,82,82,82,82,88,88,88],"card_choices":[{"not_picked":["StuffTheSpire:LoadUp","Redo"],"picked":"Chaos","floor":1.0},{"not_picked":["Conserve Battery","Rip and Tear"],"picked":"Echo Form","floor":2.0},{"not_picked":["ReplayTheSpireMod:System Scan","Stack"],"picked":"ReplaySolidLightProjector","floor":5.0},{"not_picked":["Barrage","Compile Driver"],"picked":"hubris:PowerSurge","floor":14.0},{"not_picked":["jedi:bruteforce","Creative AI"],"picked":"Seek","floor":16.0},{"not_picked":["Panic Button","Redo"],"picked":"Glacier","floor":18.0},{"not_picked":["Gash","Leap"],"picked":"jedi:BurstFrost+1","floor":19.0},{"not_picked":["jedi:spotbugs","Steam+1"],"picked":"StuffTheSpire:Coldhearted","floor":24},{"not_picked":["Aggregate","StuffTheSpire:LoadUp"],"picked":"Chaos+1","floor":25}],"player_experience":444127,"relics_obtained":[{"floor":9.0,"key":"ReplayTheSpireMod:Shallot"},{"floor":14.0,"key":"infinitespire:Lucky Rock"},{"floor":20.0,"key":"ReplayTheSpireMod:Ring of Collecting"},{"floor":20.0,"key":"Ring of Panic"},{"floor":25,"key":"Carrot"},{"floor":26,"key":"ReplayTheSpireMod:Ring of Addiction"},{"floor":26,"key":"vexMod:PlasmaPancake"},{"floor":26,"key":"hubris:EmptyBottle"},{"floor":26,"key":"Toy Ornithopter"}],"event_choices":[{"damage_healed":0.0,"max_hp_gain":0.0,"max_hp_loss":0.0,"gold_gain":0.0,"event_name":"WeMeetAgain","player_choice":"Gave Potion","floor":4.0,"gold_loss":0.0,"damage_taken":0.0,"relics_obtained":["CaptainsWheel"]},{"damage_healed":0.0,"max_hp_gain":0.0,"max_hp_loss":0.0,"gold_gain":0.0,"event_name":"Scrap Ooze","player_choice":"Fled","floor":7.0,"gold_loss":0.0,"damage_taken":0.0},{"cards_removed":["Defend_B"],"damage_healed":0.0,"max_hp_gain":0.0,"max_hp_loss":0.0,"gold_gain":0.0,"event_name":"Golden Wing","player_choice":"Card Removal","floor":11.0,"gold_loss":0.0,"damage_taken":7.0},{"damage_healed":0.0,"max_hp_gain":0.0,"max_hp_loss":0.0,"gold_gain":0.0,"event_name":"Accursed Blacksmith","player_choice":"Forge","floor":22.0,"gold_loss":0.0,"damage_taken":0.0,"cards_upgraded":["Seek"]}],"is_beta":false,"boss_relics":[{"not_picked":["hubris:Backtick","aspiration:WatcherSkillbook"],"picked":"vexMod:EndlessSickness"}],"items_purged_floors":[3,21],"is_endless":false,"potions_floor_spawned":[1,5,16,18,24,25],"ascension_level":6}}