{"host":"yer03dsd277nstsn","time":1609565370,"event":{"mods":["BaseMod","Colored Powertips","Minty Spire (QoL Compilation)"],"gold_per_floor":[116,136,149,63,138,138,156,156,156,42,42,75,93,93,93,167,167,179,189,198,98,98,98,126,126,126,161,161,197,197,206,206,290,326,346,355,374,45,65,65,21,21,92,92,119,156,156,167,167,251,251,251],"floor_reached":51,"playtime":3142,"items_purged":["Defend_R","Writhe"],"score":1689,"play_id":"f448de7a-2705-4c4e-97c5-a5e8794e41ae","local_time":"20210101232930","daily_mods":["Chimera","Vintage","Diverse","Heirloom","Time Dilation","Flight","Elite Swarm"],"is_ascension_mode":true,"campfire_choices":[{"data":"Genetic Algorithm","floor":6,"key":"SMITH"},{"floor":8,"key":"REST"},{"data":"Bash","floor":15,"key":"SMITH"},{"data":"Eruption","floor":23,"key":"SMITH"},{"floor":25,"key":"REST"},{"floor":28,"key":"REST"},{"floor":30,"key":"REST"},{"data":"Bullet Time","floor":32,"key":"SMITH"},{"floor":40,"key":"REST"},{"data":"ClearTheMind","floor":42,"key":"SMITH"},{"data":"Corpse Explosion","floor":47,"key":"SMITH"},{"data":"1","floor":49,"key":"LIFT"}],"circlet_count":0,"master_deck":["AscendersBane","Bash+1","Eruption+1","Genetic Algorithm+1","Self Repair","Hyperbeam","Dash+1","ReachHeaven+1","Fusion+1","Bullet Time+1","Reaper","Decay","Demon Form","Tempest","Offering","Meditate","Rupture","Master of Strategy","ClearTheMind+1","Corpse Explosion+1","Bludgeon"],"relics":["Cracked Core","Calipers","Darkstone Periapt","Centennial Puzzle","Gambling Chip","Blood Vial","Oddly Smooth Stone","Happy Flower","DataDisk","Astrolabe","Art of War","Kunai","CeramicFish","Anchor","Question Card","Tiny Chest","Orichalcum","Pandora\u0027s Box","Du-Vu Doll","Pantograph","Runic Capacitor","Lantern","Regal Pillow","Pear","Torii","Smiling Mask","Girya"],"acts_visited":["Exordium","TheCity","TheBeyond"],"potions_floor_usage":[12,16,16,18,19,27,48,50],"damage_taken":[{"damage":2,"enemies":"Cultist","floor":1,"turns":4},{"damage":0,"enemies":"2 Louse","floor":2,"turns":2},{"damage":1,"enemies":"Small Slimes","floor":3,"turns":3},{"damage":23,"enemies":"Exordium Wildlife","floor":7,"turns":6},{"damage":16,"enemies":"Gremlin Nob","floor":12,"turns":3},{"damage":0,"enemies":"Large Slime","floor":13,"turns":4},{"damage":0,"enemies":"Slime Boss","floor":16,"turns":4},{"damage":27,"enemies":"3 Byrds","floor":18,"turns":4},{"damage":9,"enemies":"Shell Parasite","floor":19,"turns":4},{"damage":33,"enemies":"Gremlin Leader","floor":24,"turns":4},{"damage":17,"enemies":"Slavers","floor":27,"turns":3},{"damage":45,"enemies":"Book of Stabbing","floor":29,"turns":5},{"damage":58,"enemies":"Collector","floor":33,"turns":8},{"damage":45,"enemies":"Orb Walker","floor":35,"turns":4},{"damage":4,"enemies":"3 Shapes","floor":37,"turns":1},{"damage":16,"enemies":"3 Darklings","floor":39,"turns":3},{"damage":8,"enemies":"Nemesis","floor":45,"turns":3},{"damage":6,"enemies":"Reptomancer","floor":46,"turns":1},{"damage":29,"enemies":"Spire Growth","floor":48,"turns":3},{"damage":53,"enemies":"Time Eater","floor":50,"turns":5},{"damage":100,"enemies":"Awakened One","floor":51,"turns":4}],"seed_played":"-7700749610486580265","potions_obtained":[{"floor":1,"key":"Strength Potion"},{"floor":2,"key":"FocusPotion"},{"floor":7,"key":"DistilledChaos"},{"floor":12,"key":"Fire Potion"},{"floor":16,"key":"FocusPotion"},{"floor":18,"key":"SpeedPotion"},{"floor":24,"key":"SteroidPotion"},{"floor":39,"key":"SteroidPotion"},{"floor":45,"key":"BlessingOfTheForge"}],"is_trial":true,"path_per_floor":["M","M","M","$","?","R","M","R","T","$","?","E","M","?","R","B",null,"M","M","?","$","$","R","E","R","T","E","R","E","R","?","R","B",null,"M","?","M","$","M","R","$","R","T","$","E","E","R","M","R","B","B"],"character_chosen":"DEFECT","items_purchased":["Genetic Algorithm","Self Repair","Runic Capacitor","Lantern","ClearTheMind"],"campfire_rested":5,"item_purchase_floors":[4,10,38,38,41],"current_hp_per_floor":[62,62,61,61,50,50,27,48,48,48,48,41,50,71,71,71,71,51,51,57,57,57,57,33,56,56,41,64,28,51,57,57,8,64,33,33,31,31,24,63,63,63,73,73,88,84,84,57,57,41,0,0],"gold":251,"neow_bonus":"","is_daily":false,"chose_seed":false,"campfire_upgraded":6,"win_rate":0.0,"timestamp":1609565370,"path_taken":["M","M","M","$","?","R","M","R","T","$","?","E","M","?","R","BOSS","M","?","?","$","$","R","E","R","T","E","R","E","R","?","R","BOSS","M","?","M","$","M","R","$","R","T","$","E","E","R","M","R","BOSS","BOSS"],"items_purchased_type":["Card","Card","Relic","Relic","Card"],"build_version":"2020-12-22","purchased_purges":2,"victory":false,"max_hp_per_floor":[71,71,71,71,71,71,71,71,71,71,71,71,71,71,71,71,71,71,71,77,77,77,77,77,77,77,77,77,77,77,83,83,83,83,83,83,83,83,83,83,83,83,93,93,93,93,93,93,93,93,93,93],"card_choices":[{"not_picked":["Immolate","Doppelganger","Reboot"],"picked":"SKIP","floor":12},{"not_picked":["Multi-Cast","Brilliance"],"picked":"Hyperbeam","floor":16},{"not_picked":["Doppelganger","Corruption","Rainbow"],"picked":"SKIP","floor":24},{"not_picked":["A Thousand Cuts","Vault","Barricade"],"picked":"Bullet Time","floor":27},{"not_picked":["Judgement","Wish","Night Terror"],"picked":"Reaper","floor":29},{"not_picked":["Omniscience","Grand Finale","Brutality"],"picked":"Demon Form","floor":33},{"not_picked":["Swift Strike","Thinking Ahead","Impatience"],"picked":"Master of Strategy","floor":36},{"not_picked":["Malaise","Omniscience","ConjureBlade","Vault"],"picked":"SKIP","floor":45},{"not_picked":["Ragnarok","Barricade","Fission"],"picked":"Corpse Explosion","floor":46},{"not_picked":["Electrodynamics","Core Surge","Barricade"],"picked":"Bludgeon","floor":50}],"player_experience":430365,"relics_obtained":[{"floor":1,"key":"Darkstone Periapt"},{"floor":2,"key":"Centennial Puzzle"},{"floor":3,"key":"Gambling Chip"},{"floor":7,"key":"Blood Vial"},{"floor":9,"key":"Oddly Smooth Stone"},{"floor":12,"key":"Happy Flower"},{"floor":13,"key":"DataDisk"},{"floor":18,"key":"Art of War"},{"floor":19,"key":"Kunai"},{"floor":24,"key":"Anchor"},{"floor":26,"key":"Question Card"},{"floor":27,"key":"Tiny Chest"},{"floor":29,"key":"Orichalcum"},{"floor":35,"key":"Du-Vu Doll"},{"floor":37,"key":"Pantograph"},{"floor":39,"key":"Regal Pillow"},{"floor":43,"key":"Pear"},{"floor":45,"key":"Torii"},{"floor":46,"key":"Smiling Mask"},{"floor":48,"key":"Girya"}],"event_choices":[{"damage_healed":0,"gold_gain":75,"player_choice":"Gather Gold","damage_taken":11,"max_hp_gain":0,"max_hp_loss":0,"event_name":"World of Goop","floor":5,"gold_loss":0},{"damage_healed":0,"gold_gain":0,"player_choice":"Ignored","damage_taken":0,"max_hp_gain":0,"max_hp_loss":0,"event_name":"Shining Light","floor":11,"gold_loss":0},{"damage_healed":21,"gold_gain":0,"player_choice":"Full Heal","damage_taken":0,"max_hp_gain":0,"max_hp_loss":0,"event_name":"Wheel of Change","floor":14,"gold_loss":0},{"damage_healed":0,"gold_gain":0,"player_choice":"Opened","damage_taken":0,"relics_obtained":["CeramicFish"],"max_hp_gain":0,"max_hp_loss":0,"event_name":"The Mausoleum","floor":20,"gold_loss":0,"cards_obtained":["Writhe"]},{"damage_healed":0,"gold_gain":0,"player_choice":"Smashed Altar","damage_taken":0,"max_hp_gain":0,"max_hp_loss":0,"event_name":"Forgotten Altar","floor":31,"gold_loss":0,"cards_obtained":["Decay"]},{"damage_healed":0,"gold_gain":0,"player_choice":"Memory 1","damage_taken":0,"max_hp_gain":0,"max_hp_loss":0,"event_name":"SensoryStone","floor":36,"gold_loss":0}],"is_beta":false,"boss_relics":[{"not_picked":["Calling Bell","Nuclear Battery"],"picked":"Astrolabe"},{"not_picked":["Runic Dome","Black Star"],"picked":"Pandora\u0027s Box"}],"items_purged_floors":[10,21],"is_endless":true,"potions_floor_spawned":[1,2,7,12,16,18,24,39,45,46],"killed_by":"Awakened One","ascension_level":20}}