{"host":"jgqxb38yl0c1w101","time":1609549240,"event":{"mods":["BaseMod","Colored Map","Downfall","Minty Spire (QoL Compilation)","StSLib"],"gold_per_floor":[99,199,211,225,241,241,241,254,273,303,303,403,203,1,15,15,15,15],"floor_reached":16,"playtime":870,"items_purged":[],"score":222,"play_id":"718288e7-c9de-4745-8217-a4061c54651b","local_time":"20210101200040","is_ascension_mode":true,"campfire_choices":[{"floor":1,"key":"RECALL"},{"data":"champ:LastStand","floor":13,"key":"SMITH"}],"circlet_count":0,"master_deck":["champ:Strike","champ:Strike","champ:Strike","champ:Strike","champ:Defend","champ:Defend","champ:Defend","champ:Defend","champ:Execute","champ:Taunt","champ:DefensiveShout","champ:Backstep","champ:GutPunch","champ:RageSigil","champ:DefensiveShout","champ:ArenaPreparation","Shame","Pain","Parasite","downfall:Bewildered","downfall:Aged","champ:LastStand+1","Doubt","champ:BladeFlurry","champ:SwordSigil"],"relics":["champ:ChampionCrown","downfall:BrokenWingStatue","Singing Bowl","Du-Vu Doll","Cursed Key","downfall:HeartBlessingRed","downfall:HeartBlessingGreen","Pen Nib"],"acts_visited":["Exordium"],"potions_floor_usage":[10,10],"damage_taken":[{"damage":23,"enemies":"Cultist","floor":3,"turns":4},{"damage":10,"enemies":"Small Slimes","floor":4,"turns":3},{"damage":18,"enemies":"Jaw Worm","floor":5,"turns":5},{"damage":13,"enemies":"Large Slime","floor":8,"turns":6},{"damage":18,"enemies":"3 Louse","floor":9,"turns":5},{"damage":54,"enemies":"3 Sentries","floor":10,"turns":8},{"damage":5,"enemies":"downfall:FleeingMerchant","floor":14,"turns":4},{"damage":24,"enemies":"Lots of Slimes","floor":15,"turns":3},{"damage":34,"enemies":"downfall:Defect","floor":16,"turns":5}],"seed_played":"-3419196322048223829","potions_obtained":[{"floor":3,"key":"LiquidBronze"},{"floor":4,"key":"LiquidBronze"},{"floor":8,"key":"DuplicationPotion"}],"is_trial":false,"path_per_floor":["R","?","M","M","M","?","T","M","M","E","?","?","R","$","M","B"],"character_chosen":"THE_CHAMP","items_purchased":["Pen Nib","champ:SwordSigil"],"campfire_rested":0,"item_purchase_floors":[14,14],"current_hp_per_floor":[99,99,86,81,68,68,68,68,55,15,48,48,48,43,34,0,0,0],"gold":15,"neow_bonus":"TEN_PERCENT_HP_BONUS","is_daily":false,"chose_seed":false,"campfire_upgraded":1,"win_rate":0.0,"timestamp":1609549240,"path_taken":["R","?","M","M","M","?","T","M","?","E","?","?","R","$","M","BOSS"],"items_purchased_type":["Relic","Card"],"build_version":"2020-12-22","purchased_purges":0,"victory":false,"max_hp_per_floor":[99,99,99,99,99,99,99,99,99,99,99,99,99,99,101,101,101,101],"card_choices":[{"not_picked":["champ:FlashCut","champ:BringItOn"],"picked":"champ:DefensiveShout","floor":3},{"not_picked":["champ:RisingSlash","champ:RageSigil"],"picked":"champ:Backstep","floor":4},{"not_picked":["champ:PerfectedStrike","champ:FlashCut"],"picked":"champ:GutPunch","floor":5},{"not_picked":["champ:GutPunch","champ:CrookedStrike"],"picked":"champ:RageSigil","floor":8},{"not_picked":["champ:GladiatorsShout","champ:HeavySlash"],"picked":"champ:DefensiveShout","floor":9},{"not_picked":["champ:Control","champ:DefensiveShout"],"picked":"champ:ArenaPreparation","floor":10},{"not_picked":["champ:BerserkersShout","champ:Improvising"],"picked":"champ:BladeFlurry","floor":14},{"not_picked":["champ:FlashCut","champ:GutPunch","champ:BerserkerStyle"],"picked":"Singing Bowl","floor":15}],"player_experience":133553,"relics_obtained":[{"floor":7,"key":"Singing Bowl"},{"floor":10,"key":"Du-Vu Doll"}],"event_choices":[{"damage_healed":33,"gold_gain":0,"player_choice":"Banana","damage_taken":0,"max_hp_gain":0,"max_hp_loss":0,"event_name":"Big Fish","floor":11,"gold_loss":0}],"is_beta":false,"boss_relics":[],"items_purged_floors":[],"is_endless":false,"potions_floor_spawned":[3,4,8],"killed_by":"downfall:Defect","ascension_level":4}}