{"host":"tr12w2fixbnujl15","time":1609549384,"event":{"mods":["2.2 Compatiblity","BaseMod","Better Skull","BetterRewards","Colored Powertips","Hubris","Infinite Spire","Minty Spire (QoL Compilation)","Quick Restart","Replay The Spire","Shop Mod","StSLib","SuperFastMode","The Dragon Tamer","The Necromancer","The Sage","The Senshi","The Spell Scribe","TheFirefly","WarShipGirlsR/????R mod"],"gold_per_floor":[110,110,110,123,140,140,159,19,66,79,354,354,367,379,379,484,484,499,499,510,522,522,522,539,539,589,589,606,667,682,682,682,781,781,799,799,813,813,27,27,27,27,54,54,73,86,86,16,16,16],"floor_reached":51,"playtime":1538,"items_purged":["Regret"],"score":539,"play_id":"ee822616-f786-46c3-aabf-663bfae55889","local_time":"20210101200304","is_ascension_mode":false,"campfire_choices":[{"floor":12,"key":"REST"},{"data":"Summon_Vampire_Lady","floor":15,"key":"SMITH"},{"data":"ReplayTheSpireMod:Black Plague","floor":23,"key":"SMITH"},{"data":"ReplayTheSpireMod:Echoes of Time","floor":25,"key":"SMITH"},{"data":"Discovery","floor":27,"key":"SMITH"},{"floor":32,"key":"REST"},{"floor":40,"key":"REST"},{"data":"infinitespire:Gouge","floor":42,"key":"SMITH"},{"data":"Dark Shackles","floor":44,"key":"SMITH"}],"circlet_count":0,"master_deck":["Strike_W","Strike_W+1","Strike_W","Strike_W","Defend_W","Defend_W","Defend_W","Negative_Energy_Arrows","Bone_Wall+1","Bone_Armory","Life_Drain","Shackles_Of_Pain+1","Blood_Is_Power","Summon_Vampire_Lady+1","Bones_to_Steel","Thousand_Bone_Knives","Grasp_Heart","Blood_Wake","Summon_Undead+1","Shade_Step+1","Whirlwind_of_Bones","ReplayTheSpireMod:Black Plague+1","hubris:Rewind","hubris:Sloth","Bash","Reap_The_Weak","Discovery+1","infinitespire:NeuralNetwork+1","Summon_Vampire_Lady","Negative_Energy_Javelin","Vampiric_Strike","Chill_Blood+1","Bone_Prison+1","Cloudkill","Bone_Armor+1","Toxic_Smoke_Screen","Bone_Armory","Bone_Armory","ReplayUltimateDefense","Bone_Armor+1","Spectral_Armor","Vampiric_Strike+1","Negative_Energy_Sphere","Dark Shackles+1","infinitespire:Gouge+1","Finger_Of_Death+1","Shade_Step","hubris:Fate"],"relics":["Vampire_Amulet","NeowsBlessing","hubris:Towel","Regal Pillow","hubris:BlackHole","GremlinMask","Pantograph","ReplayTheSpireMod:SealedPack","Vajra","Blood Vial","hubris:HollowSoul","hubris:TenFootPole","Blue Doll","War Paint","Pet Ghost","Gremlin Horn"],"acts_visited":["Exordium","TheCity","TheBeyond"],"potions_floor_usage":[10,16,16,16,20,33,50],"damage_taken":[{"damage":0,"enemies":"Cultist","floor":1,"turns":1},{"damage":0,"enemies":"Small Slimes","floor":4,"turns":1},{"damage":0,"enemies":"Jaw Worm","floor":5,"turns":1},{"damage":20,"enemies":"2 Fungi Beasts","floor":7,"turns":3},{"damage":26,"enemies":"Gremlin Gang","floor":10,"turns":5},{"damage":27,"enemies":"3 Louse","floor":13,"turns":3},{"damage":20,"enemies":"Red Slaver","floor":14,"turns":3},{"damage":52,"enemies":"Fading Forest","floor":16,"turns":11},{"damage":10,"enemies":"Shell Parasite","floor":18,"turns":4},{"damage":3,"enemies":"2 Thieves","floor":20,"turns":4},{"damage":19,"enemies":"3 Cultists","floor":21,"turns":3},{"damage":3,"enemies":"Snecko","floor":24,"turns":3},{"damage":4,"enemies":"Snake Plant","floor":28,"turns":3},{"damage":15,"enemies":"3 Cultists","floor":30,"turns":3},{"damage":14,"enemies":"Automaton","floor":33,"turns":4},{"damage":3,"enemies":"Orb Walker","floor":35,"turns":3},{"damage":22,"enemies":"3 Darklings","floor":37,"turns":3},{"damage":7,"enemies":"Writhing Mass","floor":45,"turns":3},{"damage":2,"enemies":"Sphere and 2 Shapes","floor":46,"turns":4},{"damage":129,"enemies":"Replay:Hell Engine","floor":50,"turns":16}],"seed_played":"-4759356800729375563","potions_obtained":[{"floor":1,"key":"Energy Potion"},{"floor":7,"key":"Dexterity Potion"},{"floor":13,"key":"FearPotion"},{"floor":14,"key":"BlessingOfTheForge"},{"floor":16,"key":"PowerPotion"},{"floor":20,"key":"BlessingOfTheForge"},{"floor":28,"key":"SmokeBomb"},{"floor":29,"key":"LiquidBronze"},{"floor":35,"key":"EssenceOfSteel"},{"floor":45,"key":"Elixir"}],"is_trial":false,"path_per_floor":["M","?","?","M","M","?","M","$","T","M","?","R","M","M","R","B",null,"M","?","M","M","AVR","R","M","R","T","R","M","?","M","?","R","B",null,"M","T","M","?","$","R","?","R","T","R","M","M","AVR","?","R","B",null],"character_chosen":"NECROMANCER","items_purchased":["Summon_Vampire_Lady","Blue Doll","Bone_Armory","ReplayUltimateDefense","Bone_Armor","Spectral_Armor","Vampiric_Strike","Negative_Energy_Sphere","Dark Shackles"],"campfire_rested":3,"item_purchase_floors":[8,39,39,39,39,39,39,39,39],"current_hp_per_floor":[75,75,60,64,66,66,60,60,60,64,64,75,63,57,57,51,75,75,75,75,74,74,74,74,74,74,74,72,54,53,53,75,75,75,74,74,55,55,55,75,75,75,75,75,74,75,75,75,75,12],"gold":16,"neow_bonus":"THREE_ENEMY_KILL","is_daily":false,"chose_seed":false,"campfire_upgraded":6,"win_rate":0.0,"timestamp":1609549384,"path_taken":["M","?","?","M","M","?","?","$","T","M","?","R","?","M","R","BOSS","M","?","M","M","AVR","R","M","R","T","R","?","?","?","?","R","BOSS","M","?","M","?","$","R","?","R","T","R","?","M","AVR","?","R","BOSS"],"items_purchased_type":["Card","Relic","Card","Card","Card","Card","Card","Card","Card"],"build_version":"2020-12-22","purchased_purges":1,"victory":true,"max_hp_per_floor":[75,75,75,75,75,75,75,75,75,75,75,75,75,75,75,75,75,75,75,75,75,75,75,75,75,75,75,75,75,75,75,75,75,75,75,75,75,75,75,75,75,75,75,75,75,75,75,75,75,75],"card_choices":[{"not_picked":["Consume_Illness","Finger_Of_Death"],"picked":"Bone_Armory","floor":1},{"not_picked":["Blood_Whip","Negative_Energy_Javelin"],"picked":"Life_Drain","floor":4},{"not_picked":["Bone_Armor","Bone_Armory"],"picked":"Shackles_Of_Pain","floor":5},{"not_picked":["Spectral_Walk","Chill_Blood"],"picked":"Blood_Is_Power","floor":7},{"not_picked":["Death_March_Dance","Bone_Armory"],"picked":"Bones_to_Steel","floor":10},{"not_picked":["Consume_Illness","Bone_Prison"],"picked":"Thousand_Bone_Knives","floor":13},{"not_picked":["Summon_Lich","Blood_Curse"],"picked":"Grasp_Heart","floor":14},{"not_picked":["Cloudkill","Summon_Vampire_Lady"],"picked":"Blood_Wake","floor":16},{"not_picked":["Life_Drain+1","Strike_from_Beyond"],"picked":"Summon_Undead+1","floor":18},{"not_picked":["Death_Coil","Bone_Spikes+1"],"picked":"Shade_Step+1","floor":20},{"not_picked":["Blood_Whip+1","Death_Knell+1"],"picked":"Whirlwind_of_Bones","floor":21},{"not_picked":["Dualcast","Vigilance"],"picked":"Bash","floor":22},{"not_picked":["Requiem","Detonate_Bones"],"picked":"Reap_The_Weak","floor":22},{"not_picked":["ReplayTheSpireMod:Private Reserves","Purity"],"picked":"Discovery","floor":22},{"not_picked":["infinitespire:TheBestDefense","infinitespire:FutureSight"],"picked":"infinitespire:NeuralNetwork","floor":22},{"not_picked":["Blood_Curse","Negative_Energy_Burst"],"picked":"Summon_Vampire_Lady","floor":24},{"not_picked":["Finger_Of_Death","Bone_Prison"],"picked":"Negative_Energy_Javelin","floor":28},{"not_picked":["Death_March_Dance","Shackles_Of_Pain+1"],"picked":"Vampiric_Strike","floor":29},{"not_picked":["Blood_Shield","Death_March_Dance"],"picked":"Chill_Blood+1","floor":29},{"not_picked":["Finger_Of_Death","Blood_Curse"],"picked":"Bone_Prison","floor":30},{"not_picked":["Blood_Magic","Hellfire"],"picked":"Cloudkill","floor":33},{"not_picked":["Negative_Energy_Sphere","Death_Coil"],"picked":"Bone_Armor+1","floor":35},{"not_picked":["Vampiric_Strike+1","Siphon_Strength+1"],"picked":"Toxic_Smoke_Screen","floor":37},{"not_picked":["Life_Drain","Consume_Illness"],"picked":"Finger_Of_Death+1","floor":45},{"not_picked":["Blood_Curse","Death_March_Dance+1"],"picked":"Shade_Step","floor":46}],"player_experience":17253,"relics_obtained":[{"floor":9,"key":"Regal Pillow"},{"floor":26,"key":"Vajra"},{"floor":29,"key":"Blood Vial"},{"floor":36,"key":"hubris:TenFootPole"},{"floor":43,"key":"War Paint"}],"event_choices":[{"damage_healed":0,"gold_gain":0,"player_choice":"Entered Light","damage_taken":15,"max_hp_gain":0,"max_hp_loss":0,"event_name":"Shining Light","floor":3,"gold_loss":0,"cards_upgraded":["Strike_W","Bone_Wall"]},{"damage_healed":0,"gold_gain":0,"player_choice":"Upgraded","damage_taken":0,"max_hp_gain":0,"max_hp_loss":0,"event_name":"Upgrade Shrine","floor":6,"gold_loss":0,"cards_upgraded":["Shackles_Of_Pain"]},{"damage_healed":0,"gold_gain":275,"player_choice":"Desecrate","damage_taken":0,"max_hp_gain":0,"max_hp_loss":0,"event_name":"Golden Shrine","floor":11,"gold_loss":0,"cards_obtained":["Regret"]},{"damage_healed":0,"gold_gain":0,"player_choice":"Trade","damage_taken":0,"relics_obtained":["GremlinMask"],"max_hp_gain":0,"max_hp_loss":0,"event_name":"FaceTrader","floor":19,"gold_loss":0},{"damage_healed":0,"gold_gain":0,"player_choice":"Forge","damage_taken":0,"max_hp_gain":0,"max_hp_loss":0,"event_name":"Accursed Blacksmith","floor":31,"gold_loss":0,"cards_upgraded":["infinitespire:NeuralNetwork"]},{"cards_removed":["Defend_W"],"damage_healed":0,"gold_gain":0,"player_choice":"Removed Skill","damage_taken":0,"max_hp_gain":0,"max_hp_loss":0,"event_name":"Falling","floor":38,"gold_loss":0},{"damage_healed":0,"gold_gain":0,"cards_transformed":["ReplayTheSpireMod:Echoes of Time"],"player_choice":"Transformed","damage_taken":0,"max_hp_gain":0,"max_hp_loss":0,"event_name":"Transmorgrifier","floor":41,"gold_loss":0,"cards_obtained":["infinitespire:Gouge"]},{"damage_healed":0,"gold_gain":0,"player_choice":"Paid Gold","damage_taken":0,"relics_obtained":["Gremlin Horn"],"max_hp_gain":0,"max_hp_loss":0,"event_name":"WeMeetAgain","floor":48,"gold_loss":70}],"is_beta":false,"boss_relics":[{"not_picked":["Replay:Bronze Core","Black Star"],"picked":"hubris:BlackHole"},{"not_picked":["Velvet Choker","sagemod:Falmels_Amulet"],"picked":"hubris:HollowSoul"}],"items_purged_floors":[39],"is_endless":false,"potions_floor_spawned":[1,7,13,14,16,20,28,35,45],"ascension_level":0}}