{"host":"vc42n08di9czm3e7","time":1609614801,"event":{"mods":["AchievementEnabler","Act Like it!","BaseMod","Colored Powertips","Downfall","Friendly Minions","GifTheSpireLib","Minty Spire (QoL Compilation)","Quick Restart","Rare Cards Sparkle","StSLib"],"gold_per_floor":[119,133,152,164,175,201,211,228,228,257,257,257,268,283,283,380,380,394,413,430,444,463,493,116,146,198,198,198,198,218,67,67,165,165,178,188,208,222,238,270,270,170,170,190,190,201,40,59,59,59],"floor_reached":51,"playtime":3338,"items_purged":["Strike_B","Fusion","Dualcast"],"score":741,"play_id":"f71e77cb-f01e-4071-b3a1-5c3f00d01820","local_time":"20210102141321","is_ascension_mode":false,"campfire_choices":[{"floor":12,"key":"REST"},{"floor":15,"key":"REST"},{"floor":28,"key":"REST"},{"data":"Defend_B","floor":32,"key":"PURGE"},{"data":"Sweeping Beam","floor":41,"key":"PURGE"},{"data":"White Noise","floor":49,"key":"PURGE"}],"circlet_count":0,"master_deck":["Strike_B","Defend_B","Defend_B","Defend_B","Zap","Electrodynamics","Defragment","Compile Driver","Turbo","Reinforced Body","FTL","Melter","Hologram","Machine Learning","Leap+1","Self Repair+1","Capacitor","FTL","Reboot","Self Repair","Echo Form","BootSequence+1","Defragment+1","Leap+1","Cold Snap","Apotheosis","Force Field","BootSequence"],"relics":["Cracked Core","Mango","Torii","HornCleat","Runic Pyramid","Bottled Flame","Turnip","Peace Pipe","Potion Belt","Nuclear Battery","StoneCalendar"],"acts_visited":["Exordium","TheCity","TheBeyond"],"potions_floor_usage":[18,23,25,33,33,33,33,40,50,50],"damage_taken":[{"damage":6,"enemies":"Jaw Worm","floor":1,"turns":3},{"damage":10,"enemies":"2 Louse","floor":2,"turns":3},{"damage":0,"enemies":"Small Slimes","floor":3,"turns":3},{"damage":5,"enemies":"Looter","floor":4,"turns":4},{"damage":20,"enemies":"Gremlin Gang","floor":5,"turns":4},{"damage":4,"enemies":"3 Sentries","floor":6,"turns":4},{"damage":8,"enemies":"3 Louse","floor":7,"turns":3},{"damage":5,"enemies":"Looter","floor":8,"turns":3},{"damage":25,"enemies":"Gremlin Nob","floor":10,"turns":5},{"damage":13,"enemies":"Large Slime","floor":13,"turns":4},{"damage":0,"enemies":"Blue Slaver","floor":14,"turns":3},{"damage":16,"enemies":"Slime Boss","floor":16,"turns":8},{"damage":6,"enemies":"3 Byrds","floor":18,"turns":3},{"damage":12,"enemies":"2 Thieves","floor":19,"turns":3},{"damage":20,"enemies":"Sentry and Sphere","floor":20,"turns":4},{"damage":9,"enemies":"Snake Plant","floor":21,"turns":6},{"damage":3,"enemies":"Cultist and Chosen","floor":22,"turns":7},{"damage":56,"enemies":"Slavers","floor":23,"turns":6},{"damage":21,"enemies":"Book of Stabbing","floor":25,"turns":7},{"damage":0,"enemies":"Sentry and Sphere","floor":30,"turns":4},{"damage":22,"enemies":"Champ","floor":33,"turns":15},{"damage":28,"enemies":"3 Darklings","floor":35,"turns":4},{"damage":0,"enemies":"3 Shapes","floor":36,"turns":4},{"damage":0,"enemies":"3 Darklings","floor":37,"turns":5},{"damage":1,"enemies":"Sphere and 2 Shapes","floor":38,"turns":5},{"damage":39,"enemies":"Spire Growth","floor":39,"turns":7},{"damage":23,"enemies":"Nemesis","floor":40,"turns":11},{"damage":6,"enemies":"4 Shapes","floor":44,"turns":4},{"damage":21,"enemies":"Transient","floor":46,"turns":5},{"damage":1,"enemies":"Sphere and 2 Shapes","floor":48,"turns":3},{"damage":22,"enemies":"Donu and Deca","floor":50,"turns":8}],"seed_played":"5591550816824452514","potions_obtained":[{"floor":1,"key":"CultistPotion"},{"floor":8,"key":"sneckomod:MuddlingPotion"},{"floor":10,"key":"LiquidBronze"},{"floor":13,"key":"Fire Potion"},{"floor":18,"key":"Regen Potion"},{"floor":22,"key":"Slimebound:ThreeZeroPotion"},{"floor":23,"key":"EssenceOfSteel"},{"floor":25,"key":"Guardian:BlockOnCardUsePotion"},{"floor":30,"key":"LiquidBronze"},{"floor":35,"key":"AttackPotion"},{"floor":38,"key":"Dexterity Potion"},{"floor":40,"key":"Fire Potion"},{"floor":44,"key":"FocusPotion"},{"floor":48,"key":"Fire Potion"}],"is_trial":false,"path_per_floor":["M","M","M","M","M","E","M","M","T","E","?","R","M","M","R","B",null,"M","M","M","M","M","E","$","E","T","?","R","?","M","$","R","B",null,"M","M","M","M","M","E","R","$","T","M","?","M","$","M","R","B",null],"character_chosen":"DEFECT","items_purchased":["Turnip","Echo Form","BootSequence"],"campfire_rested":3,"item_purchase_floors":[24,31,47],"current_hp_per_floor":[69,59,59,54,34,44,36,31,31,6,3,29,16,16,42,26,89,83,71,61,62,69,23,23,12,12,12,38,21,31,31,31,26,94,76,94,94,94,72,66,66,66,66,84,84,83,83,92,92,87],"gold":59,"neow_bonus":"ONE_RANDOM_RARE_CARD","is_daily":false,"chose_seed":false,"campfire_upgraded":0,"win_rate":0.0,"timestamp":1609614801,"path_taken":["M","M","M","M","M","E","M","M","T","E","?","R","M","M","R","BOSS","M","M","M","M","M","E","$","E","T","?","R","?","M","$","R","BOSS","M","M","M","M","M","E","R","$","T","M","?","M","$","M","R","BOSS"],"items_purchased_type":["Relic","Card","Card"],"build_version":"2020-12-22","purchased_purges":3,"victory":true,"max_hp_per_floor":[75,75,75,75,75,89,89,89,89,89,89,89,89,89,89,89,89,89,89,89,89,89,89,89,89,89,89,89,94,94,94,94,94,94,94,94,94,94,94,94,94,94,94,94,94,94,94,94,94,94],"card_choices":[{"not_picked":["Gash","Redo"],"picked":"Defragment","floor":1},{"not_picked":["Sunder","Ball Lightning"],"picked":"Compile Driver","floor":2},{"not_picked":["Steam","Heatsinks"],"picked":"Turbo","floor":3},{"not_picked":["Turbo","Barrage"],"picked":"Reinforced Body","floor":4},{"not_picked":["Stack","Sunder","Steam"],"picked":"SKIP","floor":5},{"not_picked":["Static Discharge","Gash"],"picked":"Sweeping Beam","floor":6},{"not_picked":["Stack","Blizzard"],"picked":"FTL","floor":7},{"not_picked":["Heatsinks","Chaos"],"picked":"Melter","floor":8},{"not_picked":["Consume","Hello World"],"picked":"Hologram","floor":10},{"not_picked":["Stack","Steam Power","Gash"],"picked":"SKIP","floor":13},{"not_picked":["Steam Power","Static Discharge","Compile Driver"],"picked":"SKIP","floor":14},{"not_picked":["Hyperbeam","Reboot"],"picked":"Machine Learning","floor":16},{"not_picked":["Barrage","Storm"],"picked":"Leap+1","floor":18},{"not_picked":["Rip and Tear","Storm"],"picked":"Self Repair+1","floor":19},{"not_picked":["Barrage","Turbo"],"picked":"Capacitor","floor":20},{"not_picked":["Stack","Rebound"],"picked":"Fusion","floor":21},{"not_picked":["Darkness","Steam"],"picked":"FTL","floor":22},{"not_picked":["Melter","Recycle","Go for the Eyes"],"picked":"SKIP","floor":23},{"not_picked":["Genetic Algorithm","Blizzard+1","Hello World+1"],"picked":"SKIP","floor":25},{"not_picked":["Compile Driver","Turbo"],"picked":"Self Repair","floor":30},{"not_picked":["Glacier+1","Go for the Eyes+1"],"picked":"BootSequence+1","floor":35},{"not_picked":["Streamline","Lockon+1"],"picked":"Defragment+1","floor":36},{"not_picked":["Conserve Battery+1","Chill"],"picked":"Leap+1","floor":37},{"not_picked":["Defragment+1","Steam","Compile Driver+1"],"picked":"SKIP","floor":38},{"not_picked":["Glacier","Hologram","Compile Driver+1"],"picked":"SKIP","floor":39},{"not_picked":["Darkness+1","Undo"],"picked":"Cold Snap","floor":40},{"not_picked":["Stack+1","Go for the Eyes","Hyperbeam"],"picked":"SKIP","floor":44},{"not_picked":["Jack Of All Trades","expansioncontent:DecasProtection"],"picked":"Apotheosis","floor":45},{"not_picked":["Cold Snap+1","Coolheaded"],"picked":"Force Field","floor":46},{"not_picked":["FTL","Aggregate+1","Compile Driver+1"],"picked":"SKIP","floor":48}],"player_experience":278276,"relics_obtained":[{"floor":6,"key":"Mango"},{"floor":9,"key":"Torii"},{"floor":10,"key":"HornCleat"},{"floor":23,"key":"Bottled Flame"},{"floor":25,"key":"Peace Pipe"},{"floor":26,"key":"Potion Belt"},{"floor":40,"key":"StoneCalendar"}],"event_choices":[{"damage_healed":0,"gold_gain":0,"player_choice":"Fled","damage_taken":3,"max_hp_gain":0,"max_hp_loss":0,"event_name":"Scrap Ooze","floor":11,"gold_loss":0},{"damage_healed":0,"gold_gain":0,"cards_transformed":["Strike_B","Strike_B"],"player_choice":"Became Test Subject","damage_taken":0,"max_hp_gain":0,"max_hp_loss":0,"event_name":"Drug Dealer","floor":27,"gold_loss":0,"cards_obtained":["Reboot","White Noise"]},{"damage_healed":0,"gold_gain":0,"player_choice":"Shed Blood","damage_taken":22,"max_hp_gain":5,"max_hp_loss":0,"event_name":"Forgotten Altar","floor":29,"gold_loss":0},{"damage_healed":0,"gold_gain":0,"player_choice":"Memory 1","damage_taken":0,"max_hp_gain":0,"max_hp_loss":0,"event_name":"SensoryStone","floor":45,"gold_loss":0}],"is_beta":false,"boss_relics":[{"not_picked":["Coffee Dripper","Calling Bell"],"picked":"Runic Pyramid"},{"not_picked":["Astrolabe","Cursed Key"],"picked":"Nuclear Battery"}],"items_purged_floors":[24,42,47],"is_endless":false,"potions_floor_spawned":[1,8,10,13,14,18,22,23,25,30,35,38,40,44,48],"ascension_level":0}}