{"host":"b7j598ve05halrwk","time":1609569177,"event":{"mods":["2.2 Compatiblity","BaseMod","Block Reminder","DeckTracker","Minty Spire (QoL Compilation)","Relic Stats","Slay the Relics Exporter","StSLib","ojb\u0027s Info Mod"],"gold_per_floor":[114,79,90,117,135,135,146,174,174,174,174,190,228,8,8,102,102,116,116,16,41,56,100,100,100],"floor_reached":24,"playtime":1275,"items_purged":[],"score":452,"play_id":"84ca92b5-4e85-4621-9989-a5e298cb231c","local_time":"20210102013257","is_ascension_mode":true,"campfire_choices":[{"data":"Compile Driver","floor":6,"key":"SMITH"},{"floor":10,"key":"REST"},{"data":"Loop","floor":15,"key":"SMITH"}],"circlet_count":0,"master_deck":["AscendersBane","Strike_B","Strike_B","Defend_B","Defend_B","Defend_B","Defend_B","Zap","Dualcast","Defragment","Compile Driver+1","Cold Snap","Hyperbeam","BootSequence","FTL","Ball Lightning","Steam","Loop+1","Reboot","Coolheaded","Writhe","Apotheosis","Tempest","Capacitor","Hologram"],"relics":["Cracked Core","DataDisk","Orichalcum","Torii","Golden Idol","HornCleat","Membership Card","Sozu","Gambling Chip","Girya"],"acts_visited":["Exordium","TheCity"],"potions_floor_usage":[7,16,23],"damage_taken":[{"damage":4,"enemies":"Jaw Worm","floor":1,"turns":3},{"damage":1,"enemies":"Cultist","floor":3,"turns":3},{"damage":0,"enemies":"Small Slimes","floor":5,"turns":2},{"damage":15,"enemies":"Exordium Wildlife","floor":7,"turns":4},{"damage":34,"enemies":"Gremlin Nob","floor":8,"turns":4},{"damage":0,"enemies":"Looter","floor":12,"turns":2},{"damage":11,"enemies":"Lagavulin","floor":13,"turns":6},{"damage":1,"enemies":"Slime Boss","floor":16,"turns":8},{"damage":10,"enemies":"3 Byrds","floor":18,"turns":3},{"damage":0,"enemies":"Chosen","floor":21,"turns":3},{"damage":1,"enemies":"Snake Plant","floor":22,"turns":3},{"damage":41,"enemies":"Slavers","floor":23,"turns":4},{"damage":6,"enemies":"Shelled Parasite and Fungi","floor":24,"turns":1}],"seed_played":"4142259199040186964","potions_obtained":[{"floor":1,"key":"DistilledChaos"},{"floor":13,"key":"EssenceOfSteel"},{"floor":16,"key":"Explosive Potion"}],"is_trial":false,"path_per_floor":["M","?","M","T","M","R","M","E","T","R","?","M","E","$","R","B",null,"M","?","$","M","M","E","M"],"character_chosen":"DEFECT","items_purchased":["Membership Card","Steam","Loop","Apotheosis"],"campfire_rested":1,"item_purchase_floors":[14,14,14,20],"current_hp_per_floor":[42,59,58,58,58,58,43,9,9,30,30,30,19,19,19,18,53,43,43,43,43,42,1,0,0],"gold":100,"neow_bonus":"REMOVE_TWO","is_daily":false,"chose_seed":false,"campfire_upgraded":2,"win_rate":0.0,"timestamp":1609569177,"path_taken":["M","?","M","?","?","R","M","E","T","R","?","M","E","$","R","BOSS","M","?","$","M","M","E","M"],"items_purchased_type":["Relic","Card","Card","Card"],"build_version":"2020-12-22","purchased_purges":0,"victory":false,"max_hp_per_floor":[71,71,71,71,71,71,71,71,71,71,64,64,64,64,64,64,64,64,64,64,64,64,64,64,64],"relic_stats":{"Sozu":1,"Torii":5,"counters":[13,46],"Golden Idol":50,"Gambling Chip":[13],"Orichalcum":[66],"obtain_stats":[{"Sozu":17,"Girya":23,"DataDisk":4,"HornCleat":13,"Torii":9,"Golden Idol":11,"Gambling Chip":19,"Membership Card":14,"Orichalcum":8,"Cracked Core":0},{"Sozu":8,"Girya":12,"DataDisk":2,"HornCleat":7,"Torii":5,"Golden Idol":5,"Gambling Chip":9,"Membership Card":7,"Orichalcum":5,"Cracked Core":0},{"Sozu":32,"Girya":45,"DataDisk":6,"HornCleat":24,"Torii":16,"Golden Idol":16,"Gambling Chip":35,"Membership Card":24,"Orichalcum":16,"Cracked Core":0}]},"card_choices":[{"not_picked":["Coolheaded","Stack"],"picked":"Defragment","floor":1},{"not_picked":["Beam Cell","Blizzard"],"picked":"Compile Driver","floor":3},{"not_picked":["Tempest","Rebound"],"picked":"Cold Snap","floor":5},{"not_picked":["Stack","Steam"],"picked":"Hyperbeam","floor":7},{"not_picked":["Compile Driver","Gash"],"picked":"BootSequence","floor":8},{"not_picked":["Steam","Loop"],"picked":"FTL","floor":12},{"not_picked":["Hyperbeam","Steam"],"picked":"Ball Lightning","floor":13},{"not_picked":["Hyperbeam","Multi-Cast"],"picked":"Reboot","floor":16},{"not_picked":["Sweeping Beam","Go for the Eyes"],"picked":"Coolheaded","floor":18},{"not_picked":["Ball Lightning","Leap"],"picked":"Tempest","floor":21},{"not_picked":["Beam Cell+1","Reinforced Body+1"],"picked":"Capacitor","floor":22},{"not_picked":["Cold Snap","Streamline"],"picked":"Hologram","floor":23}],"player_experience":764127,"relics_obtained":[{"floor":4,"key":"DataDisk"},{"floor":8,"key":"Orichalcum"},{"floor":9,"key":"Torii"},{"floor":13,"key":"HornCleat"},{"floor":23,"key":"Girya"}],"event_choices":[{"damage_healed":17,"gold_gain":0,"player_choice":"Healed","damage_taken":0,"max_hp_gain":0,"max_hp_loss":0,"event_name":"The Cleric","floor":2,"gold_loss":35},{"damage_healed":0,"gold_gain":0,"player_choice":"Lose Max HP","damage_taken":0,"relics_obtained":["Golden Idol"],"max_hp_gain":0,"max_hp_loss":7,"event_name":"Golden Idol","floor":11,"gold_loss":0},{"damage_healed":0,"gold_gain":0,"player_choice":"Opened","damage_taken":0,"relics_obtained":["Gambling Chip"],"max_hp_gain":0,"max_hp_loss":0,"event_name":"The Mausoleum","floor":19,"gold_loss":0,"cards_obtained":["Writhe"]}],"is_beta":false,"boss_relics":[{"not_picked":["Tiny House","Inserter"],"picked":"Sozu"}],"items_purged_floors":[],"is_endless":false,"potions_floor_spawned":[1,13,16,23],"killed_by":"Shelled Parasite and Fungi","ascension_level":20}}