{"host":"73u9ojxmo0iakdto","time":1609627900,"event":{"mods":["BaseMod","Better Third Choice","Downfall","Minty Spire (QoL Compilation)","Permanent Neow","StSLib"],"gold_per_floor":[99,111,130,130,143,175,175,195,209,228,328,394,207,224,237,334,334,334,350,368,383,583,583,583,643,722,772,845,855,923,578,578,578,578],"floor_reached":32,"playtime":3625,"items_purged":["hexamod:Strike"],"score":275,"play_id":"dcade4b4-1a39-4522-ad70-5ed2877b5baa","local_time":"20210102165140","is_ascension_mode":false,"campfire_choices":[{"data":"hexamod:Sear","floor":1,"key":"SMITH"},{"data":"hexamod:Strike","floor":18,"key":"PURGE"},{"floor":23,"key":"REST"}],"circlet_count":0,"master_deck":["hexamod:Strike+1","hexamod:Strike+1","hexamod:Defend+1","hexamod:Defend+1","hexamod:Defend+1","hexamod:Defend+1","hexamod:Sear+1","hexamod:Float+1","hexamod:Rewind+1","hexamod:BurningTouch+1","hexamod:EmpoweringStance+1","hexamod:ExtraCrispy+1","hexamod:PhantomCloak+1","hexamod:VolcanoVisage+1","expansioncontent:StudyTheSpire+1","hexamod:SixthSeal","hexamod:Again+1","hexamod:ThirdSeal","hexamod:GhostOfSpireFuture","hexamod:FastForward","hexamod:Rewind"],"relics":["hexamod:SpiritBrand","Bag of Marbles","Peace Pipe","downfall:CloakOfManyFaces","CultistMask","FaceOfCleric","NlothsMask","GremlinMask","SsserpentHead","Fusion Hammer","Red Mask","Pantograph"],"acts_visited":["Exordium","TheCity"],"potions_floor_usage":[11,15,16,16,21,26],"damage_taken":[{"damage":1,"enemies":"Jaw Worm","floor":2,"turns":3},{"damage":0,"enemies":"Cultist","floor":3,"turns":3},{"damage":0,"enemies":"Small Slimes","floor":5,"turns":3},{"damage":19,"enemies":"Gremlin Nob","floor":6,"turns":4},{"damage":0,"enemies":"Blue Slaver","floor":8,"turns":3},{"damage":11,"enemies":"Gremlin Gang","floor":9,"turns":5},{"damage":5,"enemies":"Large Slime","floor":10,"turns":5},{"damage":11,"enemies":"downfall:FaceTrader","floor":11,"turns":6},{"damage":0,"enemies":"Red Slaver","floor":12,"turns":3},{"damage":0,"enemies":"downfall:FleeingMerchant","floor":13,"turns":4},{"damage":4,"enemies":"Exordium Thugs","floor":14,"turns":5},{"damage":13,"enemies":"Lots of Slimes","floor":15,"turns":4},{"damage":5,"enemies":"downfall:Ironclad","floor":16,"turns":7},{"damage":16,"enemies":"3 Byrds","floor":19,"turns":4},{"damage":27,"enemies":"Sentry and Sphere","floor":20,"turns":6},{"damage":29,"enemies":"Cultist and Chosen","floor":21,"turns":7},{"damage":2,"enemies":"Snecko","floor":25,"turns":6},{"damage":11,"enemies":"Masked Bandits","floor":26,"turns":4},{"damage":9,"enemies":"Snake Plant","floor":29,"turns":4},{"damage":14,"enemies":"Centurion and Healer","floor":30,"turns":6},{"damage":0,"enemies":"downfall:FleeingMerchant","floor":31,"turns":4},{"damage":33,"enemies":"Cultist and Chosen","floor":32,"turns":4}],"seed_played":"8810348855072197129","potions_obtained":[{"floor":2,"key":"Dexterity Potion"},{"floor":5,"key":"Swift Potion"},{"floor":11,"key":"PowerPotion"},{"floor":12,"key":"Weak Potion"},{"floor":14,"key":"SteroidPotion"},{"floor":16,"key":"FairyPotion"},{"floor":20,"key":"Swift Potion"},{"floor":25,"key":"Block Potion"},{"floor":27,"key":"CultistPotion"},{"floor":29,"key":"FearPotion"}],"is_trial":false,"path_per_floor":["R","M","M","?","M","E","T","M","M","M","?","M","$","M","M","B",null,"R","M","M","M","?","R","T","M","?","?","T","M","M","$","M"],"character_chosen":"THE_SPIRIT","items_purchased":["expansioncontent:StudyTheSpire+1","Pantograph"],"campfire_rested":1,"item_purchase_floors":[13,31],"current_hp_per_floor":[70,69,69,69,69,50,50,50,39,34,23,24,25,22,10,6,75,75,60,34,6,6,29,29,28,18,18,18,10,21,22,0,0,0],"gold":578,"neow_bonus":"RANDOM_COMMON_RELIC","is_daily":false,"chose_seed":false,"campfire_upgraded":1,"win_rate":0.0,"timestamp":1609627900,"path_taken":["R","M","M","?","M","E","T","M","M","?","?","?","$","M","M","BOSS","R","M","M","M","?","R","T","?","?","?","?","M","?","$","M"],"items_purchased_type":["Card","Relic"],"build_version":"2020-12-22","purchased_purges":1,"victory":false,"max_hp_per_floor":[70,70,70,70,70,70,70,70,70,70,70,71,72,73,74,75,75,75,76,77,78,78,78,78,79,80,80,80,81,82,83,83,83,83],"card_choices":[{"not_picked":["hexamod:GhostShield","hexamod:SoulSteal"],"picked":"hexamod:Rewind","floor":2},{"not_picked":["hexamod:Incineration","hexamod:BacktrackSmack","hexamod:Hexaguard"],"picked":"SKIP","floor":3},{"not_picked":["hexamod:RetreatToShadows","hexamod:GhostOfSpireFuture","hexamod:BurningTouch"],"picked":"SKIP","floor":5},{"not_picked":["hexamod:RadiantFlame","hexamod:GhostShield"],"picked":"hexamod:BurningTouch","floor":6},{"not_picked":["hexamod:ThermalTransfer","hexamod:ShieldOfDarkness"],"picked":"hexamod:EmpoweringStance+1","floor":8},{"not_picked":["hexamod:InspiringFlames","hexamod:GhostShield","hexamod:SpectersWail"],"picked":"SKIP","floor":9},{"not_picked":["hexamod:BacktrackSmack","hexamod:ThermalTransfer"],"picked":"hexamod:ExtraCrispy+1","floor":10},{"not_picked":["hexamod:ThermalTransfer","hexamod:AdvancingGuard"],"picked":"hexamod:PhantomCloak+1","floor":11},{"not_picked":["hexamod:RainOfEmbers","hexamod:NecessarySacrifice","hexamod:ShieldOfDarkness"],"picked":"SKIP","floor":12},{"not_picked":["hexamod:Firestarter","hexamod:HeatMetal"],"picked":"hexamod:VolcanoVisage+1","floor":13},{"not_picked":["hexamod:StepThrough","hexamod:AdvancingGuard","hexamod:EtherealExpedition"],"picked":"SKIP","floor":14},{"not_picked":["hexamod:SwordOfDarkness","hexamod:BacktrackSmack","hexamod:GhostShield"],"picked":"SKIP","floor":15},{"not_picked":["hexamod:TurnItUp","hexamod:GhostflameInferno"],"picked":"hexamod:SixthSeal","floor":16},{"not_picked":["hexamod:SpectersWail","hexamod:ShieldOfDarkness"],"picked":"hexamod:Again+1","floor":19},{"not_picked":["hexamod:PhantomCloak+1","hexamod:HeatShield+1","hexamod:StepThrough+1"],"picked":"SKIP","floor":20},{"not_picked":["hexamod:BurningTouch","hexamod:Firestarter"],"picked":"hexamod:ThirdSeal","floor":21},{"not_picked":["hexamod:SwordOfDarkness","hexamod:Again","hexamod:GhostShield"],"picked":"SKIP","floor":25},{"not_picked":["hexamod:AdvancingGuard","hexamod:ThermalTransfer","hexamod:InspiringFlames+1"],"picked":"SKIP","floor":25},{"not_picked":["hexamod:InspiringFlames","hexamod:Hexaguard","hexamod:GhostLash"],"picked":"SKIP","floor":29},{"not_picked":["hexamod:HeatMetal+1","hexamod:ShieldOfDarkness","hexamod:SkipABeat"],"picked":"SKIP","floor":29},{"not_picked":["hexamod:FastForward+1","hexamod:BacktrackSmack"],"picked":"hexamod:GhostOfSpireFuture","floor":30},{"not_picked":["hexamod:SixthSeal","hexamod:NightmareStrike","hexamod:SwordOfDarkness+1"],"picked":"SKIP","floor":30},{"not_picked":["hexamod:ShieldOfDarkness+1","hexamod:DynamicBlow"],"picked":"hexamod:FastForward","floor":31},{"not_picked":["hexamod:SwordOfDarkness","hexamod:RadiantFlame"],"picked":"hexamod:Rewind","floor":31}],"player_experience":206126,"relics_obtained":[{"floor":6,"key":"Peace Pipe"},{"floor":7,"key":"Frozen Egg 2"},{"floor":11,"key":"downfall:CloakOfManyFaces"},{"floor":26,"key":"Red Mask"}],"event_choices":[{"damage_healed":0,"gold_gain":0,"player_choice":"Upgraded","damage_taken":0,"max_hp_gain":0,"max_hp_loss":0,"event_name":"Upgrade Shrine","floor":4,"gold_loss":0,"cards_upgraded":["hexamod:Rewind"]},{"damage_healed":0,"gold_gain":0,"player_choice":"Fought Bandits","damage_taken":0,"max_hp_gain":0,"max_hp_loss":0,"event_name":"Masked Bandits","floor":26,"gold_loss":0}],"is_beta":false,"boss_relics":[{"not_picked":["Busted Crown","Runic Pyramid"],"picked":"Fusion Hammer"}],"items_purged_floors":[31],"is_endless":false,"potions_floor_spawned":[2,5,11,12,14,16,20,25,29],"killed_by":"Cultist and Chosen","ascension_level":0}}