{"host":"0ydzwspkajt4brzd","time":1609584059,"event":{"mods":["AchievementEnabler","BaseMod","Colored Map","DeckTracker","Googly Eyes","Highlight Path","Minty Spire (QoL Compilation)","Quick Restart","Random Character Button","Rare Cards Sparkle"],"gold_per_floor":[110,125,140,140,158,192,192,225,225,243,272,272,272,289,289,385,385,397,129,44,57,57,82,98,98,174,174,187,187,87,107,107,107,107],"floor_reached":33,"playtime":1485,"items_purged":["Strike_R","Strike_R"],"score":484,"play_id":"26ae6433-b37f-47d5-8cb2-11ca136591c9","local_time":"20210102024059","is_ascension_mode":true,"campfire_choices":[{"floor":13.0,"key":"REST"},{"data":"Bludgeon","floor":15.0,"key":"SMITH"},{"floor":25.0,"key":"REST"},{"floor":29.0,"key":"REST"},{"data":"Rupture","floor":32.0,"key":"SMITH"}],"circlet_count":0,"master_deck":["AscendersBane","Strike_R","Strike_R","Defend_R","Defend_R","Defend_R","Defend_R+1","Bash","Thunderclap","Seeing Red","Armaments+1","Bludgeon","Hemokinesis","Bludgeon+1","Disarm","Warcry+1","Hemokinesis","Entrench+1","Berserk","Impatience+1","Shrug It Off+1","Rupture+1","Heavy Blade","Rage+1","Pommel Strike+1"],"relics":["Busted Crown","Darkstone Periapt","Torii","Toxic Egg 2","Pantograph","Sozu","Centennial Puzzle","Orichalcum","Bottled Flame"],"acts_visited":["Exordium","TheCity"],"potions_floor_usage":[],"damage_taken":[{"damage":6.0,"enemies":"2 Louse","floor":1.0,"turns":3.0},{"damage":0.0,"enemies":"Jaw Worm","floor":2.0,"turns":3.0},{"damage":6.0,"enemies":"Cultist","floor":3.0,"turns":3.0},{"damage":0.0,"enemies":"Large Slime","floor":5.0,"turns":3.0},{"damage":27.0,"enemies":"3 Sentries","floor":6.0,"turns":5.0},{"damage":2.0,"enemies":"Gremlin Nob","floor":8.0,"turns":2.0},{"damage":1.0,"enemies":"Exordium Thugs","floor":10.0,"turns":4.0},{"damage":12.0,"enemies":"3 Sentries","floor":11.0,"turns":4.0},{"damage":12.0,"enemies":"Lots of Slimes","floor":14.0,"turns":5.0},{"damage":31.0,"enemies":"Slime Boss","floor":16.0,"turns":11.0},{"damage":9.0,"enemies":"Shell Parasite","floor":18.0,"turns":4.0},{"damage":11.0,"enemies":"3 Byrds","floor":21.0,"turns":6.0},{"damage":16.0,"enemies":"Book of Stabbing","floor":23.0,"turns":4.0},{"damage":12.0,"enemies":"Sentry and Sphere","floor":24.0,"turns":5.0},{"damage":10.0,"enemies":"Cultist and Chosen","floor":28.0,"turns":4.0},{"damage":5.0,"enemies":"Centurion and Healer","floor":31.0,"turns":3.0},{"damage":92,"enemies":"Automaton","floor":33,"turns":6}],"seed_played":"-1242710964958703034","potions_obtained":[{"floor":1.0,"key":"Strength Potion"},{"floor":2.0,"key":"AttackPotion"},{"floor":6.0,"key":"SkillPotion"},{"floor":8.0,"key":"LiquidMemories"},{"floor":10.0,"key":"EntropicBrew"}],"is_trial":false,"path_per_floor":["M","M","M","?","M","E","?","E","T","M","E","?","R","M","R","B",null,"M","$","?","M","?","E","M","R","T","?","M","R","$","M","R","B"],"character_chosen":"IRONCLAD","items_purchased":["Impatience+1","Shrug It Off+1","Rupture"],"campfire_rested":3,"item_purchase_floors":[19,19,19],"current_hp_per_floor":[66,66,60,60,60,33,17,15,15,14,18,18,42,30,30,24,66,57,57,57,46,31,15,3,28,28,28,18,43,43,38,38,0,0],"gold":107,"neow_bonus":"BOSS_RELIC","is_daily":false,"chose_seed":false,"campfire_upgraded":2,"win_rate":0.0,"timestamp":1609584059,"path_taken":["M","M","M","?","M","E","?","E","T","?","E","?","R","M","R","BOSS","M","$","?","M","?","E","M","R","T","?","?","R","$","M","R","BOSS"],"items_purchased_type":["Card","Card","Card"],"build_version":"2020-12-22","purchased_purges":2,"victory":false,"max_hp_per_floor":[80,80,80,80,80,80,80,80,80,80,80,80,80,80,80,80,80,80,80,80,80,85,85,85,85,85,85,85,85,85,85,85,85,85],"card_choices":[{"not_picked":[],"picked":"Thunderclap","floor":1.0},{"not_picked":[],"picked":"Seeing Red","floor":2.0},{"not_picked":[],"picked":"Armaments","floor":3.0},{"not_picked":[],"picked":"Hemokinesis","floor":5.0},{"not_picked":[],"picked":"Bludgeon","floor":6.0},{"not_picked":[],"picked":"Disarm","floor":8.0},{"not_picked":[],"picked":"Warcry+1","floor":10.0},{"not_picked":[],"picked":"Hemokinesis","floor":11.0},{"not_picked":[],"picked":"Entrench+1","floor":14.0},{"not_picked":[],"picked":"Berserk","floor":16.0},{"not_picked":["Havoc+1"],"picked":"SKIP","floor":18.0},{"not_picked":[],"picked":"Heavy Blade","floor":21.0},{"not_picked":[],"picked":"Rage+1","floor":23.0},{"not_picked":["Thunderclap"],"picked":"SKIP","floor":24.0},{"not_picked":["Thunderclap"],"picked":"SKIP","floor":28.0},{"not_picked":[],"picked":"Pommel Strike+1","floor":31.0}],"player_experience":424336,"relics_obtained":[{"floor":6.0,"key":"Darkstone Periapt"},{"floor":8.0,"key":"Torii"},{"floor":9.0,"key":"Toxic Egg 2"},{"floor":11.0,"key":"Pantograph"},{"floor":23.0,"key":"Orichalcum"},{"floor":26.0,"key":"Bottled Flame"}],"event_choices":[{"damage_healed":0.0,"max_hp_gain":0.0,"max_hp_loss":0.0,"gold_gain":0.0,"cards_transformed":["Strike_R"],"event_name":"Living Wall","player_choice":"Change","floor":4.0,"gold_loss":0.0,"damage_taken":0.0,"cards_obtained":["Bludgeon"]},{"damage_healed":0.0,"max_hp_gain":0.0,"max_hp_loss":0.0,"gold_gain":0.0,"event_name":"Shining Light","player_choice":"Entered Light","floor":7.0,"gold_loss":0.0,"damage_taken":16.0,"cards_upgraded":["Armaments","Defend_R"]},{"damage_healed":0.0,"max_hp_gain":0.0,"max_hp_loss":0.0,"gold_gain":0.0,"event_name":"Liars Game","player_choice":"Ignored","floor":12.0,"gold_loss":0.0,"damage_taken":0.0},{"damage_healed":0.0,"max_hp_gain":0.0,"max_hp_loss":0.0,"gold_gain":0.0,"event_name":"Addict","player_choice":"Obtained Relic","floor":20.0,"gold_loss":85.0,"damage_taken":0.0,"relics_obtained":["Centennial Puzzle"]},{"damage_healed":0.0,"max_hp_gain":5.0,"max_hp_loss":0.0,"gold_gain":0.0,"event_name":"Forgotten Altar","player_choice":"Shed Blood","floor":22.0,"gold_loss":0.0,"damage_taken":20.0},{"damage_healed":0.0,"max_hp_gain":0.0,"max_hp_loss":0.0,"gold_gain":0.0,"event_name":"Lab","player_choice":"Got Potions","floor":27.0,"gold_loss":0.0,"damage_taken":0.0}],"is_beta":false,"boss_relics":[{"not_picked":["Black Star","Ectoplasm"],"picked":"Sozu"}],"items_purged_floors":[19,30],"is_endless":false,"potions_floor_spawned":[1,2,6,8,10,18],"killed_by":"Automaton","ascension_level":11}}