{"host":"m3qxensetu6036ua","time":1609615965,"event":{"mods":["2.2 Compatiblity","AchievementEnabler","BaseMod","Better Altar","Better Match","Better Sensory Stone","Better Skull","Better Third Choice","Better Vampires","Block Reminder","Colored Powertips","Displayed Cursed Tome","GungeonMod","Hubris","Jedi Mod","Minty Spire (QoL Compilation)","Rare Cards Sparkle","Remove Card Discount Mod","Replay The Spire","Robot Space Explorer","Spicy Shops","StSLib","The Dragon Tamer"],"gold_per_floor":[115,129,129,146,146,177,177,200,280,81,102,102,118,154,154,278,278,293,293,97,117,117,117,151,201,201,224,248,248,287,287,287,387,387,405,405,405,104,104,104,139,492,569,619,619,619,374,409,409,409],"floor_reached":51,"playtime":3955,"items_purged":["Pain","Looming Evil"],"score":964,"play_id":"a0169df6-cc42-4768-a77f-235398426575","local_time":"20210102203245","is_ascension_mode":true,"campfire_choices":[{"data":"Zap","floor":7,"key":"SMITH"},{"data":"Discovery","floor":12,"key":"SMITH"},{"data":"ReplayTheSpireMod:Calculation Training","floor":15,"key":"SMITH"},{"data":"Echo Form","floor":23,"key":"SMITH"},{"data":"White Noise","floor":29,"key":"SMITH"},{"data":"Go for the Eyes","floor":32,"key":"SMITH"},{"data":"FIFO Queue","floor":40,"key":"SMITH"}],"circlet_count":0,"master_deck":["Strike_B","Strike_B","Strike_B","Strike_B","Defend_B","Defend_B","Defend_B","Defend_B","Zap+1","Dualcast","Ball Lightning","Coolheaded","Blizzard","Coolheaded","Self Repair","Compile Driver","Discovery+1","ReplayTheSpireMod:Calculation Training+1","Panic Button","Go for the Eyes+1","Echo Form+1","Barrage","Cold Snap","Redo","Capacitor","White Noise+1","ReplayTheSpireMod:Calculation Training+1","Sweeping Beam","FIFO Queue+1","Panacea","jedi:forcepush","Cold Snap"],"relics":["DemoMod:RiddleOfLead","Bloody Idol","Strawberry","DemoMod:OrangeGuonStone","BargainBundle","Meat on the Bone","SacredBark","Bag of Preparation","Prayer Wheel","Eternal Feather","Mercury Hourglass","DemoMod:MonsterBlood","Blood Vial","Black Star","hubris:Icosahedron","WarpedTongs","ReplayTheSpireMod:CursedCoin","Juzu Bracelet","White Beast Statue","hubris:Towel","Replay:Bottled Flurry","Kunai","DemoMod:GlassGuonStoneRelic","Old Coin","Mummified Hand","Replay:Multitool","Iron Hammer","Pet Ghost","DemoMod:GundromedaStrain","Geode"],"acts_visited":["Exordium","TheCity","TheBeyond"],"potions_floor_usage":[21,24,24,33,33,33,44,50,50],"damage_taken":[{"damage":0,"enemies":"Jaw Worm","floor":1,"turns":4},{"damage":0,"enemies":"Small Slimes","floor":2,"turns":2},{"damage":0,"enemies":"2 Louse","floor":4,"turns":2},{"damage":9,"enemies":"3 Sentries","floor":6,"turns":7},{"damage":12,"enemies":"Exordium Thugs","floor":8,"turns":3},{"damage":0,"enemies":"Blue Slaver","floor":11,"turns":3},{"damage":0,"enemies":"Exordium Wildlife","floor":13,"turns":3},{"damage":0,"enemies":"Lagavulin","floor":14,"turns":4},{"damage":16,"enemies":"The Guardian","floor":16,"turns":8},{"damage":7,"enemies":"Chosen","floor":18,"turns":4},{"damage":0,"enemies":"3 Byrds","floor":21,"turns":2},{"damage":21,"enemies":"Slavers","floor":24,"turns":4},{"damage":14,"enemies":"Snake Plant","floor":27,"turns":4},{"damage":2,"enemies":"Snecko","floor":28,"turns":7},{"damage":13,"enemies":"Book of Stabbing","floor":30,"turns":6},{"damage":0,"enemies":"hubris:MusketHawk","floor":33,"turns":6},{"damage":19,"enemies":"Orb Walker","floor":35,"turns":4},{"damage":8,"enemies":"Giant Head","floor":41,"turns":9},{"damage":37,"enemies":"2 Orb Walkers","floor":42,"turns":5},{"damage":0,"enemies":"Mind Bloom Boss Battle","floor":44,"turns":6},{"damage":0,"enemies":"Reptomancer","floor":48,"turns":8},{"damage":0,"enemies":"Time Eater","floor":50,"turns":8}],"seed_played":"1042703765012203187","potions_obtained":[{"floor":2,"key":"Dexterity Potion"},{"floor":8,"key":"jedi:wingpotion"},{"floor":27,"key":"Strength Potion"},{"floor":28,"key":"Strength Potion"},{"floor":30,"key":"DemoMod:LeadSkinPotion"},{"floor":41,"key":"SpeedPotion"},{"floor":42,"key":"jedi:StrikingPotion"},{"floor":44,"key":"jedi:wingpotion"},{"floor":48,"key":"LiquidMemories"}],"is_trial":false,"path_per_floor":["M","M","?","M","?","E","R","M","T","$","M","R","M","E","R","B",null,"M","?","$","M","?","R","E","?","T","M","M","R","E","?","R","B",null,"M","?","?","$","?","R","E","?","T","?","?","T","$","E","R","B",null],"character_chosen":"DEFECT","items_purchased":["BargainBundle","Self Repair","Compile Driver","Discovery","Explosive Potion","Adrenaline Potion","Cold Snap","ReplayTheSpireMod:Fabricate Wheel","ReplayTheSpireMod:CursedCoin","FIFO Queue","Juzu Bracelet","White Beast Statue","Cold Snap","Pet Ghost","DemoMod:LeadSkinPotion"],"campfire_rested":0,"item_purchase_floors":[10,10,10,10,10,10,20,20,38,38,38,38,47,47,47],"current_hp_per_floor":[85,85,85,85,79,77,77,65,65,65,72,72,79,86,86,70,86,86,86,86,86,86,86,72,72,72,65,77,86,87,62,77,84,93,86,86,86,91,91,93,93,73,78,92,92,92,92,93,88,88],"gold":409,"neow_bonus":"BOSS_RELIC","is_daily":false,"chose_seed":false,"campfire_upgraded":7,"win_rate":0.0,"timestamp":1609615965,"path_taken":["M","M","?","M","?","E","R","M","T","$","M","R","M","E","R","BOSS","M","?","$","M","?","R","E","?","T","?","M","R","E","?","R","BOSS","M","?","?","$","?","R","E","?","T","?","?","?","$","E","R","BOSS"],"items_purchased_type":["Relic","Card","Card","Card","Potion","Potion","Card","Card","Relic","Card","Relic","Relic","Card","Relic","Undefined"],"build_version":"2020-12-22","purchased_purges":2,"victory":true,"max_hp_per_floor":[85,85,85,85,79,86,86,86,86,86,86,86,86,86,86,86,86,86,86,86,86,86,86,86,86,86,86,86,86,93,93,93,93,93,93,93,93,93,93,93,93,93,93,93,93,93,93,93,88,88],"card_choices":[{"not_picked":["Barrage","Turbo"],"picked":"Ball Lightning","floor":1},{"not_picked":["Chill","Auto Shields"],"picked":"Coolheaded","floor":2},{"not_picked":["Steam","Darkness","Reprogram"],"picked":"SKIP","floor":4},{"not_picked":["Hello World","Gash"],"picked":"Blizzard","floor":6},{"not_picked":["Rebound","jedi:BurstLightning"],"picked":"Coolheaded","floor":8},{"not_picked":["Sweeping Beam","ReplayTheSpireMod:Omega Cannon"],"picked":"ReplayTheSpireMod:Calculation Training","floor":11},{"not_picked":["Conserve Battery","Ball Lightning"],"picked":"Panic Button","floor":13},{"not_picked":["Compile Driver","Steam"],"picked":"Go for the Eyes","floor":14},{"not_picked":["Fission","Core Surge"],"picked":"Echo Form","floor":16},{"not_picked":["Compile Driver+1","Gash+1"],"picked":"Barrage","floor":18},{"not_picked":["Barrage+1","Crystallizer"],"picked":"Redo","floor":21},{"not_picked":["Blizzard+1","Hologram+1","jedi:BurstLightning"],"picked":"SKIP","floor":21},{"not_picked":["hubris:PowerSurge+1","jedi:BurstFrost","Fission"],"picked":"SKIP","floor":24},{"not_picked":["Tempest","Darkness+1"],"picked":"Capacitor","floor":27},{"not_picked":["Gash","Capacitor"],"picked":"White Noise","floor":27},{"not_picked":["Capacitor","Go for the Eyes"],"picked":"ReplayTheSpireMod:Calculation Training+1","floor":28},{"not_picked":["jedi:hex+1","Go for the Eyes","ReplayTheSpireMod:System Scan"],"picked":"SKIP","floor":28},{"not_picked":["Steam Power","jedi:spotbugs"],"picked":"Sweeping Beam","floor":30},{"not_picked":["BasicCrystalCard","Chaos","Tempest"],"picked":"SKIP","floor":35},{"not_picked":["Go for the Eyes+1","Streamline","ReplayTheSpireMod:Repulse+1"],"picked":"SKIP","floor":35},{"not_picked":["Storm+1","Reboot","Hello World+1"],"picked":"SKIP","floor":41},{"not_picked":["Replay:BasicMightCard","Dramatic Entrance"],"picked":"Panacea","floor":45},{"not_picked":["Bandage Up","Discovery"],"picked":"jedi:forcepush","floor":45},{"not_picked":["Beam Cell","Hologram+1","Conserve Battery+1"],"picked":"SKIP","floor":48}],"player_experience":168685,"relics_obtained":[{"floor":6,"key":"Strawberry"},{"floor":9,"key":"DemoMod:OrangeGuonStone"},{"floor":14,"key":"Meat on the Bone"},{"floor":19,"key":"Bag of Preparation"},{"floor":24,"key":"Eternal Feather"},{"floor":26,"key":"Mercury Hourglass"},{"floor":30,"key":"DemoMod:MonsterBlood"},{"floor":41,"key":"Replay:Bottled Flurry"},{"floor":41,"key":"Kunai"},{"floor":42,"key":"Old Coin"},{"floor":43,"key":"Mummified Hand"},{"floor":44,"key":"Replay:Multitool"},{"floor":46,"key":"Iron Hammer"},{"floor":48,"key":"DemoMod:GundromedaStrain"},{"floor":48,"key":"Geode"}],"event_choices":[{"damage_healed":0,"gold_gain":0,"player_choice":"Leave","damage_taken":0,"max_hp_gain":0,"max_hp_loss":0,"event_name":"The Cleric","floor":3,"gold_loss":0},{"damage_healed":0,"gold_gain":0,"player_choice":"Lose Max HP","damage_taken":0,"relics_obtained":["Golden Idol"],"max_hp_gain":0,"max_hp_loss":6,"event_name":"Golden Idol","floor":5,"gold_loss":0},{"damage_healed":0,"gold_gain":100,"player_choice":"Bet on Murderer","damage_taken":0,"max_hp_gain":0,"max_hp_loss":0,"event_name":"The Joust","floor":25,"gold_loss":50},{"damage_healed":0,"gold_gain":0,"player_choice":" GoldIdol Vial ","damage_taken":25,"relics_obtained":["Bloody Idol","Blood Vial"],"max_hp_gain":87,"max_hp_loss":62,"event_name":"betterAltar:BetterAltar","floor":31,"potions_obtained":[],"relics_lost":["Golden Idol"],"gold_loss":0},{"damage_healed":0,"gold_gain":0,"player_choice":"Rummage","damage_taken":0,"relics_obtained":["WarpedTongs"],"max_hp_gain":0,"max_hp_loss":0,"event_name":"Accursed Blacksmith","floor":37,"gold_loss":0,"cards_obtained":["Pain"]},{"damage_healed":0,"gold_gain":0,"player_choice":"Fight","damage_taken":0,"max_hp_gain":0,"max_hp_loss":0,"event_name":"Mysterious Sphere","floor":42,"gold_loss":0},{"damage_healed":0,"gold_gain":0,"player_choice":"Fight","damage_taken":0,"max_hp_gain":0,"max_hp_loss":0,"event_name":"MindBloom","floor":44,"gold_loss":0},{"damage_healed":0,"gold_gain":3,"player_choice":"1","damage_taken":0,"max_hp_gain":0,"max_hp_loss":0,"event_name":"betterStone:BetterStone","floor":45,"gold_loss":0},{"damage_healed":0,"gold_gain":0,"player_choice":"Max HP","damage_taken":0,"max_hp_gain":0,"max_hp_loss":5,"event_name":"Winding Halls","floor":49,"gold_loss":0}],"is_beta":false,"boss_relics":[{"not_picked":["Pandora\u0027s Box","Snecko Eye"],"picked":"SacredBark"},{"not_picked":["hubris:ScarierMask","hubris:Stopwatch"],"picked":"Black Star"}],"items_purged_floors":[38,38],"is_endless":false,"potions_floor_spawned":[2,8,11,13,14,18,27,28,30,41,42,44,48],"ascension_level":1}}