{"host":"minbhrtlkaoly5f0","time":1609581920,"event":{"mods":["Act Like it!","BaseMod","Colored Map","Colored Powertips","Lobotomy","LobotomyExtend","Luminous","Minty Spire (QoL Compilation)","Quick Restart","StSLib"],"gold_per_floor":[109,123,133,147,147,180,180,180,180],"floor_reached":8,"playtime":385,"items_purged":[],"score":58,"play_id":"000f6672-1603-49e4-9e69-04fefa9441ce","local_time":"20210102180520","is_ascension_mode":false,"campfire_choices":[{"floor":7,"key":"REST"}],"circlet_count":0,"master_deck":["Strike_R","Strike_R","Strike_R","Strike_R","Strike_R","Defend_R","Defend_R","Defend_R","Defend_R","Bash","CherryBlossoms","Flex","Scarecrow","Flex","PunishingBird","Inflame+1","WallGazer","Barricade","BlackSwan"],"relics":["Burning Blood","CogitoBucket","LetterFromLob","Lantern"],"acts_visited":["Exordium"],"potions_floor_usage":[6],"damage_taken":[{"damage":14,"enemies":"2 Louse","floor":1,"turns":2},{"damage":6,"enemies":"Cultist","floor":2,"turns":3},{"damage":7,"enemies":"Small Slimes","floor":3,"turns":4},{"damage":18,"enemies":"3 Louse","floor":4,"turns":3},{"damage":71,"enemies":"3 Sentries","floor":6,"turns":10},{"damage":48,"enemies":"Lagavulin","floor":8,"turns":5}],"seed_played":"-7179514865516686580","potions_obtained":[{"floor":4,"key":"PowerPotion"}],"is_trial":false,"path_per_floor":["M","M","M","M","?","E","R","E"],"character_chosen":"IRONCLAD","items_purchased":[],"campfire_rested":1,"item_purchase_floors":[],"current_hp_per_floor":[72,72,71,61,61,12,36,0,0],"gold":180,"neow_bonus":"","is_daily":false,"chose_seed":false,"campfire_upgraded":0,"win_rate":0.0,"timestamp":1609581920,"path_taken":["M","M","M","M","?","E","R","E"],"items_purchased_type":[],"build_version":"2020-12-22","purchased_purges":0,"victory":false,"max_hp_per_floor":[80,80,80,80,80,80,80,80,80],"card_choices":[{"not_picked":["Wellcheers","UniverseFragment"],"picked":"CherryBlossoms","floor":1},{"not_picked":["Armaments","Shrug It Off"],"picked":"Flex","floor":1},{"not_picked":["PunishingBird","Funeral","VoidDream"],"picked":"Singing Bowl","floor":2},{"not_picked":["MHz","OSAHOGD"],"picked":"Scarecrow","floor":2},{"not_picked":["Rupture","Flame Barrier"],"picked":"Flex","floor":2},{"not_picked":["LaLuna","FieryBird","QueenOfHatred"],"picked":"Singing Bowl","floor":3},{"not_picked":["ShyLook","Scorched"],"picked":"PunishingBird","floor":3},{"not_picked":["Twin Strike","Burning Pact"],"picked":"Inflame","floor":3},{"not_picked":["BeautyBeast","Wellcheers"],"picked":"WallGazer","floor":4},{"not_picked":["Warcry","Headbutt","Disarm"],"picked":"SKIP","floor":4},{"not_picked":["Pommel Strike","Spot Weakness"],"picked":"Barricade","floor":6},{"not_picked":["MeatLantern","OldLady"],"picked":"BlackSwan","floor":6}],"player_experience":11941,"relics_obtained":[{"floor":1,"key":"LetterFromLob"},{"floor":6,"key":"Lantern"}],"event_choices":[{"damage_healed":0,"gold_gain":0,"player_choice":"Upgraded","damage_taken":0,"max_hp_gain":0,"max_hp_loss":0,"event_name":"Upgrade Shrine","floor":5,"gold_loss":0,"cards_upgraded":["Inflame"]}],"is_beta":false,"boss_relics":[],"items_purged_floors":[],"is_endless":false,"potions_floor_spawned":[4],"killed_by":"Lagavulin","ascension_level":0}}