{"host":"ga4s3hj9m6nkn6gp","time":1609611123,"event":{"mods":["BaseMod","Colored Powertips","Minty Spire (QoL Compilation)","Relic Stats"],"gold_per_floor":[115,130,130,145,70,70,104,104,104,133,149,224,224,224,224,301,301,317,336,6,22,33,66,66,86,112,112,112,112,122,135,135,135,135],"floor_reached":33,"playtime":2461,"items_purged":["Strike_G","Strike_G"],"score":554,"play_id":"12c5c9b1-27a6-4a24-8d5a-3101421af0dc","local_time":"20210102191203","is_ascension_mode":true,"campfire_choices":[{"data":"Deadly Poison","floor":6,"key":"SMITH"},{"data":"Blade Dance","floor":8,"key":"SMITH"},{"data":"Catalyst","floor":13,"key":"SMITH"},{"floor":15,"key":"REST"},{"data":"Envenom","floor":24,"key":"SMITH"},{"floor":27,"key":"REST"},{"data":"Footwork","floor":32,"key":"SMITH"}],"circlet_count":0,"master_deck":["AscendersBane","Strike_G+1","Strike_G+1","Defend_G+1","Defend_G+1","Defend_G+1","Defend_G+1","Defend_G+1","Survivor","Neutralize","Deadly Poison+1","Blade Dance+1","All Out Attack","Catalyst+1","Terror","After Image","CurseOfTheBell","Footwork+1","Poisoned Stab+1","Blade Dance","PiercingWail+1","Envenom+1","Leg Sweep","Dagger Spray+1","Acrobatics+1"],"relics":["Ring of the Snake","NeowsBlessing","Thread and Needle","InkBottle","Darkstone Periapt","Molten Egg 2","Calling Bell","Smiling Mask","Mercury Hourglass","Lizard Tail","Medical Kit","Ancient Tea Set"],"acts_visited":["Exordium","TheCity"],"potions_floor_usage":[7,10,33,33],"damage_taken":[{"damage":0,"enemies":"Cultist","floor":1,"turns":1},{"damage":0,"enemies":"Jaw Worm","floor":2,"turns":1},{"damage":0,"enemies":"2 Louse","floor":4,"turns":1},{"damage":11,"enemies":"Gremlin Nob","floor":7,"turns":3},{"damage":8,"enemies":"3 Sentries","floor":10,"turns":6},{"damage":0,"enemies":"Blue Slaver","floor":11,"turns":3},{"damage":26,"enemies":"The Guardian","floor":16,"turns":11},{"damage":6,"enemies":"Chosen","floor":18,"turns":5},{"damage":0,"enemies":"Spheric Guardian","floor":19,"turns":9},{"damage":20,"enemies":"Snake Plant","floor":21,"turns":7},{"damage":3,"enemies":"Centurion and Healer","floor":22,"turns":7},{"damage":33,"enemies":"Book of Stabbing","floor":23,"turns":6},{"damage":7,"enemies":"Sentry and Sphere","floor":25,"turns":9},{"damage":0,"enemies":"Snecko","floor":30,"turns":4},{"damage":7,"enemies":"Chosen and Byrds","floor":31,"turns":6},{"damage":44,"enemies":"Collector","floor":33,"turns":5}],"seed_played":"2516539023069336249","potions_obtained":[{"floor":1,"key":"SteroidPotion"},{"floor":4,"key":"LiquidMemories"},{"floor":7,"key":"SpeedPotion"},{"floor":16,"key":"Regen Potion"},{"floor":31,"key":"SteroidPotion"}],"is_trial":false,"path_per_floor":["M","M","?","M","$","R","E","R","T","E","M","?","R","T","R","B",null,"M","M","$","M","M","E","R","M","T","R","?","?","M","M","R","B"],"character_chosen":"THE_SILENT","items_purchased":["Poisoned Stab+1","Blade Dance","Medical Kit"],"campfire_rested":2,"item_purchase_floors":[20,20,20],"current_hp_per_floor":[59,59,52,52,52,52,41,41,41,33,33,22,22,22,41,15,59,53,53,53,33,30,36,36,29,29,50,50,50,50,43,43,0,0],"gold":135,"neow_bonus":"THREE_ENEMY_KILL","is_daily":false,"chose_seed":false,"campfire_upgraded":5,"win_rate":0.0,"timestamp":1609611123,"path_taken":["M","?","?","M","$","R","E","R","T","E","M","?","R","?","R","BOSS","M","M","$","?","?","E","R","M","T","R","?","?","M","?","R","BOSS"],"items_purchased_type":["Card","Card","Relic"],"build_version":"2020-12-22","purchased_purges":2,"victory":false,"max_hp_per_floor":[66,66,66,66,66,66,66,66,66,66,66,66,66,66,66,66,72,72,72,72,72,72,72,72,72,72,72,72,72,72,72,72,72,72],"relic_stats":{"Darkstone Periapt":6,"Lizard Tail":36,"counters":[16,83],"Smiling Mask":50,"Medical Kit":[10],"obtain_stats":[{"Darkstone Periapt":10,"Calling Bell":17,"Lizard Tail":17,"NeowsBlessing":0,"Thread and Needle":7,"Molten Egg 2":14,"Smiling Mask":17,"Medical Kit":20,"Ancient Tea Set":23,"InkBottle":9,"Ring of the Snake":0,"Mercury Hourglass":17},{"Darkstone Periapt":5,"Calling Bell":7,"Lizard Tail":7,"NeowsBlessing":0,"Thread and Needle":4,"Molten Egg 2":6,"Smiling Mask":7,"Medical Kit":9,"Ancient Tea Set":12,"InkBottle":4,"Ring of the Snake":0,"Mercury Hourglass":7},{"Darkstone Periapt":12,"Calling Bell":26,"Lizard Tail":26,"NeowsBlessing":0,"Thread and Needle":6,"Molten Egg 2":15,"Smiling Mask":26,"Medical Kit":40,"Ancient Tea Set":59,"InkBottle":6,"Ring of the Snake":0,"Mercury Hourglass":26}],"InkBottle":[34],"Ring of the Snake":[32],"Mercury Hourglass":[165]},"card_choices":[{"not_picked":["Choke","Expertise"],"picked":"Deadly Poison","floor":1},{"not_picked":["Reflex","Prepared"],"picked":"Riddle With Holes","floor":2},{"not_picked":["Dodge and Roll","PiercingWail"],"picked":"Blade Dance","floor":4},{"not_picked":["Quick Slash","Deflect"],"picked":"All Out Attack","floor":7},{"not_picked":["Grand Finale","Slice"],"picked":"Catalyst","floor":10},{"not_picked":["Outmaneuver","Sucker Punch"],"picked":"Terror","floor":11},{"not_picked":["Phantasmal Killer","Storm of Steel"],"picked":"After Image","floor":16},{"not_picked":["Expertise","Prepared"],"picked":"Footwork","floor":18},{"not_picked":["Heel Hook+1","All Out Attack+1","Riddle With Holes+1"],"picked":"SKIP","floor":19},{"not_picked":["Calculated Gamble","Setup","Quick Slash+1"],"picked":"SKIP","floor":21},{"not_picked":["Cloak And Dagger","Quick Slash+1"],"picked":"PiercingWail+1","floor":22},{"not_picked":["Quick Slash+1","Phantasmal Killer"],"picked":"Envenom","floor":23},{"not_picked":["Footwork","Quick Slash+1"],"picked":"Leg Sweep","floor":25},{"not_picked":["Quick Slash+1","Choke+1"],"picked":"Dagger Spray+1","floor":30},{"not_picked":["Sucker Punch+1","Bane+1"],"picked":"Acrobatics+1","floor":31}],"player_experience":549316,"relics_obtained":[{"floor":7,"key":"Thread and Needle"},{"floor":9,"key":"InkBottle"},{"floor":10,"key":"Darkstone Periapt"},{"floor":14,"key":"Molten Egg 2"},{"floor":17,"key":"Smiling Mask"},{"floor":17,"key":"Mercury Hourglass"},{"floor":17,"key":"Lizard Tail"},{"floor":23,"key":"Ancient Tea Set"}],"event_choices":[{"cards_removed":["Strike_G"],"damage_healed":0,"gold_gain":0,"player_choice":"Card Removal","damage_taken":7,"max_hp_gain":0,"max_hp_loss":0,"event_name":"Golden Wing","floor":3,"gold_loss":0},{"damage_healed":0,"gold_gain":75,"player_choice":"Gather Gold","damage_taken":11,"max_hp_gain":0,"max_hp_loss":0,"event_name":"World of Goop","floor":12,"gold_loss":0},{"damage_healed":0,"gold_gain":0,"player_choice":"Simplicity","damage_taken":0,"max_hp_gain":0,"max_hp_loss":0,"event_name":"Back to Basics","floor":28,"gold_loss":0,"cards_upgraded":["Strike_G","Strike_G","Defend_G","Defend_G","Defend_G","Defend_G","Defend_G"]},{"cards_removed":["Riddle With Holes"],"damage_healed":0,"gold_gain":0,"player_choice":"Purged","damage_taken":0,"max_hp_gain":0,"max_hp_loss":0,"event_name":"Purifier","floor":29,"gold_loss":0}],"is_beta":false,"boss_relics":[{"not_picked":["Empty Cage","WristBlade"],"picked":"Calling Bell"}],"items_purged_floors":[5,20],"is_endless":false,"potions_floor_spawned":[1,4,7,16,22,31],"killed_by":"Collector","ascension_level":20}}