{"host":"i0avyit1s6jb1siw","time":1609597669,"event":{"mods":["BaseMod","DeckTracker","Dota2Spire","Highlight Path","Minty Spire (QoL Compilation)","Quick Restart","Replay The Spire","StSLib","SuperFastMode"],"gold_per_floor":[110,299,299,313,313,313,347,358,358,283,309,319,319,319,284,296,296,369,369,382,401,134,144,164,164,194,194,242,242,242],"floor_reached":29,"playtime":887,"items_purged":["Strike_P","Strike_P"],"score":556,"play_id":"442c446b-8d58-4921-a33b-0ac64f3b69fe","local_time":"20210102152749","is_ascension_mode":true,"campfire_choices":[{"data":"Eruption","floor":6.0,"key":"SMITH"},{"data":"Worship","floor":17.0,"key":"SMITH"},{"floor":25.0,"key":"REST"},{"floor":27.0,"key":"REST"}],"circlet_count":0,"master_deck":["AscendersBane","Strike_P+1","Strike_P","Defend_P","Defend_P","Defend_P","Eruption+1","Vigilance","Protect","EmptyFist+1","Indignation","Worship+1","ReachHeaven","Brilliance","ConjureBlade","Adaptation+1","EmptyBody","MentalFortress","Study+1"],"relics":["Velvet Choker","Replay:Purple Gloves","CloakClasp","Bag of Preparation","VioletLotus","Dota2Spire:Vanguard","Whetstone"],"acts_visited":["Exordium","TheCity"],"potions_floor_usage":[],"damage_taken":[{"damage":4.0,"enemies":"2 Louse","floor":1.0,"turns":3.0},{"damage":4.0,"enemies":"Small Slimes","floor":4.0,"turns":3.0},{"damage":22.0,"enemies":"Gremlin Nob","floor":7.0,"turns":3.0},{"damage":0.0,"enemies":"Jaw Worm","floor":8.0,"turns":2.0},{"damage":0.0,"enemies":"Lagavulin","floor":11.0,"turns":4.0},{"damage":0.0,"enemies":"Lots of Slimes","floor":12.0,"turns":3.0},{"damage":0.0,"enemies":"Large Slime","floor":16.0,"turns":3.0},{"damage":13.0,"enemies":"The Guardian","floor":18.0,"turns":7.0},{"damage":19.0,"enemies":"Shell Parasite","floor":20.0,"turns":4.0},{"damage":2.0,"enemies":"3 Byrds","floor":21.0,"turns":5.0},{"damage":1.0,"enemies":"Centurion and Healer","floor":23.0,"turns":6.0},{"damage":13.0,"enemies":"Snecko","floor":24.0,"turns":5.0},{"damage":30.0,"enemies":"Slavers","floor":26.0,"turns":9.0},{"damage":44,"enemies":"Book of Stabbing","floor":29,"turns":4}],"seed_played":"-7256690905762518965","potions_obtained":[{"floor":1.0,"key":"Regen Potion"},{"floor":7.0,"key":"BlessingOfTheForge"},{"floor":11.0,"key":"BlessingOfTheForge"},{"floor":23.0,"key":"Reflective Coating"},{"floor":26.0,"key":"Energy Potion"}],"is_trial":false,"path_per_floor":["M","?","?","M","?","R","E","M","T","$","E","M","PTL","PTL","?","M","R","B",null,"M","M","$","M","M","R","E","R","T","E"],"character_chosen":"WATCHER","items_purchased":["Dota2Spire:Vanguard"],"campfire_rested":2,"item_purchase_floors":[22],"current_hp_per_floor":[57,30,30,26,31,31,9,9,9,9,9,9,9,9,27,27,27,14,58,39,37,37,36,23,44,14,35,35,0,0],"gold":242,"neow_bonus":"BOSS_RELIC","is_daily":false,"chose_seed":false,"campfire_upgraded":2,"win_rate":0.0,"timestamp":1609597669,"path_taken":["M","?","?","M","?","R","E","M","T","$","E","M","PTL","PTL","?","?","R","BOSS","M","M","$","?","M","R","E","R","T","E"],"items_purchased_type":["Relic"],"build_version":"2020-12-22","purchased_purges":2,"victory":false,"max_hp_per_floor":[68,68,68,68,73,73,73,73,73,73,73,73,73,73,73,73,73,73,73,73,73,73,73,73,73,73,73,73,73,73],"card_choices":[{"not_picked":["Study","Consecrate"],"picked":"Protect","floor":1.0},{"not_picked":["Swivel","ThirdEye"],"picked":"EmptyFist","floor":2.0},{"not_picked":["ClearTheMind","JustLucky"],"picked":"Indignation","floor":4.0},{"not_picked":["EmptyBody","Study","ClearTheMind"],"picked":"SKIP","floor":7.0},{"not_picked":["ReachHeaven","EmptyBody"],"picked":"Worship","floor":8.0},{"not_picked":["FollowUp","Replay:BluntJabs"],"picked":"ReachHeaven","floor":11.0},{"not_picked":["Replay:Hum","PathToVictory","EmptyFist"],"picked":"SKIP","floor":12.0},{"not_picked":["FlyingSleeves","Crescendo"],"picked":"Brilliance","floor":16.0},{"not_picked":["DeusExMachina","Alpha"],"picked":"ConjureBlade","floor":18.0},{"not_picked":["Evaluate","EmptyBody"],"picked":"Adaptation+1","floor":20.0},{"not_picked":["ClearTheMind","FlyingSleeves+1"],"picked":"EmptyBody","floor":21.0},{"not_picked":["Weave","ThirdEye","Replay:AtTheReady"],"picked":"SKIP","floor":23.0},{"not_picked":["Halt","Evaluate"],"picked":"MentalFortress","floor":24.0},{"not_picked":["Fasting2","ReachHeaven+1"],"picked":"Study+1","floor":26.0}],"player_experience":2162852,"relics_obtained":[{"floor":7.0,"key":"Replay:Purple Gloves"},{"floor":9.0,"key":"CloakClasp"},{"floor":11.0,"key":"Bag of Preparation"},{"floor":26.0,"key":"Whetstone"}],"event_choices":[{"damage_healed":0.0,"max_hp_gain":5.0,"max_hp_loss":0.0,"gold_gain":0.0,"event_name":"Big Fish","player_choice":"Donut","floor":5.0,"gold_loss":0.0,"damage_taken":0.0},{"damage_healed":18.0,"max_hp_gain":0.0,"max_hp_loss":0.0,"gold_gain":0.0,"event_name":"The Cleric","player_choice":"Healed","floor":15.0,"gold_loss":35.0,"damage_taken":0.0}],"is_beta":false,"boss_relics":[{"not_picked":["Ectoplasm","Snecko Heart"],"picked":"VioletLotus"}],"items_purged_floors":[10,22],"is_endless":false,"potions_floor_spawned":[1,7,8,11,23,24,26],"killed_by":"Book of Stabbing","ascension_level":20}}