{"host":"uflv0e3ja7hvnij7","time":1609596369,"event":{"mods":["BaseMod","Better Altar","Better Match","Better Note","Better Sensory Stone","Better Skull","Better Third Choice","Hubris","Infinite Spire","Minty Spire (QoL Compilation)","Permanent Neow","StSLib"],"gold_per_floor":[17,34,51,51,126,126,156,156,237,312,237,253,253,253],"floor_reached":13,"playtime":850,"items_purged":["Strike_R"],"score":112,"play_id":"382be794-2aae-47f5-bfb0-1e0794630502","local_time":"20210102090609","is_ascension_mode":true,"campfire_choices":[{"data":"infinitespire:TheBestDefense","floor":6,"key":"SMITH"},{"data":"Rampage","floor":8,"key":"SMITH"}],"circlet_count":0,"master_deck":["infinitespire:TheBestDefense+1","Strike_R","Strike_R","Defend_R","Defend_R","Defend_R","Defend_R","Bash","Inflame","Inflame","Rampage+1","Seeing Red"],"relics":["Burning Blood","hubris:Icosahedron","Tiny Chest","Shuriken"],"acts_visited":["Exordium"],"potions_floor_usage":[7,12],"damage_taken":[{"damage":7,"enemies":"Small Slimes","floor":1,"turns":5},{"damage":8,"enemies":"Jaw Worm","floor":2,"turns":4},{"damage":2,"enemies":"2 Louse","floor":3,"turns":4},{"damage":35,"enemies":"3 Sentries","floor":7,"turns":10},{"damage":21,"enemies":"Lots of Slimes","floor":12,"turns":6},{"damage":0,"enemies":"Lagavulin","floor":13,"turns":3}],"seed_played":"-8161185656074832833","potions_obtained":[{"floor":2,"key":"Dexterity Potion"},{"floor":7,"key":"FearPotion"}],"is_trial":false,"path_per_floor":["M","M","M","?","?","R","E","R","T","?","$","M","E"],"character_chosen":"IRONCLAD","items_purchased":[],"campfire_rested":0,"item_purchase_floors":[],"current_hp_per_floor":[71,69,73,73,62,62,33,33,33,25,25,10,10,10],"gold":253,"neow_bonus":"REMOVE_TWO","is_daily":false,"chose_seed":false,"campfire_upgraded":2,"win_rate":0.0,"timestamp":1609596369,"path_taken":["M","M","M","?","?","R","E","R","T","?","$","M","E"],"items_purchased_type":[],"build_version":"2020-12-22","purchased_purges":1,"victory":false,"max_hp_per_floor":[80,80,80,80,80,80,80,80,80,80,80,80,80,80],"card_choices":[{"not_picked":["Combust","Sword Boomerang"],"picked":"Inflame","floor":1},{"not_picked":["Burning Pact","Bloodletting"],"picked":"Inflame","floor":2},{"not_picked":["hubris:ReadiedAction","Wild Strike"],"picked":"Rampage","floor":3},{"not_picked":["Dropkick","Sword Boomerang"],"picked":"Seeing Red","floor":7},{"not_picked":["Iron Wave","Perfected Strike","Infernal Blade"],"picked":"SKIP","floor":12}],"player_experience":456513,"relics_obtained":[{"floor":7,"key":"Tiny Chest"},{"floor":9,"key":"Shuriken"}],"event_choices":[{"damage_healed":0,"gold_gain":75,"player_choice":"Gold","damage_taken":11,"max_hp_gain":0,"max_hp_loss":0,"event_name":"betterThird:BetterGoop","floor":5,"gold_loss":0},{"damage_healed":0,"gold_gain":75,"player_choice":"Touch","damage_taken":8,"max_hp_gain":0,"max_hp_loss":0,"event_name":"FaceTrader","floor":10,"gold_loss":0}],"is_beta":false,"boss_relics":[],"items_purged_floors":[11],"is_endless":false,"potions_floor_spawned":[2,7],"killed_by":"Lagavulin","ascension_level":7}}