{"host":"tiwza2kisyyrpq7h","time":1609576207,"event":{"mods":["BaseMod","Colored Powertips","Minty Spire (QoL Compilation)","Quick Restart","Rare Cards Sparkle","StSLib","SuperFastMode","The Servant 0.9.4","óô»ðÖ¸ÄÏ"],"gold_per_floor":[15,15,15,26,42,42,67,67,91,91,16,26,26,38,38,112,162,174,190,190,115,76,76,76,108,108,158,158],"floor_reached":27,"playtime":1112,"items_purged":["Pain"],"score":412,"play_id":"98dedb27-569d-4ea9-831c-8afd5c8b5115","local_time":"20210102163007","is_ascension_mode":true,"campfire_choices":[{"data":"Study","floor":6.0,"key":"SMITH"},{"data":"Pray","floor":8.0,"key":"SMITH"},{"data":"Eruption","floor":10.0,"key":"SMITH"},{"floor":15.0,"key":"REST"},{"data":"MasterReality","floor":23.0,"key":"SMITH"}],"circlet_count":0,"master_deck":["AscendersBane","Strike_P","Defend_P","Defend_P","Defend_P+1","Eruption+1","Vigilance","Study+1","EmptyMind","Pray+1","FearNoEvil","InnerPeace","MasterReality+1","FlurryOfBlows","SpiritShield","WheelKick","Wireheading","WreathOfFlame"],"relics":["PureWater","WarpedTongs","Happy Flower","Bag of Preparation","Tiny House","Mummified Hand","Bronze Scales","The Courier"],"acts_visited":["Exordium","TheCity"],"potions_floor_usage":[],"damage_taken":[{"damage":7.0,"enemies":"Jaw Worm","floor":1.0,"turns":3.0},{"damage":3.0,"enemies":"Cultist","floor":4.0,"turns":3.0},{"damage":5.0,"enemies":"Small Slimes","floor":5.0,"turns":3.0},{"damage":30.0,"enemies":"Lagavulin","floor":7.0,"turns":7.0},{"damage":2.0,"enemies":"Exordium Wildlife","floor":12.0,"turns":3.0},{"damage":0.0,"enemies":"Blue Slaver","floor":14.0,"turns":3.0},{"damage":17.0,"enemies":"The Guardian","floor":16.0,"turns":8.0},{"damage":4.0,"enemies":"Chosen","floor":18.0,"turns":4.0},{"damage":1.0,"enemies":"3 Byrds","floor":19.0,"turns":4.0},{"damage":27.0,"enemies":"Book of Stabbing","floor":25.0,"turns":6.0}],"seed_played":"-1990062260738482983","potions_obtained":[{"floor":5.0,"key":"SpeedPotion"},{"floor":12.0,"key":"AttackPotion"},{"floor":14.0,"key":"EntropicBrew"},{"floor":17.0,"key":"SkillPotion"},{"floor":25.0,"key":"Block Potion"}],"is_trial":false,"path_per_floor":["M","?","$","M","M","R","E","R","T","R","$","M","?","M","R","B",null,"M","M","?","?","$","R","T","E","T","?"],"character_chosen":"WATCHER","items_purchased":["Wireheading"],"campfire_rested":1,"item_purchase_floors":[22],"current_hp_per_floor":[54,54,54,51,46,46,16,16,16,16,16,14,14,14,34,17,60,56,55,34,34,34,34,34,7,7,0,0],"gold":158,"neow_bonus":"REMOVE_TWO","is_daily":false,"chose_seed":false,"campfire_upgraded":4,"win_rate":0.0,"timestamp":1609576207,"path_taken":["M","?","?","?","?","R","E","R","T","R","$","M","?","M","R","BOSS","M","?","?","?","?","R","?","E","T","?"],"items_purchased_type":["Card"],"build_version":"2020-12-22","purchased_purges":1,"victory":false,"max_hp_per_floor":[68,68,68,68,68,68,68,68,68,68,68,68,68,68,68,68,73,73,73,78,78,78,78,78,78,78,78,78],"card_choices":[{"not_picked":["CrushJoints","Pray"],"picked":"Study","floor":1.0},{"not_picked":["Protect","WheelKick"],"picked":"EmptyMind","floor":4.0},{"not_picked":["SashWhip","BowlingBash"],"picked":"Pray","floor":5.0},{"not_picked":["Evaluate","BattleHymn"],"picked":"FearNoEvil","floor":7.0},{"not_picked":["EmptyBody","ThirdEye"],"picked":"InnerPeace","floor":12.0},{"not_picked":["ClearTheMind","BowlingBash","CarveReality"],"picked":"SKIP","floor":14.0},{"not_picked":["Scrawl","SpiritShield"],"picked":"MasterReality","floor":16.0},{"not_picked":["Protect","EmptyFist"],"picked":"FlurryOfBlows","floor":17.0},{"not_picked":["BowlingBash","LikeWater"],"picked":"SpiritShield","floor":18.0},{"not_picked":["EmptyFist","Nirvana"],"picked":"WheelKick","floor":19.0},{"not_picked":["Meditate","Weave"],"picked":"WreathOfFlame","floor":25.0}],"player_experience":910807,"relics_obtained":[{"floor":7.0,"key":"Happy Flower"},{"floor":9.0,"key":"Bag of Preparation"},{"floor":24.0,"key":"Mummified Hand"},{"floor":25.0,"key":"Bronze Scales"},{"floor":26.0,"key":"The Courier"}],"event_choices":[{"damage_healed":0.0,"max_hp_gain":0.0,"max_hp_loss":0.0,"gold_gain":0.0,"event_name":"Accursed Blacksmith","player_choice":"Rummage","floor":2.0,"gold_loss":0.0,"damage_taken":0.0,"relics_obtained":["WarpedTongs"],"cards_obtained":["Pain"]},{"cards_removed":["Strike_P"],"damage_healed":0.0,"max_hp_gain":0.0,"max_hp_loss":0.0,"gold_gain":0.0,"event_name":"Purifier","player_choice":"Purged","floor":13.0,"gold_loss":0.0,"damage_taken":0.0},{"damage_healed":0.0,"max_hp_gain":5.0,"max_hp_loss":0.0,"gold_gain":0.0,"event_name":"Forgotten Altar","player_choice":"Shed Blood","floor":20.0,"gold_loss":0.0,"damage_taken":26.0},{"cards_removed":["Strike_P"],"damage_healed":0.0,"max_hp_gain":0.0,"max_hp_loss":0.0,"gold_gain":0.0,"event_name":"Beggar","player_choice":"Gave Gold","floor":21.0,"gold_loss":75.0,"damage_taken":0.0},{"damage_healed":0,"gold_gain":50,"player_choice":"Touch","damage_taken":7,"max_hp_gain":0,"max_hp_loss":0,"event_name":"FaceTrader","floor":27,"gold_loss":0}],"is_beta":false,"boss_relics":[{"not_picked":["Runic Dome","Ectoplasm"],"picked":"Tiny House"}],"items_purged_floors":[11],"is_endless":false,"potions_floor_spawned":[5,12,14,25],"ascension_level":16}}