{"host":"fuszjwm6fqgjjp4d","time":1609581226,"event":{"mods":["BaseMod","Bestiary","Colored Map","DeckTracker","Minty Spire (QoL Compilation)","Permanent Neow","Relic Sorter","Relic Stats","StSLib"],"gold_per_floor":[112,122,122,139,158,158,186,198,223,223,223],"floor_reached":10,"playtime":422,"items_purged":[],"score":140,"play_id":"158d2810-32c2-498a-9c63-3416499cfbdd","local_time":"20210102035346","is_ascension_mode":true,"campfire_choices":[{"data":"Deadly Poison","floor":6.0,"key":"SMITH"}],"circlet_count":0,"master_deck":["AscendersBane","Strike_G","Strike_G","Strike_G","Strike_G","Defend_G","Defend_G","Defend_G","Defend_G","Defend_G","Survivor","Neutralize","Bullet Time","Deadly Poison+1","Leg Sweep","Cloak And Dagger","Cloak And Dagger","Poisoned Stab","Backflip"],"relics":["Ring of the Snake","Anchor","Boot"],"acts_visited":["Exordium"],"potions_floor_usage":[8,10],"damage_taken":[{"damage":6.0,"enemies":"Cultist","floor":1.0,"turns":5.0},{"damage":7.0,"enemies":"Jaw Worm","floor":2.0,"turns":5.0},{"damage":2.0,"enemies":"2 Louse","floor":4.0,"turns":5.0},{"damage":9.0,"enemies":"Exordium Thugs","floor":5.0,"turns":7.0},{"damage":17.0,"enemies":"Lagavulin","floor":7.0,"turns":12.0},{"damage":11,"enemies":"Large Slime","floor":8,"turns":9},{"damage":18,"enemies":"Gremlin Nob","floor":10,"turns":3}],"seed_played":"-2195395761115661655","potions_obtained":[{"floor":2.0,"key":"Fruit Juice"},{"floor":5.0,"key":"EssenceOfSteel"},{"floor":7,"key":"FearPotion"},{"floor":8,"key":"Regen Potion"}],"is_trial":false,"path_per_floor":["M","M","?","M","M","R","E","M","T","E"],"character_chosen":"THE_SILENT","items_purchased":[],"campfire_rested":0,"item_purchase_floors":[],"current_hp_per_floor":[53,46,39,37,33,33,16,5,5,0,0],"gold":223,"neow_bonus":"ONE_RANDOM_RARE_CARD","is_daily":false,"chose_seed":false,"campfire_upgraded":1,"win_rate":0.0,"timestamp":1609581226,"path_taken":["M","?","?","M","M","R","E","M","T","E"],"items_purchased_type":[],"build_version":"2020-12-22","purchased_purges":0,"victory":false,"max_hp_per_floor":[66,66,66,66,71,71,71,71,71,71,71],"relic_stats":{"counters":[7,46],"Boot":[4],"obtain_stats":[{"Anchor":7,"Boot":9,"Ring of the Snake":0},{"Anchor":5,"Boot":6,"Ring of the Snake":0},{"Anchor":34,"Boot":43,"Ring of the Snake":0}],"Ring of the Snake":[14]},"card_choices":[{"not_picked":["Slice","Bouncing Flask"],"picked":"Deadly Poison","floor":1.0},{"not_picked":["Bouncing Flask","Skewer"],"picked":"Leg Sweep","floor":2.0},{"not_picked":["Dagger Throw","Flying Knee"],"picked":"Cloak And Dagger","floor":4.0},{"not_picked":["Skewer","Underhanded Strike"],"picked":"Cloak And Dagger","floor":5.0},{"not_picked":["Outmaneuver","Envenom"],"picked":"Poisoned Stab","floor":7},{"not_picked":["All Out Attack","Poisoned Stab"],"picked":"Backflip","floor":8}],"player_experience":1237913,"relics_obtained":[{"floor":7,"key":"Anchor"},{"floor":9,"key":"Boot"}],"event_choices":[{"cards_removed":["Strike_G"],"damage_healed":0.0,"max_hp_gain":0.0,"max_hp_loss":0.0,"gold_gain":0.0,"event_name":"Golden Wing","player_choice":"Card Removal","floor":3.0,"gold_loss":0.0,"damage_taken":7.0}],"is_beta":false,"boss_relics":[],"items_purged_floors":[],"is_endless":false,"potions_floor_spawned":[2,5,7,8],"killed_by":"Gremlin Nob","ascension_level":20}}