{"host":"4w8ocelhatf0iefc","time":1609591967,"event":{"mods":["AchievementEnabler","Act Like it!","Aspiration","BaseMod","Colored Map","Colored Powertips","Downfall","GifTheSpireLib","Hubris","Infinite Spire","Minty Spire (QoL Compilation)","Replay The Spire","StSLib","The Necromancer"],"gold_per_floor":[114,114,114,134,134,165,165,340,340,340,340,340],"floor_reached":11,"playtime":329,"items_purged":[],"score":69,"play_id":"86bc3a5b-d486-4a74-be2a-dacbfde70230","local_time":"20210102205247","is_ascension_mode":false,"campfire_choices":[{"data":"Finger_Of_Death","floor":10,"key":"SMITH"}],"circlet_count":0,"master_deck":["Strike_W","Strike_W","Strike_W","Defend_W","Defend_W","Defend_W","Negative_Energy_Arrows","Bone_Wall","AbeCurse","Finger_Of_Death+1","Negative_Energy_Mist","Flesh_Made_Foul","Doubt"],"relics":["Abe\u0027s Treasure","Question Card","infinitespire:Cubic Diamond","BranchBurnRelic"],"acts_visited":["Exordium"],"potions_floor_usage":[],"damage_taken":[{"damage":2,"enemies":"Cultist","floor":1,"turns":4},{"damage":0,"enemies":"2 Louse","floor":4,"turns":2},{"damage":48,"enemies":"Gremlin Nob","floor":6,"turns":5},{"damage":40,"enemies":"3 Sentries","floor":11,"turns":8}],"seed_played":"-4114169218358610336","potions_obtained":[],"is_trial":false,"path_per_floor":["M","T","?","M","?","E","?","?","T","R","E"],"character_chosen":"NECROMANCER","items_purchased":[],"campfire_rested":0,"item_purchase_floors":[],"current_hp_per_floor":[73,73,73,73,73,25,25,25,25,25,0,0],"gold":340,"neow_bonus":"BOSS_RELIC","is_daily":false,"chose_seed":false,"campfire_upgraded":1,"win_rate":0.0,"timestamp":1609591967,"path_taken":["M","?","?","?","?","E","?","?","T","R","E"],"items_purchased_type":[],"build_version":"2020-12-22","purchased_purges":0,"victory":false,"max_hp_per_floor":[75,75,75,75,75,75,75,75,75,75,75,75],"card_choices":[{"not_picked":["Chill_Blood","Death_Coil"],"picked":"Finger_Of_Death","floor":1},{"not_picked":["Blood_Curse","Death_Coil"],"picked":"Negative_Energy_Mist","floor":4},{"not_picked":["Bone_Spikes","Blood_Curse"],"picked":"Flesh_Made_Foul","floor":6}],"player_experience":509993,"relics_obtained":[{"floor":6,"key":"Question Card"},{"floor":9,"key":"Dead Branch"}],"event_choices":[{"cards_removed":["Strike_W"],"damage_healed":0,"gold_gain":0,"player_choice":"Card Removal","damage_taken":0,"max_hp_gain":0,"max_hp_loss":0,"event_name":"Wheel of Change","floor":3,"gold_loss":0},{"cards_removed":["Defend_W"],"damage_healed":0,"gold_gain":0,"player_choice":"Forget","damage_taken":0,"max_hp_gain":0,"max_hp_loss":0,"event_name":"Living Wall","floor":5,"gold_loss":0},{"damage_healed":0,"gold_gain":175,"player_choice":"AGREE","damage_taken":0,"max_hp_gain":0,"max_hp_loss":0,"event_name":"Liars Game","floor":8,"gold_loss":0,"cards_obtained":["Doubt"]}],"is_beta":false,"boss_relics":[],"items_purged_floors":[],"is_endless":false,"potions_floor_spawned":[],"killed_by":"3 Sentries","ascension_level":0}}