{"host":"dlskvfecb6rtl9z1","time":1609552220,"event":{"mods":["2.2 Compatiblity","AchievementEnabler","Aspiration","BaseMod","Better Third Choice","Colored Map","Colored Powertips","Downfall","Duelist Mod","Hermit","Hubris","Infinite Spire","KinomotoSakuraMod(????)","Koishi","Marisa????????","Minty Spire (QoL Compilation)","Remilia??????","Replay The Spire","Shop Mod","StSLib","Td1madao Mod","The Administrix","The Bug Knight","The Construct","The Cursed","The Disciple","The Hierophant","The Jungle","The Mystic","The Necromancer","The Runesmith","The Senshi","The Servant 0.9.4"],"gold_per_floor":[117,132,132,144,155,155,166,195,272,44,44,44,75,90,90,90,90],"floor_reached":16,"playtime":1018,"items_purged":["Slimebound:Icky"],"score":123,"play_id":"05dda04f-2021-4506-8cfe-4b4474a9dbdc","local_time":"20210102035020","is_ascension_mode":true,"campfire_choices":[{"data":"Crystallizer","floor":6,"key":"SMITH"},{"data":"Consume","floor":12,"key":"SMITH"},{"data":"Glacier","floor":15,"key":"SMITH"}],"circlet_count":0,"master_deck":["Strike_B","Strike_B","Strike_B","Strike_B","Defend_B","Defend_B","Defend_B","Defend_B","Zap","Dualcast+1","Genetic Algorithm","Sweeping Beam","Crystallizer+1","Coolheaded","Glacier+1","Consume+1","Consume","Injury","Blizzard"],"relics":["Cracked Core","MealTicket","Solar Panel","ReplayTheSpireMod:CursedCoin","aspiration:StickyExplosives_weak","Frozen Egg 2","Shovel"],"acts_visited":["Exordium"],"potions_floor_usage":[8,13,16,16],"damage_taken":[{"damage":12,"enemies":"Jaw Worm","floor":1,"turns":2},{"damage":0,"enemies":"Cultist","floor":2,"turns":2},{"damage":0,"enemies":"2 Louse","floor":4,"turns":3},{"damage":9,"enemies":"2 Fungi Beasts","floor":5,"turns":2},{"damage":11,"enemies":"Looter","floor":7,"turns":2},{"damage":17,"enemies":"HollowMod:MossKnight","floor":8,"turns":8},{"damage":2,"enemies":"3 Sentries","floor":13,"turns":2},{"damage":17,"enemies":"Lots of Slimes","floor":14,"turns":3},{"damage":42,"enemies":"Slime Boss","floor":16,"turns":5}],"seed_played":"-6541797404778029402","potions_obtained":[{"floor":2,"key":"Block Potion"},{"floor":3,"key":"Energy Potion"},{"floor":3,"key":"Dexterity Potion"},{"floor":5,"key":"PowerPotion"},{"floor":14,"key":"Strength Potion"}],"is_trial":false,"path_per_floor":["M","M","?","M","M","R","M","E","T","$","?","R","E","M","R","B"],"character_chosen":"DEFECT","items_purchased":["ReplayTheSpireMod:CursedCoin","Consume","aspiration:StickyExplosives_weak"],"campfire_rested":0,"item_purchase_floors":[10,10,10],"current_hp_per_floor":[63,63,63,63,54,54,43,26,26,41,41,41,43,28,28,0,0],"gold":90,"neow_bonus":"UPGRADE_CARD","is_daily":false,"chose_seed":false,"campfire_upgraded":3,"win_rate":0.0,"timestamp":1609552220,"path_taken":["M","M","?","M","?","R","M","E","T","?","?","R","E","M","R","BOSS"],"items_purchased_type":["Relic","Card","Relic"],"build_version":"2020-12-22","purchased_purges":1,"victory":false,"max_hp_per_floor":[75,75,75,75,75,75,75,75,75,75,75,75,75,75,75,75,75],"card_choices":[{"not_picked":["Hologram","Rebound","Panic Button"],"picked":"SKIP","floor":1},{"not_picked":["Barrage","ReplaySolidLightProjector"],"picked":"Genetic Algorithm","floor":2},{"not_picked":["Conserve Battery","Biased Cognition"],"picked":"Sweeping Beam","floor":4},{"not_picked":["Stack","Turbo"],"picked":"Crystallizer","floor":5},{"not_picked":["Go for the Eyes","Beam Cell"],"picked":"Coolheaded","floor":7},{"not_picked":["Double Energy","hubris:Ukulele"],"picked":"Glacier","floor":8},{"not_picked":["Streamline","Double Energy","Coolheaded"],"picked":"SKIP","floor":13},{"not_picked":["Aggregate","Streamline"],"picked":"Blizzard","floor":14}],"player_experience":110423,"relics_obtained":[{"floor":8,"key":"MealTicket"},{"floor":9,"key":"Solar Panel"},{"floor":13,"key":"Shovel"}],"event_choices":[{"damage_healed":0,"gold_gain":0,"player_choice":"Got Potions","damage_taken":0,"max_hp_gain":0,"max_hp_loss":0,"event_name":"Lab","floor":3,"gold_loss":0}],"is_beta":false,"boss_relics":[],"items_purged_floors":[10],"is_endless":false,"potions_floor_spawned":[2,5,7,14],"killed_by":"Slime Boss","ascension_level":2}}