{"host":"j204k34h42bd6fas","time":1609629251,"event":{"mods":["Aspiration","BaseMod","Colored Map","Colored Powertips","Conspire","Energized Spire","Hubris","Infinite Spire","JesterMod","Mimic Mod","Minty Spire (QoL Compilation)","Rare Cards Sparkle","Relic Stats","Replay The Spire","Say the Spire","StSLib","The Cursed","The Marked"],"gold_per_floor":[11,11,11,26,46,80,80,99,152,152,152,181,199,215,215,314,314,314,314,314,324,10,10,38,38,62,97,97,97,97,151,151,252,252,252,283,296,296,58,58,58,87,87,87,87,87,97,20,20,20],"floor_reached":51,"playtime":2013,"items_purged":[],"score":1014,"play_id":"bb6578bc-30fa-452f-aeec-48a1d3b9ccf4","local_time":"20210102181411","is_ascension_mode":true,"campfire_choices":[{"data":"White Noise","floor":7,"key":"SMITH"},{"floor":10,"key":"REST"},{"floor":15,"key":"REST"},{"floor":23,"key":"REST"},{"floor":28,"key":"REST"},{"floor":30,"key":"REST"},{"floor":32,"key":"REST"},{"floor":41,"key":"REST"},{"floor":45,"key":"DIG"}],"circlet_count":0,"master_deck":["Strike_B","Strike_B","Strike_B","Strike_B","Defend_B","Defend_B","Defend_B","Defend_B","Zap","Dualcast","Ball Lightning","Steam Power","Amplify","White Noise+1","Conserve Battery","Double Energy","hubris:PowerSurge","Ball Lightning","Seek","Conserve Battery","ReplayTheSpireMod:Black Plague","Static Discharge","Creative AI","Electrodynamics","Crow Ritual","Streamline","Steam","ReplayTheSpireMod:Splinters","Rip and Tear","Leap+1","ReplayRNGCard","hubris:PowerSurge","Second Wind","Lockon"],"relics":["Cracked Core","hubris:CuriousFeather","Replay:WaspNest","infinitespire:Satchel","Blood Vial","Bottled Lightning","energizedSpire:EnergizedDie","Replay:Multitool","infinitespire:CheckeredPen","Art of War","Replay:Bottled Flurry","FossilizedHelix","conspire:DeflatedDodgeball","Busted Crown","hubris:AstralHammer","Mirror","hubris:DisguiseKit","conspire:BottledYoYo","hubris:TinFlute","InkBottle"],"acts_visited":["Exordium","TheCity","TheBeyond"],"potions_floor_usage":[29,29,29,33,33,40],"damage_taken":[{"damage":1,"enemies":"Cultist","floor":1,"turns":4},{"damage":1,"enemies":"2 Louse","floor":4,"turns":2},{"damage":9,"enemies":"conspire:RoseBush","floor":5,"turns":2},{"damage":34,"enemies":"Gremlin Nob","floor":6,"turns":4},{"damage":5,"enemies":"Gremlin Gang","floor":8,"turns":3},{"damage":13,"enemies":"3 Sentries","floor":12,"turns":5},{"damage":9,"enemies":"Red Slaver","floor":13,"turns":2},{"damage":5,"enemies":"conspire:2 RoseBushes","floor":14,"turns":3},{"damage":40,"enemies":"Hexaghost","floor":16,"turns":6},{"damage":27,"enemies":"Shell Parasite","floor":18,"turns":5},{"damage":6,"enemies":"3 Byrds","floor":20,"turns":3},{"damage":28,"enemies":"conspire:HollyBat","floor":21,"turns":5},{"damage":23,"enemies":"Nightmare","floor":24,"turns":6},{"damage":0,"enemies":"Book of Stabbing","floor":27,"turns":6},{"damage":26,"enemies":"Slavers","floor":29,"turns":3},{"damage":48,"enemies":"Automaton","floor":33,"turns":7},{"damage":1,"enemies":"Orb Walker","floor":35,"turns":3},{"damage":8,"enemies":"conspire:MimicChest","floor":36,"turns":4},{"damage":11,"enemies":"3 Shapes","floor":37,"turns":2},{"damage":14,"enemies":"Jaw Worm Horde","floor":38,"turns":5},{"damage":25,"enemies":"Reptomancer","floor":40,"turns":3},{"damage":13,"enemies":"Nemesis","floor":42,"turns":5},{"damage":0,"enemies":"3 Darklings","floor":47,"turns":3},{"damage":34,"enemies":"hubris:GrandSnecko","floor":50,"turns":7}],"seed_played":"-3969219027305185677","potions_obtained":[{"floor":3,"key":"SkillPotion"},{"floor":3,"key":"Languid Potion"},{"floor":3,"key":"Venom Potion"},{"floor":29,"key":"EntropicBrew"},{"floor":35,"key":"ColorlessPotion"},{"floor":37,"key":"infinitespire:BlackPotion"},{"floor":40,"key":"LifebloodPotion"},{"floor":42,"key":"Fire Potion"}],"is_trial":false,"path_per_floor":["M","?","?","M","M","E","R","M","T","R","?","E","M","M","R","B",null,"M","AVR","M","M","$","R","NM","$","T","E","R","E","R","?","R","B",null,"M","?","M","M","$","E","R","E","T","?","R","?","M","$","R","B",null],"character_chosen":"DEFECT","items_purchased":["Electrodynamics","Crow Ritual","Mirror","Lockon"],"campfire_rested":7,"item_purchase_floors":[22,22,39,48],"current_hp_per_floor":[74,74,74,73,64,30,30,25,25,47,47,36,29,26,48,10,59,34,34,30,4,4,26,5,5,5,7,29,5,27,27,49,3,57,58,52,43,31,31,8,30,19,19,66,66,66,66,66,66,32],"gold":20,"neow_bonus":"ONE_RARE_RELIC","is_daily":false,"chose_seed":false,"campfire_upgraded":1,"win_rate":0.0,"timestamp":1609629251,"path_taken":["M","?","?","M","M","E","R","?","T","R","?","E","M","M","R","BOSS","M","AVR","M","?","?","R","NM","$","T","E","R","E","R","?","R","BOSS","M","?","?","M","$","E","R","E","T","?","R","?","M","?","R","BOSS"],"items_purchased_type":["Card","Card","Relic","Card"],"build_version":"2020-12-22","purchased_purges":0,"victory":true,"max_hp_per_floor":[75,75,75,75,75,75,75,75,75,75,75,75,75,75,75,75,75,75,75,75,75,75,75,75,75,75,75,75,75,75,75,75,75,75,75,75,75,75,75,75,75,75,75,66,66,66,66,66,66,66],"relic_stats":{"Blood Vial":34,"Busted Crown":16,"counters":[24,98],"Art of War":[11],"obtain_stats":[{"hubris:DisguiseKit":40,"energizedSpire:EnergizedDie":17,"Replay:WaspNest":2,"Replay:Multitool":19,"infinitespire:CheckeredPen":24,"Blood Vial":9,"Busted Crown":34,"hubris:AstralHammer":36,"infinitespire:Satchel":6,"hubris:CuriousFeather":0,"Art of War":26,"Replay:Bottled Flurry":27,"conspire:BottledYoYo":42,"Bottled Lightning":12,"conspire:DeflatedDodgeball":31,"Cracked Core":0,"Mirror":39,"FossilizedHelix":29,"hubris:TinFlute":43,"InkBottle":45},{"hubris:DisguiseKit":21,"energizedSpire:EnergizedDie":9,"Replay:WaspNest":1,"Replay:Multitool":10,"infinitespire:CheckeredPen":13,"Blood Vial":5,"Busted Crown":16,"hubris:AstralHammer":18,"infinitespire:Satchel":4,"hubris:CuriousFeather":0,"Art of War":13,"Replay:Bottled Flurry":14,"conspire:BottledYoYo":22,"Bottled Lightning":6,"conspire:DeflatedDodgeball":15,"Cracked Core":0,"Mirror":20,"FossilizedHelix":15,"hubris:TinFlute":22,"InkBottle":22},{"hubris:DisguiseKit":83,"energizedSpire:EnergizedDie":31,"Replay:WaspNest":4,"Replay:Multitool":36,"infinitespire:CheckeredPen":50,"Blood Vial":15,"Busted Crown":66,"hubris:AstralHammer":73,"infinitespire:Satchel":12,"hubris:CuriousFeather":0,"Art of War":50,"Replay:Bottled Flurry":56,"conspire:BottledYoYo":88,"Bottled Lightning":20,"conspire:DeflatedDodgeball":59,"Cracked Core":0,"Mirror":80,"FossilizedHelix":59,"hubris:TinFlute":88,"InkBottle":88}],"InkBottle":[5]},"card_choices":[{"not_picked":["Leap","Beam Cell"],"picked":"Ball Lightning","floor":1},{"not_picked":["ReplayTheSpireMod:Dual Polarity","ReplayTheSpireMod:Calculation Training"],"picked":"Steam Power","floor":4},{"not_picked":["Chill","Time Bomb"],"picked":"Amplify","floor":5},{"not_picked":["Glacier","Darkness"],"picked":"White Noise","floor":6},{"not_picked":["BootSequence","ReplayTheSpireMod:System Scan"],"picked":"Conserve Battery","floor":8},{"not_picked":["Coolheaded","Panic Button"],"picked":"Double Energy","floor":12},{"not_picked":["Coolheaded","Hologram"],"picked":"hubris:PowerSurge","floor":13},{"not_picked":["Force Field","BasicCrystalCard"],"picked":"Ball Lightning","floor":14},{"not_picked":["Core Surge","All For One"],"picked":"Seek","floor":16},{"not_picked":["Stack","Hologram"],"picked":"Conserve Battery","floor":18},{"not_picked":["Barrage+1","Steam+1"],"picked":"Static Discharge","floor":20},{"not_picked":["Doom and Gloom","Glacier+1"],"picked":"Creative AI","floor":21},{"not_picked":["conspire:Rain","BasicCrystalCard"],"picked":"Streamline","floor":24},{"not_picked":["Compile Driver","Gash"],"picked":"Steam","floor":27},{"not_picked":["Gash","Auto Shields+1","Redo"],"picked":"SKIP","floor":29},{"not_picked":["Stack+1","ReplayTheSpireMod:Repulse"],"picked":"Rip and Tear","floor":31},{"not_picked":["Go for the Eyes","ReplayTheSpireMod:Calculation Training+1"],"picked":"Leap+1","floor":31},{"not_picked":["hubris:Prefetch","Mirror Shield"],"picked":"ReplayRNGCard","floor":33},{"not_picked":["ReplayTheSpireMod:System Scan"],"picked":"SKIP","floor":35},{"not_picked":[],"picked":"hubris:PowerSurge","floor":37},{"not_picked":["Steam"],"picked":"SKIP","floor":38},{"not_picked":["Blizzard+1"],"picked":"SKIP","floor":40},{"not_picked":["Hologram+1","Run Through"],"picked":"SKIP","floor":42},{"not_picked":["BootSequence"],"picked":"Second Wind","floor":47}],"player_experience":325784,"relics_obtained":[{"floor":2,"key":"Replay:WaspNest"},{"floor":6,"key":"infinitespire:Satchel"},{"floor":9,"key":"Blood Vial"},{"floor":12,"key":"Bottled Lightning"},{"floor":24,"key":"infinitespire:CheckeredPen"},{"floor":26,"key":"Art of War"},{"floor":27,"key":"Replay:Bottled Flurry"},{"floor":29,"key":"FossilizedHelix"},{"floor":31,"key":"conspire:DeflatedDodgeball"},{"floor":36,"key":"hubris:AstralHammer"},{"floor":40,"key":"hubris:DisguiseKit"},{"floor":42,"key":"conspire:BottledYoYo"},{"floor":43,"key":"hubris:TinFlute"},{"floor":45,"key":"InkBottle"}],"event_choices":[{"damage_healed":0,"gold_gain":0,"player_choice":"Got Potions","damage_taken":0,"max_hp_gain":0,"max_hp_loss":0,"event_name":"Lab","floor":3,"gold_loss":0},{"damage_healed":0,"gold_gain":0,"player_choice":"Ignored","damage_taken":0,"max_hp_gain":0,"max_hp_loss":0,"event_name":"Transmorgrifier","floor":11,"gold_loss":0},{"damage_healed":66,"gold_gain":0,"player_choice":"Heal","damage_taken":0,"max_hp_gain":0,"max_hp_loss":9,"event_name":"The Moai Head","floor":44,"gold_loss":0}],"is_beta":false,"boss_relics":[{"not_picked":["hubris:HollowSoul","Black Star"],"picked":"energizedSpire:EnergizedDie"},{"not_picked":["Astrolabe","Tiny House"],"picked":"Busted Crown"}],"items_purged_floors":[],"is_endless":false,"potions_floor_spawned":[4,6,12,20,29,35,37,40,42,47],"ascension_level":5}}