{"host":"11g01tw13uj1d3ik","time":1609555635,"event":{"mods":["BaseMod","Colored Map","DeckTracker","Googly Eyes","Hermit","Hubris","Mimic Mod","Minty Spire (QoL Compilation)","Replay The Spire","StSLib","SuperFastMode","The Alterego","The Factory","Waifu the Spire","everything is the same but u backflip on backflip","slay the spire mod where everything is the same but ironclad has a cowboy hat"],"gold_per_floor":[113,113,113,125,300,329,20,49,96,96,119,164,164,164,164,271,271,311,354,405,437,465,547,547,617,617,617,617,617,617,633,633],"floor_reached":31,"playtime":2034,"items_purged":[],"score":300,"play_id":"bd66146c-8ebc-4021-b6af-6e292c62cd17","local_time":"20210102034715","is_ascension_mode":false,"campfire_choices":[{"data":"hermit:Dive","floor":10,"key":"SMITH"},{"data":"hermit:Brawl","floor":13,"key":"SMITH"},{"data":"hermit:Quickdraw","floor":15,"key":"SMITH"},{"floor":24,"key":"REST"},{"data":"hermit:Manifest","floor":28,"key":"SMITH"}],"circlet_count":0,"master_deck":["hermit:Strike_Hermit+1","hermit:Strike_Hermit+1","hermit:Strike_Hermit+1","hermit:Strike_Hermit+1","hermit:Defend_Hermit+1","hermit:Defend_Hermit+1","hermit:Defend_Hermit+1","hermit:Defend_Hermit+1","hermit:Snapshot","hermit:Covet+1","hermit:ItchyTrigger","hermit:Glare","Doubt","hermit:Quickdraw+1","hermit:Dive+1","hermit:DeadOrAlive","hermit:Brawl+1","hermit:FromBeyond","hermit:Brawl","hermit:Glare+1","hermit:GoldenBullet+1","hermit:Combo","hermit:Feint+1","hermit:Manifest+1","hermit:Desperado+1","Pain","RitualDagger"],"relics":["hermit:Momento","NeowsBlessing","hubris:Towel","Replay:Mystery Machine","ClockworkSouvenir","Replay:Bandana","ReplayTheSpireMod:TigerMarble","Cursed Key","Nunchaku","hubris:BottledRain","Orichalcum","hubris:Icosahedron"],"acts_visited":["Exordium","TheCity"],"potions_floor_usage":[16,16,20,23,23,23,25],"damage_taken":[{"damage":0,"enemies":"Cultist","floor":1,"turns":1},{"damage":0,"enemies":"2 Louse","floor":4,"turns":1},{"damage":0,"enemies":"Gremlin Nob","floor":6,"turns":1},{"damage":0,"enemies":"Small Slimes","floor":8,"turns":2},{"damage":4,"enemies":"Blue Slaver","floor":11,"turns":3},{"damage":10,"enemies":"Exordium Thugs","floor":12,"turns":4},{"damage":7,"enemies":"Fading Forest","floor":16,"turns":11},{"damage":9,"enemies":"Shell Parasite","floor":18,"turns":4},{"damage":13,"enemies":"3 Byrds","floor":19,"turns":6},{"damage":22,"enemies":"3 Cultists","floor":20,"turns":6},{"damage":11,"enemies":"Snecko","floor":21,"turns":3},{"damage":2,"enemies":"Snake Plant","floor":22,"turns":2},{"damage":8,"enemies":"Slavers","floor":23,"turns":9},{"damage":4,"enemies":"Replay:Snechameleon","floor":25,"turns":6},{"damage":28,"enemies":"Chosen and Byrds","floor":31,"turns":8}],"seed_played":"5312079768225117609","potions_obtained":[{"floor":1,"key":"EssenceOfSteel"},{"floor":8,"key":"Venom Potion"},{"floor":12,"key":"Elixir"},{"floor":16,"key":"Energy Potion"},{"floor":21,"key":"LifebloodPotion"},{"floor":22,"key":"Weak Potion"},{"floor":23,"key":"PowerPotion"}],"is_trial":false,"path_per_floor":["M","?","?","M","?","E","$","M","T","R","M","M","R","$","R","B",null,"M","M","M","M","M","E","R","E","T","?","R","?","?","M"],"character_chosen":"HERMIT","items_purchased":["ClockworkSouvenir","Replay:Bandana"],"campfire_rested":1,"item_purchase_floors":[7,7],"current_hp_per_floor":[75,60,60,60,60,60,60,60,60,60,56,46,46,46,46,61,75,66,53,31,20,18,10,32,28,28,28,28,28,22,0,0],"gold":633,"neow_bonus":"THREE_ENEMY_KILL","is_daily":false,"chose_seed":false,"campfire_upgraded":4,"win_rate":0.0,"timestamp":1609555635,"path_taken":["M","?","?","M","?","E","?","?","T","R","M","M","R","$","R","BOSS","M","M","M","M","M","E","R","E","T","?","R","?","?","M"],"items_purchased_type":["Relic","Relic"],"build_version":"2020-12-22","purchased_purges":0,"victory":false,"max_hp_per_floor":[75,75,75,75,75,75,75,75,75,75,75,75,75,75,75,75,75,75,75,75,75,75,75,75,75,75,75,75,75,75,75,75],"card_choices":[{"not_picked":["hermit:LoneWolf","hermit:Snipe"],"picked":"hermit:ItchyTrigger","floor":1},{"not_picked":["hermit:ShadowCloak","hermit:TrackingShot"],"picked":"hermit:Glare","floor":4},{"not_picked":["hermit:BodyArmor","hermit:EyeOfTheStorm"],"picked":"hermit:Quickdraw","floor":6},{"not_picked":["hermit:Brawl","hermit:Ricochet"],"picked":"hermit:Dive","floor":8},{"not_picked":["hermit:BodyArmor","hermit:Coalescence"],"picked":"hermit:DeadOrAlive","floor":11},{"not_picked":["hermit:Feint","hermit:WideOpen"],"picked":"hermit:Brawl","floor":12},{"not_picked":["hermit:Adapt","hermit:EternalForm"],"picked":"hermit:FromBeyond","floor":16},{"not_picked":["hermit:PistolWhip","hermit:HighCaliber"],"picked":"hermit:Brawl","floor":18},{"not_picked":["hermit:Snipe","hermit:Cheat"],"picked":"hermit:Glare+1","floor":19},{"not_picked":["hermit:Combo","hermit:Shortfuse"],"picked":"hermit:GoldenBullet+1","floor":20},{"not_picked":["hermit:GhostlyPresence","hermit:CalledShot"],"picked":"hermit:Combo","floor":21},{"not_picked":["hermit:Quickdraw+1","hermit:ShadowCloak"],"picked":"hermit:Feint+1","floor":22},{"not_picked":["hermit:NoHoldsBarred+1","hermit:Cheat"],"picked":"hermit:Manifest","floor":23},{"not_picked":["hermit:Glare","hermit:Misfire"],"picked":"hermit:Desperado+1","floor":25}],"player_experience":932917,"relics_obtained":[{"floor":6,"key":"Replay:Mystery Machine"},{"floor":9,"key":"ReplayTheSpireMod:TigerMarble"},{"floor":23,"key":"Nunchaku"},{"floor":25,"key":"hubris:BottledRain"},{"floor":26,"key":"Orichalcum"}],"event_choices":[{"damage_healed":0,"gold_gain":0,"player_choice":"Entered Light","damage_taken":15,"max_hp_gain":0,"max_hp_loss":0,"event_name":"Shining Light","floor":2,"gold_loss":0,"cards_upgraded":["hermit:Strike_Hermit","hermit:Covet"]},{"damage_healed":0,"gold_gain":175,"player_choice":"AGREE","damage_taken":0,"max_hp_gain":0,"max_hp_loss":0,"event_name":"Liars Game","floor":5,"gold_loss":0,"cards_obtained":["Doubt"]},{"damage_healed":0,"gold_gain":0,"player_choice":"Simplicity","damage_taken":0,"max_hp_gain":0,"max_hp_loss":0,"event_name":"Back to Basics","floor":27,"gold_loss":0,"cards_upgraded":["hermit:Strike_Hermit","hermit:Strike_Hermit","hermit:Strike_Hermit","hermit:Defend_Hermit","hermit:Defend_Hermit","hermit:Defend_Hermit","hermit:Defend_Hermit"]},{"damage_healed":0,"gold_gain":0,"player_choice":"Joined the Cult","damage_taken":6,"max_hp_gain":0,"max_hp_loss":0,"event_name":"Nest","floor":30,"gold_loss":0,"cards_obtained":["RitualDagger"]}],"is_beta":false,"boss_relics":[{"not_picked":["Painkiller Herb","SacredBark"],"picked":"Cursed Key"}],"items_purged_floors":[],"is_endless":false,"potions_floor_spawned":[1,8,12,16,21,22,23],"killed_by":"Chosen and Byrds","ascension_level":0}}