{"host":"7t8rqoeeopyy0nh0","time":1609622805,"event":{"mods":["AchievementEnabler","BaseMod","Better Third Choice","BetterRewards","Colored Map","Colored Powertips","Conspire","Downfall","Hubris","Infinite Spire","Minty Spire (QoL Compilation)","Permanent Neow","Quick Restart","Rare Cards Sparkle","Replay The Spire","StSLib","The Jungle","The Servant 0.9.4"],"gold_per_floor":[112,132,143,72,84,109,109,135,135,150,150,30,30,49,49,146,146,156,156,6,18,65,65,77,87,110,110,53,71,101,121,121,224,224,237,290,290,290],"floor_reached":37,"playtime":2222,"items_purged":["Strike_S"],"score":466,"play_id":"eefb99c1-9aa5-4a0f-bee9-020db5835f2e","local_time":"20210102162645","is_ascension_mode":false,"campfire_choices":[{"data":"SilverBlades","floor":7,"key":"SMITH"},{"data":"KidneyShot","floor":11,"key":"SMITH"},{"data":"Starlight","floor":15,"key":"SMITH"},{"data":"FlawlessForm","floor":23,"key":"SMITH"},{"data":"Ricochet","floor":27,"key":"SMITH"},{"floor":32,"key":"REST"}],"circlet_count":0,"master_deck":["Strike_S","Defend_S","Defend_S","Defend_S","Defend_S","KidneyShot+1","Exchange","Alleviate","Ricochet+1","SilverBlades+1","Rearm","Luminosity","InstantArmor","Starlight+1","BottledTime","FlawlessForm+1","Spin+1","BestPractice+1","Sabotage","DoubleEdge","Dilation","Reset+1"],"relics":["Uniform","infinitespire:Lychee Nut","Akabeko","conspire:Flyswatter","Replay:Grab Bag","Busted Crown","Sozu","hubris:ScarierMask","Empty Cage","conspire:TreasureMap","Tiny Chest","conspire:BottledYoYo","hubris:TerracottaHorce","hubris:Spice"],"acts_visited":["Exordium","Exordium","TheBeyond"],"potions_floor_usage":[6,6,25,37],"damage_taken":[{"damage":2,"enemies":"Cultist","floor":1,"turns":6},{"damage":0,"enemies":"2 Louse","floor":2,"turns":2},{"damage":1,"enemies":"Jaw Worm","floor":3,"turns":4},{"damage":4,"enemies":"Looter","floor":5,"turns":4},{"damage":0,"enemies":"Lagavulin","floor":6,"turns":8},{"damage":0,"enemies":"3 Louse","floor":10,"turns":1},{"damage":7,"enemies":"Exordium Thugs","floor":14,"turns":3},{"damage":28,"enemies":"The Guardian","floor":16,"turns":13},{"damage":0,"enemies":"theJungle:Flameango_and_Byrd","floor":18,"turns":4},{"damage":0,"enemies":"theJungle:GiantWrat","floor":21,"turns":3},{"damage":10,"enemies":"conspire:MimicChest","floor":22,"turns":9},{"damage":11,"enemies":"theJungle:SlimyTreeVines","floor":24,"turns":7},{"damage":0,"enemies":"theJungle:Lyon","floor":25,"turns":3},{"damage":0,"enemies":"theJungle:JungleHuntersEncounter","floor":29,"turns":2},{"damage":34,"enemies":"Nightmare","floor":30,"turns":7},{"damage":0,"enemies":"theJungle:SlimyTreeVines","floor":31,"turns":4},{"damage":0,"enemies":"theJungle:QueenSpyder","floor":33,"turns":8},{"damage":0,"enemies":"3 Darklings","floor":35,"turns":4},{"damage":0,"enemies":"2 Orb Walkers","floor":36,"turns":4},{"damage":0,"enemies":"infinitespire:Three Voidlings","floor":37,"turns":3},{"damage":59,"enemies":"Nightmare_Alpha","floor":37,"turns":6}],"seed_played":"4990614646193123335","potions_obtained":[{"floor":1,"key":"CultistPotion"},{"floor":3,"key":"Adrenaline Potion"},{"floor":10,"key":"FearPotion"},{"floor":13,"key":"LiquidMemories"},{"floor":13,"key":"Dexterity Potion"}],"is_trial":false,"path_per_floor":["M","M","M","$","M","E","R","T","T","M","R","$","?","M","R","B",null,"M","?","$","M","?","R","M","M","T","R","$","M","NM","M","R","B",null,"M","?","?"],"character_chosen":"THE_SERVANT","items_purchased":["Luminosity","Starlight","conspire:TreasureMap","BestPractice+1"],"campfire_rested":1,"item_purchase_floors":[4,12,20,28],"current_hp_per_floor":[63,63,62,62,58,48,48,48,48,48,48,48,48,43,43,20,48,48,36,36,41,37,37,37,42,42,42,42,45,14,26,40,46,48,48,56,0,0],"gold":290,"neow_bonus":"RANDOM_EVENT","is_daily":false,"chose_seed":false,"campfire_upgraded":5,"win_rate":0.0,"timestamp":1609622805,"path_taken":["M","M","M","$","M","E","R","?","T","M","R","$","?","?","R","BOSS","M","?","$","M","?","R","M","M","T","R","$","M","NM","M","R","BOSS","M","?","?"],"items_purchased_type":["Card","Card","Relic","Card"],"build_version":"2020-12-22","purchased_purges":1,"victory":false,"max_hp_per_floor":[65,65,65,65,65,48,48,48,48,48,48,48,48,48,48,48,48,48,48,48,48,48,48,48,48,48,48,48,48,48,48,48,48,48,48,56,56,56],"card_choices":[{"not_picked":["FastForward","Rewind"],"picked":"Ricochet","floor":1},{"not_picked":["Starlight","Shuttle"],"picked":"SilverBlades","floor":2},{"not_picked":["InstantArmor","TimeWarp"],"picked":"Rearm","floor":3},{"not_picked":["DualDimension","Spin"],"picked":"InstantArmor","floor":5},{"not_picked":["Read","ShatteredReality","Spin"],"picked":"SKIP","floor":6},{"not_picked":["Replace","BottledTime","DualDimension"],"picked":"SKIP","floor":10},{"not_picked":["Rewind","FastForward"],"picked":"BottledTime","floor":14},{"not_picked":["Sunlight","SoulSculpture"],"picked":"FlawlessForm","floor":16},{"not_picked":["Unruled"],"picked":"SKIP","floor":18},{"not_picked":["Luminosity"],"picked":"SKIP","floor":21},{"not_picked":["Shuttle"],"picked":"SKIP","floor":24},{"not_picked":[],"picked":"Spin+1","floor":25},{"not_picked":["Spin"],"picked":"SKIP","floor":29},{"not_picked":[],"picked":"Sabotage","floor":30},{"not_picked":[],"picked":"DoubleEdge","floor":31},{"not_picked":[],"picked":"Dilation","floor":33},{"not_picked":[],"picked":"Reset+1","floor":35}],"player_experience":373737,"relics_obtained":[{"floor":6,"key":"infinitespire:Lychee Nut"},{"floor":8,"key":"Akabeko"},{"floor":9,"key":"conspire:Flyswatter"},{"floor":22,"key":"Tiny Chest"},{"floor":30,"key":"conspire:BottledYoYo"},{"floor":36,"key":"hubris:Spice"}],"event_choices":[{"damage_healed":0,"gold_gain":0,"player_choice":"Got Potions","damage_taken":0,"max_hp_gain":0,"max_hp_loss":0,"event_name":"Lab","floor":13,"gold_loss":0},{"damage_healed":0,"gold_gain":0,"player_choice":"Fight","damage_taken":0,"max_hp_gain":0,"max_hp_loss":0,"event_name":"Mysterious Sphere","floor":36,"gold_loss":0}],"is_beta":false,"boss_relics":[{"not_picked":["conspire:RunicOctahedron","Replay:Drink Me"],"picked":"Replay:Grab Bag"},{"not_picked":["infinitespire:Cupcake","Replay:Bronze Core"],"picked":"Busted Crown"},{"not_picked":["Replay:Fungal Core","hubris:GrandSneckoEye"],"picked":"Sozu"},{"not_picked":["Kintsugi","Astrolabe"],"picked":"hubris:ScarierMask"},{"not_picked":["Ring of Chaos","SacredBark"],"picked":"Empty Cage"},{"not_picked":["Abe\u0027s Treasure","Cursed Key"],"picked":"hubris:TerracottaHorce"}],"items_purged_floors":[12],"is_endless":true,"potions_floor_spawned":[1,3,10,18,21,25,29,36],"killed_by":"Nightmare_Alpha","ascension_level":0}}