{"host":"1eo5f82aifdzd7pr","time":1609607000,"event":{"mods":["AchievementEnabler","BaseMod","Colored Map","Colored Powertips","DeckTracker","Marisa????????","Minty Spire (QoL Compilation)","StSLib","SuperFastMode"],"gold_per_floor":[11,27,27,50,50,50,86,86,86,109,128,128,142,163,163,261,261,281,302,302,302],"floor_reached":20,"playtime":821,"items_purged":[],"score":386,"play_id":"70da84ea-f84a-455f-8737-c02a0c5ae6ab","local_time":"20210102190320","is_ascension_mode":true,"campfire_choices":[{"data":"Eruption","floor":6.0,"key":"SMITH"},{"data":"WheelKick","floor":8.0,"key":"SMITH"},{"data":"Vigilance","floor":12.0,"key":"SMITH"},{"data":"Defend_P","floor":15.0,"key":"SMITH"}],"circlet_count":0,"master_deck":["AscendersBane","Strike_P","Strike_P","Strike_P","Strike_P","Defend_P+1","Defend_P","Defend_P","Defend_P","Eruption+1","Vigilance+1","WheelKick+1","ReachHeaven+1","SandsOfTime+1","Wallop+1","Wish"],"relics":["HolyWater","Golden Idol","Molten Egg 2","Ancient Tea Set"],"acts_visited":["Exordium","TheCity"],"potions_floor_usage":[],"damage_taken":[{"damage":0.0,"enemies":"2 Louse","floor":1.0,"turns":3.0},{"damage":8.0,"enemies":"Small Slimes","floor":2.0,"turns":3.0},{"damage":0.0,"enemies":"Cultist","floor":4.0,"turns":2.0},{"damage":0.0,"enemies":"Lagavulin","floor":7.0,"turns":2.0},{"damage":0.0,"enemies":"Exordium Thugs","floor":10.0,"turns":5.0},{"damage":0.0,"enemies":"Large Slime","floor":11.0,"turns":2.0},{"damage":2.0,"enemies":"Exordium Wildlife","floor":13.0,"turns":3.0},{"damage":0.0,"enemies":"Looter","floor":14.0,"turns":2.0},{"damage":20.0,"enemies":"Hexaghost","floor":16.0,"turns":7.0},{"damage":0.0,"enemies":"Chosen","floor":18.0,"turns":2.0},{"damage":57.0,"enemies":"3 Byrds","floor":19.0,"turns":8.0},{"damage":20,"enemies":"Snake Plant","floor":20,"turns":3}],"seed_played":"5114453323709633247","potions_obtained":[{"floor":1.0,"key":"LiquidMemories"},{"floor":2.0,"key":"Fire Potion"},{"floor":7.0,"key":"Weak Potion"},{"floor":13.0,"key":"Block Potion"}],"is_trial":false,"path_per_floor":["M","M","?","M","?","R","E","R","T","M","M","R","M","M","R","B",null,"M","M","M"],"character_chosen":"WATCHER","items_purchased":[],"campfire_rested":0,"item_purchase_floors":[],"current_hp_per_floor":[73,65,37,37,80,80,80,80,80,80,80,80,78,78,78,58,75,75,18,0,0],"gold":302,"neow_bonus":"TWENTY_PERCENT_HP_BONUS","is_daily":false,"chose_seed":false,"campfire_upgraded":4,"win_rate":0.0,"timestamp":1609607000,"path_taken":["M","M","?","M","?","R","E","R","T","M","M","R","M","M","R","BOSS","M","M","M"],"items_purchased_type":[],"build_version":"2020-12-22","purchased_purges":0,"victory":false,"max_hp_per_floor":[80,80,80,80,80,80,80,80,80,80,80,80,80,80,80,80,80,80,80,80,80],"card_choices":[{"not_picked":["Conclude","CrushJoints","WindmillStrike"],"picked":"SKIP","floor":1.0},{"not_picked":["Evaluate","Crescendo"],"picked":"WheelKick","floor":2.0},{"not_picked":["EmptyFist","BowlingBash","SashWhip"],"picked":"SKIP","floor":4.0},{"not_picked":["Perseverance","EmptyBody","EmptyFist+1"],"picked":"SKIP","floor":7.0},{"not_picked":["Alpha","FollowUp+1","EmptyBody"],"picked":"SKIP","floor":10.0},{"not_picked":["ThirdEye","Conclude+1"],"picked":"ReachHeaven+1","floor":11.0},{"not_picked":["Halt","ClearTheMind"],"picked":"SandsOfTime+1","floor":13.0},{"not_picked":["Evaluate","Protect"],"picked":"Wallop+1","floor":14.0},{"not_picked":["Establishment","LessonLearned+1"],"picked":"Wish","floor":16.0},{"not_picked":["Halt","Nirvana","CrushJoints+1"],"picked":"SKIP","floor":18.0},{"not_picked":["FlyingSleeves+1","EmptyFist+1","Indignation"],"picked":"SKIP","floor":19.0}],"player_experience":751258,"relics_obtained":[{"floor":7.0,"key":"Molten Egg 2"},{"floor":9.0,"key":"Ancient Tea Set"}],"event_choices":[{"damage_healed":0.0,"max_hp_gain":0.0,"max_hp_loss":0.0,"gold_gain":0.0,"event_name":"Golden Idol","player_choice":"Take Damage","floor":3.0,"gold_loss":0.0,"damage_taken":28.0,"relics_obtained":["Golden Idol"]},{"damage_healed":43.0,"max_hp_gain":0.0,"max_hp_loss":0.0,"gold_gain":0.0,"event_name":"Wheel of Change","player_choice":"Full Heal","floor":5.0,"gold_loss":0.0,"damage_taken":0.0}],"is_beta":false,"boss_relics":[{"not_picked":["Astrolabe","Black Star"],"picked":"HolyWater"}],"items_purged_floors":[],"is_endless":false,"potions_floor_spawned":[1,2,7,13,14],"killed_by":"Snake Plant","ascension_level":18}}