{"host":"zekcc3vicrep0och","time":1609620681,"event":{"mods":["AchievementEnabler","BaseMod","Colored Map","Colored Powertips","Displayed Cursed Tome","Highlight Path","Minty Spire (QoL Compilation)","Quick Restart","Relic Stats","StSLib","The Cursed"],"gold_per_floor":[114,114,114,137,12,45,82,50,130,192,218,248,273,311,323,428,503,535,562,598,610,622,634,669,720,756,789,801,852,864,876,888,990,1002,1033,1061,1073,1109,570,570,17,17,17,60,60,60,95,119,119,119],"floor_reached":51,"playtime":3018,"items_purged":["Injury","Writhe","Strike_G"],"score":1396,"play_id":"ab6b909f-e431-40e8-b102-422a591cfa6e","local_time":"20210102235121","is_ascension_mode":true,"campfire_choices":[{"floor":15.0,"key":"REST"},{"data":"Noxious Fumes","floor":23.0,"key":"SMITH"},{"floor":30.0,"key":"REST"},{"data":"After Image","floor":32.0,"key":"SMITH"},{"floor":40.0,"key":"REST"},{"floor":42.0,"key":"REST"},{"data":"Envenom","floor":45.0,"key":"SMITH"},{"data":"Adrenaline","floor":49,"key":"SMITH"}],"circlet_count":0,"master_deck":["AscendersBane","Strike_G","Strike_G","Defend_G+1","Defend_G","Defend_G","Defend_G","Defend_G","Survivor","Neutralize","Dagger Spray","Burst+1","Reflex","Cloak And Dagger","Dash","Blade Dance+1","Noxious Fumes+1","Escape Plan","Venomology","Backflip","Adrenaline+1","Dodge and Roll","Crippling Poison","Slice+1","Terror+1","Deadly Poison+1","After Image+1","Venomology+1","PiercingWail+1","Bullet Time+1","Prepared+1","Expertise+1","Deflect+1","Slice","Cloak And Dagger+1","PanicButton+1","Apotheosis+1","Outmaneuver+1","Envenom+1","Blur+1","Parasite"],"relics":["Ring of the Snake","Lantern","Golden Idol","MawBank","Kunai","Potion Belt","Tiny House","Tiny Chest","Boot","War Paint","Ginger","Toxic Egg 2","WristBlade","InkBottle","OrangePellets","Shuriken","Happy Flower","Blue Candle","Akabeko"],"acts_visited":["Exordium","TheCity","TheBeyond"],"potions_floor_usage":[47,47,47,50,50,50,50,50,50,50],"damage_taken":[{"damage":1.0,"enemies":"Small Slimes","floor":1.0,"turns":3.0},{"damage":0.0,"enemies":"Cultist","floor":4.0,"turns":4.0},{"damage":51.0,"enemies":"Lagavulin","floor":6.0,"turns":9.0},{"damage":0.0,"enemies":"Jaw Worm","floor":7.0,"turns":3.0},{"damage":0.0,"enemies":"Gremlin Gang","floor":11.0,"turns":4.0},{"damage":0.0,"enemies":"Blue Slaver","floor":12.0,"turns":3.0},{"damage":3.0,"enemies":"Exordium Wildlife","floor":13.0,"turns":4.0},{"damage":22.0,"enemies":"The Guardian","floor":16.0,"turns":16.0},{"damage":1.0,"enemies":"Shell Parasite","floor":18.0,"turns":8.0},{"damage":0.0,"enemies":"3 Byrds","floor":19.0,"turns":5.0},{"damage":4.0,"enemies":"Centurion and Healer","floor":20.0,"turns":8.0},{"damage":3.0,"enemies":"Cultist and Chosen","floor":24.0,"turns":5.0},{"damage":13.0,"enemies":"Gremlin Leader","floor":25.0,"turns":5.0},{"damage":22.0,"enemies":"Chosen and Byrds","floor":27.0,"turns":7.0},{"damage":3.0,"enemies":"Slavers","floor":29.0,"turns":5.0},{"damage":33.0,"enemies":"Collector","floor":33.0,"turns":12.0},{"damage":0.0,"enemies":"Orb Walker","floor":35.0,"turns":2.0},{"damage":12.0,"enemies":"3 Darklings","floor":36.0,"turns":16.0},{"damage":30.0,"enemies":"Maw","floor":38.0,"turns":10.0},{"damage":0.0,"enemies":"Reptomancer","floor":44.0,"turns":5.0},{"damage":7,"enemies":"Nemesis","floor":47,"turns":5},{"damage":0,"enemies":"Writhing Mass","floor":48,"turns":4},{"damage":24,"enemies":"Time Eater","floor":50,"turns":8}],"seed_played":"671830803500218126","potions_obtained":[{"floor":6.0,"key":"SteroidPotion"},{"floor":7.0,"key":"Explosive Potion"},{"floor":11.0,"key":"AttackPotion"},{"floor":17.0,"key":"SkillPotion"},{"floor":19.0,"key":"Regen Potion"},{"floor":20.0,"key":"SkillPotion"},{"floor":25.0,"key":"Energy Potion"},{"floor":33.0,"key":"AttackPotion"},{"floor":38.0,"key":"GamblersBrew"},{"floor":44.0,"key":"FearPotion"},{"floor":48,"key":"EntropicBrew"}],"is_trial":false,"path_per_floor":["M","?","?","M","$","E","M","?","T","?","M","M","M","T","R","B",null,"M","M","M","?","?","R","M","E","T","M","?","E","R","T","R","B",null,"M","M","?","M","$","R","$","R","T","E","R","T","E","M","R","B",null],"character_chosen":"THE_SILENT","items_purchased":["Blade Dance","Slice","Cloak And Dagger+1","InkBottle","PanicButton+1","Apotheosis+1","OrangePellets","Outmaneuver+1"],"campfire_rested":4,"item_purchase_floors":[5,39,39,39,39,41,41,41],"current_hp_per_floor":[58,58,58,58,58,7,7,7,7,7,7,7,4,4,23,1,55,54,54,65,65,65,65,62,49,49,27,27,24,45,45,45,12,56,56,44,44,14,14,35,35,56,56,71,71,71,64,64,64,55],"gold":119,"neow_bonus":"RANDOM_COMMON_RELIC","is_daily":false,"chose_seed":false,"campfire_upgraded":4,"win_rate":0.0,"timestamp":1609620681,"path_taken":["M","?","?","M","$","E","?","?","T","?","?","M","?","?","R","BOSS","M","?","M","?","?","R","?","E","T","M","?","E","R","?","R","BOSS","M","M","?","?","?","R","$","R","T","E","R","?","E","M","R","BOSS"],"items_purchased_type":["Card","Card","Card","Relic","Card","Card","Relic","Card"],"build_version":"2020-12-22","purchased_purges":3,"victory":true,"max_hp_per_floor":[66,66,66,66,66,66,66,66,66,66,66,66,66,66,66,66,71,71,71,71,71,71,71,71,71,71,71,71,71,71,71,71,71,71,71,71,71,71,71,71,71,71,71,71,71,71,71,71,71,71],"relic_stats":{"Happy Flower":[5],"counters":[23,151],"Golden Idol":166,"Blue Candle":[0],"Ginger":[9],"War Paint":["Defend_G","Burst"],"MawBank":396,"Boot":[97],"OrangePellets":[2],"Shuriken":[17],"Tiny Chest":2,"Kunai":[71],"obtain_stats":[{"Potion Belt":14,"Lantern":0,"Tiny House":17,"Happy Flower":44,"Golden Idol":2,"Blue Candle":46,"Ginger":29,"War Paint":26,"MawBank":6,"Boot":25,"Akabeko":47,"OrangePellets":41,"WristBlade":34,"Shuriken":43,"Tiny Chest":21,"Kunai":9,"Toxic Egg 2":31,"InkBottle":39,"Ring of the Snake":0},{"Potion Belt":7,"Lantern":0,"Tiny House":8,"Happy Flower":20,"Golden Idol":1,"Blue Candle":20,"Ginger":15,"War Paint":13,"MawBank":3,"Boot":13,"Akabeko":21,"OrangePellets":19,"WristBlade":16,"Shuriken":19,"Tiny Chest":11,"Kunai":4,"Toxic Egg 2":15,"InkBottle":19,"Ring of the Snake":0},{"Potion Belt":30,"Lantern":0,"Tiny House":46,"Happy Flower":134,"Golden Idol":3,"Blue Candle":134,"Ginger":89,"War Paint":77,"MawBank":16,"Boot":77,"Akabeko":139,"OrangePellets":129,"WristBlade":101,"Shuriken":129,"Tiny Chest":67,"Kunai":19,"Toxic Egg 2":89,"InkBottle":129,"Ring of the Snake":0}],"InkBottle":[15],"Ring of the Snake":[46]},"card_choices":[{"not_picked":["Flying Knee","Dodge and Roll"],"picked":"Dagger Spray","floor":1.0},{"not_picked":["Flying Knee","Footwork"],"picked":"Dash","floor":4.0},{"not_picked":["Riddle With Holes","Dagger Spray"],"picked":"Noxious Fumes","floor":6.0},{"not_picked":["Flechettes","Deadly Poison"],"picked":"Escape Plan","floor":7.0},{"not_picked":["Tactician","Well Laid Plans","Acrobatics"],"picked":"SKIP","floor":11.0},{"not_picked":["Deflect","Dagger Throw"],"picked":"Venomology","floor":12.0},{"not_picked":["Cloak And Dagger","Acrobatics"],"picked":"Backflip","floor":13.0},{"not_picked":["Corpse Explosion","Doppelganger"],"picked":"Adrenaline","floor":16.0},{"not_picked":["Eviscerate","Expertise"],"picked":"Dodge and Roll","floor":17.0},{"not_picked":["Eviscerate","Outmaneuver"],"picked":"Crippling Poison","floor":18.0},{"not_picked":["Outmaneuver","Blade Dance"],"picked":"Slice+1","floor":19.0},{"not_picked":["Flying Knee","Underhanded Strike"],"picked":"Terror+1","floor":20.0},{"not_picked":["Caltrops","Distraction"],"picked":"Deadly Poison+1","floor":24.0},{"not_picked":["Backstab","Deadly Poison","Well Laid Plans"],"picked":"SKIP","floor":25.0},{"not_picked":["Bane","PiercingWail"],"picked":"After Image","floor":27.0},{"not_picked":["Distraction","Prepared","Deadly Poison"],"picked":"SKIP","floor":29.0},{"not_picked":["Tools of the Trade","Burst+1"],"picked":"Venomology+1","floor":33.0},{"not_picked":["Slice","Outmaneuver+1"],"picked":"PiercingWail+1","floor":35.0},{"not_picked":["Sucker Punch","Well Laid Plans","PiercingWail+1"],"picked":"SKIP","floor":36.0},{"not_picked":["Bane","Deadly Poison+1"],"picked":"Deflect+1","floor":38.0},{"not_picked":["Eviscerate","Underhanded Strike"],"picked":"Envenom","floor":44.0},{"not_picked":["Riddle With Holes","All Out Attack"],"picked":"Blur+1","floor":47},{"not_picked":["Sucker Punch","Underhanded Strike","Slice"],"picked":"SKIP","floor":48}],"player_experience":496081,"relics_obtained":[{"floor":6.0,"key":"MawBank"},{"floor":9.0,"key":"Kunai"},{"floor":14.0,"key":"Potion Belt"},{"floor":25.0,"key":"Boot"},{"floor":26.0,"key":"War Paint"},{"floor":29.0,"key":"Ginger"},{"floor":31.0,"key":"Toxic Egg 2"},{"floor":43.0,"key":"Shuriken"},{"floor":44.0,"key":"Happy Flower"},{"floor":46.0,"key":"Blue Candle"},{"floor":47,"key":"Akabeko"}],"event_choices":[{"damage_healed":0.0,"max_hp_gain":0.0,"max_hp_loss":0.0,"gold_gain":0.0,"event_name":"Golden Idol","player_choice":"Take Wound","floor":2.0,"gold_loss":0.0,"damage_taken":0.0,"relics_obtained":["Golden Idol"],"cards_obtained":["Injury"]},{"damage_healed":0.0,"max_hp_gain":0.0,"max_hp_loss":0.0,"gold_gain":0.0,"event_name":"Match and Keep!","player_choice":"3 cards matched","floor":3.0,"gold_loss":0.0,"damage_taken":0.0,"cards_obtained":["Burst","Reflex","Cloak And Dagger"]},{"damage_healed":0.0,"max_hp_gain":0.0,"max_hp_loss":0.0,"gold_gain":0.0,"event_name":"World of Goop","player_choice":"Left Gold","floor":8.0,"gold_loss":44.0,"damage_taken":0.0},{"damage_healed":0.0,"max_hp_gain":0.0,"max_hp_loss":0.0,"gold_gain":50.0,"event_name":"Golden Shrine","player_choice":"Pray","floor":10.0,"gold_loss":0.0,"damage_taken":0.0},{"damage_healed":0.0,"max_hp_gain":0.0,"max_hp_loss":0.0,"gold_gain":0.0,"event_name":"The Mausoleum","player_choice":"Opened","floor":21.0,"gold_loss":0.0,"damage_taken":0.0,"relics_obtained":["Tiny Chest"],"cards_obtained":["Writhe"]},{"cards_removed":["Strike_G"],"damage_healed":0.0,"max_hp_gain":0.0,"max_hp_loss":0.0,"gold_gain":0.0,"event_name":"Bonfire Elementals","player_choice":"Offered Basic","floor":22.0,"gold_loss":0.0,"damage_taken":0.0},{"cards_removed":["Strike_G"],"damage_healed":0.0,"max_hp_gain":0.0,"max_hp_loss":0.0,"gold_gain":0.0,"event_name":"Purifier","player_choice":"Purged","floor":28.0,"gold_loss":0.0,"damage_taken":0.0},{"damage_healed":0.0,"max_hp_gain":0.0,"max_hp_loss":0.0,"gold_gain":0.0,"event_name":"Match and Keep!","player_choice":"3 cards matched","floor":37.0,"gold_loss":0.0,"damage_taken":0.0,"cards_obtained":["Bullet Time","Prepared","Expertise"]}],"is_beta":false,"boss_relics":[{"not_picked":["Pandora\u0027s Box","Busted Crown"],"picked":"Tiny House"},{"not_picked":["Snecko Eye","Runic Dome"],"picked":"WristBlade"}],"items_purged_floors":[5,39,41],"is_endless":false,"potions_floor_spawned":[6,7,11,19,20,25,33,38,44,48],"ascension_level":16}}