{"host":"7cfzm0fn42wwm7gf","time":1609577170,"event":{"mods":["Alarm Clock","BaseMod","Colored Powertips","Highlight Path","Minty Spire (QoL Compilation)","Quick Restart","Relic Stats","Waifu the Spire"],"gold_per_floor":[117,117,117,292,16,16,39,39,109,140,140,140,161,161,161,254,254,272,296,296,335,335,335,335,335],"floor_reached":24,"playtime":769,"items_purged":["Doubt"],"score":348,"play_id":"7ddc6755-d359-4d8d-a39a-012fd5c960c9","local_time":"20210102164610","is_ascension_mode":true,"campfire_choices":[{"data":"Neutralize","floor":6.0,"key":"SMITH"},{"floor":12.0,"key":"REST"},{"floor":15.0,"key":"REST"},{"floor":23.0,"key":"REST"}],"circlet_count":0,"master_deck":["AscendersBane","Defend_G","Defend_G","Defend_G","Defend_G","Defend_G","Survivor+1","Neutralize+1","Dagger Throw","Infinite Blades+1","Blade Dance","Reflex","Venomology","Distraction+1","Accuracy+1","Backflip+1","Acrobatics","Necronomicurse","Dagger Throw","Bite","Bite","Bite","Bite","Bite"],"relics":["Ring of the Snake","Golden Idol","Centennial Puzzle","Ninja Scroll","Bronze Scales","Astrolabe","Necronomicon","Red Mask"],"acts_visited":["Exordium","TheCity"],"potions_floor_usage":[],"damage_taken":[{"damage":0.0,"enemies":"Cultist","floor":1.0,"turns":5.0},{"damage":0.0,"enemies":"Small Slimes","floor":7.0,"turns":4.0},{"damage":26.0,"enemies":"Gremlin Nob","floor":10.0,"turns":4.0},{"damage":0.0,"enemies":"2 Louse","floor":13.0,"turns":2.0},{"damage":14.0,"enemies":"The Guardian","floor":16.0,"turns":11.0},{"damage":2.0,"enemies":"Shell Parasite","floor":18.0,"turns":3.0},{"damage":1.0,"enemies":"3 Byrds","floor":19.0,"turns":3.0},{"damage":31.0,"enemies":"Masked Bandits","floor":21.0,"turns":6.0},{"damage":0,"enemies":"Slavers","floor":24,"turns":1}],"seed_played":"4128886404771196829","potions_obtained":[{"floor":7.0,"key":"Ancient Potion"},{"floor":10.0,"key":"SteroidPotion"},{"floor":13.0,"key":"Block Potion"},{"floor":16.0,"key":"CunningPotion"},{"floor":18.0,"key":"ColorlessPotion"}],"is_trial":false,"path_per_floor":["M","?","?","?","$","R","M","$","T","E","?","R","M","?","R","B",null,"M","M","?","?","?","R","E"],"character_chosen":"THE_SILENT","items_purchased":["Centennial Puzzle","Backflip"],"campfire_rested":3,"item_purchase_floors":[5,5],"current_hp_per_floor":[65,51,51,51,51,51,51,51,51,25,25,45,45,38,58,44,61,59,58,42,11,11,24,24,24],"gold":335,"neow_bonus":"TEN_PERCENT_HP_BONUS","is_daily":false,"chose_seed":false,"campfire_upgraded":1,"win_rate":0.0,"timestamp":1609577170,"path_taken":["M","?","?","?","$","R","M","$","T","E","?","R","?","?","R","BOSS","M","M","?","?","?","R","E"],"items_purchased_type":["Relic","Card"],"build_version":"2020-12-22","purchased_purges":1,"victory":false,"max_hp_per_floor":[72,72,67,67,67,67,67,67,67,67,67,67,67,67,67,67,67,67,67,67,67,46,46,46,46],"relic_stats":{"Centennial Puzzle":[15],"counters":[9,39],"Golden Idol":56,"Bronze Scales":[112],"Astrolabe":["Distraction","Accuracy","Backflip"],"Necronomicon":[0],"obtain_stats":[{"Centennial Puzzle":5,"Golden Idol":3,"Ninja Scroll":9,"Bronze Scales":10,"Astrolabe":17,"Necronomicon":20,"Red Mask":21,"Ring of the Snake":0},{"Centennial Puzzle":1,"Golden Idol":1,"Ninja Scroll":2,"Bronze Scales":3,"Astrolabe":5,"Necronomicon":7,"Red Mask":8,"Ring of the Snake":0},{"Centennial Puzzle":5,"Golden Idol":5,"Ninja Scroll":9,"Bronze Scales":13,"Astrolabe":26,"Necronomicon":32,"Red Mask":38,"Ring of the Snake":0}],"Ring of the Snake":[18]},"card_choices":[{"not_picked":["Sucker Punch","Backflip"],"picked":"Dagger Throw","floor":1.0},{"not_picked":["Riddle With Holes","Leg Sweep"],"picked":"Infinite Blades","floor":7.0},{"not_picked":["Endless Agony","Flying Knee"],"picked":"Blade Dance","floor":10.0},{"not_picked":["Bane","Outmaneuver"],"picked":"Reflex","floor":13.0},{"not_picked":["Envenom","Storm of Steel"],"picked":"Venomology","floor":16.0},{"not_picked":["Dash","Deflect"],"picked":"Acrobatics","floor":18.0},{"not_picked":["Bane","Sucker Punch","Backstab"],"picked":"SKIP","floor":19.0},{"not_picked":["Prepared","Wraith Form v2"],"picked":"Dagger Throw","floor":21.0}],"player_experience":3054,"relics_obtained":[{"floor":9.0,"key":"Ninja Scroll"},{"floor":10.0,"key":"Bronze Scales"},{"floor":20.0,"key":"Necronomicon"},{"floor":21.0,"key":"Red Mask"}],"event_choices":[{"damage_healed":0.0,"max_hp_gain":0.0,"max_hp_loss":0.0,"gold_gain":0.0,"event_name":"Shining Light","player_choice":"Entered Light","floor":2.0,"gold_loss":0.0,"damage_taken":14.0,"cards_upgraded":["Strike_G","Survivor"]},{"damage_healed":0.0,"max_hp_gain":0.0,"max_hp_loss":5.0,"gold_gain":0.0,"event_name":"Golden Idol","player_choice":"Lose Max HP","floor":3.0,"gold_loss":0.0,"damage_taken":0.0,"relics_obtained":["Golden Idol"]},{"damage_healed":0.0,"max_hp_gain":0.0,"max_hp_loss":0.0,"gold_gain":175.0,"event_name":"Liars Game","player_choice":"AGREE","floor":4.0,"gold_loss":0.0,"damage_taken":0.0,"cards_obtained":["Doubt"]},{"damage_healed":0.0,"max_hp_gain":0.0,"max_hp_loss":0.0,"gold_gain":0.0,"event_name":"Upgrade Shrine","player_choice":"Upgraded","floor":11.0,"gold_loss":0.0,"damage_taken":0.0,"cards_upgraded":["Infinite Blades"]},{"cards_removed":["Strike_G"],"damage_healed":0.0,"max_hp_gain":0.0,"max_hp_loss":0.0,"gold_gain":0.0,"event_name":"Golden Wing","player_choice":"Card Removal","floor":14.0,"gold_loss":0.0,"damage_taken":7.0},{"damage_healed":0.0,"max_hp_gain":0.0,"max_hp_loss":0.0,"gold_gain":0.0,"event_name":"Cursed Tome","player_choice":"Obtained Book","floor":20.0,"gold_loss":0.0,"damage_taken":16.0},{"damage_healed":0.0,"max_hp_gain":0.0,"max_hp_loss":0.0,"gold_gain":0.0,"event_name":"Masked Bandits","player_choice":"Fought Bandits","floor":21.0,"gold_loss":0.0,"damage_taken":0.0},{"damage_healed":0.0,"max_hp_gain":0.0,"max_hp_loss":21.0,"gold_gain":0.0,"event_name":"Vampires","player_choice":"Became a vampire","floor":22.0,"gold_loss":0.0,"damage_taken":0.0,"cards_obtained":["Bite","Bite","Bite","Bite","Bite"]}],"is_beta":false,"boss_relics":[{"not_picked":["Empty Cage","Tiny House"],"picked":"Astrolabe"}],"items_purged_floors":[5],"is_endless":false,"potions_floor_spawned":[7,10,13,16,18],"killed_by":"Slavers","ascension_level":14}}