{"host":"x52zk6e1f2bye2h7","time":1609588904,"event":{"mods":["AchievementEnabler","BaseMod","Highlight Path","Minty Spire (QoL Compilation)","everything is the same but u backflip on backflip"],"gold_per_floor":[114,129,144,159,174,204,219,219,219,234,234,249,249,249,249,349,349,364,289,289,304,319,349,349,364,439,454,454,469,469,484,484,584,584,599,399,414,214,229,259,259,259,284,47,47,47],"floor_reached":47,"playtime":2572,"items_purged":["Dual Wield","True Grit","Spot Weakness"],"score":856,"play_id":"21f464c0-d79c-4bde-ad21-8f33d8f9800c","local_time":"20210102120144","daily_mods":["Insanity","Time Dilation","Binary"],"is_ascension_mode":false,"campfire_choices":[{"data":"Perfected Strike","floor":8,"key":"SMITH"},{"data":"Perfected Strike","floor":13,"key":"SMITH"},{"data":"Perfected Strike","floor":15,"key":"SMITH"},{"data":"Armaments","floor":24,"key":"SMITH"},{"data":"Heavy Blade","floor":28,"key":"SMITH"},{"data":"Warcry","floor":30,"key":"SMITH"},{"data":"Warcry","floor":32,"key":"SMITH"},{"data":"Uppercut","floor":41,"key":"SMITH"}],"circlet_count":0,"master_deck":["Uppercut+1","Shrug It Off","Anger","Perfected Strike","Flame Barrier","Armaments+1","Sentinel","Heavy Blade","Havoc","Rage","Dropkick","Cleave","Havoc","Twin Strike","Battle Trance","Bloodletting","Twin Strike","Cleave","Inflame","True Grit","Burning Pact","Searing Blow","Bloodletting","Twin Strike","Twin Strike","Heavy Blade+1","True Grit","Warcry+1","Cleave","Searing Blow","Shrug It Off","Body Slam","Thunderclap","Wild Strike","Havoc","Flex","Wild Strike","Sentinel","Clothesline","Perfected Strike+1","Anger","Flex","Rampage","Warcry+1","Clash","Perfected Strike+1","Twin Strike","Perfected Strike+1","Exhume","RitualDagger","Immolate"],"relics":["Burning Blood","Bag of Preparation","Kunai","Happy Flower","Pear","Busted Crown","Smiling Mask","Shuriken","SlaversCollar","Pen Nib","Frozen Eye","Strawberry","Bronze Scales"],"acts_visited":["Exordium","TheCity","TheBeyond"],"potions_floor_usage":[16,33,46,46,46],"damage_taken":[{"damage":0,"enemies":"Cultist","floor":1,"turns":2},{"damage":0,"enemies":"Jaw Worm","floor":2,"turns":2},{"damage":0,"enemies":"2 Louse","floor":3,"turns":2},{"damage":5,"enemies":"Blue Slaver","floor":4,"turns":2},{"damage":5,"enemies":"2 Fungi Beasts","floor":5,"turns":3},{"damage":3,"enemies":"Gremlin Nob","floor":6,"turns":3},{"damage":13,"enemies":"Lots of Slimes","floor":7,"turns":3},{"damage":0,"enemies":"Looter","floor":10,"turns":1},{"damage":0,"enemies":"Blue Slaver","floor":12,"turns":1},{"damage":33,"enemies":"Hexaghost","floor":16,"turns":7},{"damage":10,"enemies":"2 Thieves","floor":18,"turns":2},{"damage":3,"enemies":"Shell Parasite","floor":21,"turns":2},{"damage":6,"enemies":"Centurion and Healer","floor":22,"turns":3},{"damage":20,"enemies":"Slavers","floor":23,"turns":2},{"damage":4,"enemies":"Sentry and Sphere","floor":25,"turns":3},{"damage":17,"enemies":"Snake Plant","floor":27,"turns":4},{"damage":18,"enemies":"Shelled Parasite and Fungi","floor":29,"turns":3},{"damage":10,"enemies":"Cultist and Chosen","floor":31,"turns":3},{"damage":14,"enemies":"Collector","floor":33,"turns":3},{"damage":2,"enemies":"Orb Walker","floor":35,"turns":3},{"damage":12,"enemies":"3 Darklings","floor":37,"turns":3},{"damage":23,"enemies":"Spire Growth","floor":39,"turns":3},{"damage":36,"enemies":"Nemesis","floor":40,"turns":3},{"damage":32,"enemies":"Donu and Deca","floor":46,"turns":6}],"seed_played":"-4486375853315586652","potions_obtained":[{"floor":1,"key":"SmokeBomb"},{"floor":2,"key":"Weak Potion"},{"floor":4,"key":"Fire Potion"},{"floor":7,"key":"FearPotion"},{"floor":12,"key":"DuplicationPotion"},{"floor":23,"key":"SneckoOil"},{"floor":29,"key":"Strength Potion"},{"floor":35,"key":"GamblersBrew"}],"is_trial":false,"path_per_floor":["M","M","M","M","M","E","M","R","T","M","?","M","R","T","R","B",null,"M","?","?","M","M","E","R","M","T","M","R","M","R","M","R","B",null,"M","$","M","$","M","E","R","?","T","$","?","B",null],"character_chosen":"IRONCLAD","items_purchased":["Pen Nib","Frozen Eye","Immolate","BloodPotion"],"campfire_rested":0,"item_purchase_floors":[36,38,44,44],"current_hp_per_floor":[80,80,80,80,80,80,73,73,73,79,72,78,78,88,88,61,90,86,86,80,83,83,69,69,71,71,60,60,48,48,44,44,36,90,90,90,84,84,67,44,44,44,44,44,44,37],"gold":47,"neow_bonus":"","is_daily":true,"chose_seed":false,"campfire_upgraded":8,"win_rate":0.0,"timestamp":1609588904,"path_taken":["M","M","?","M","M","E","M","R","T","M","?","M","R","?","R","BOSS","M","?","?","M","M","E","R","M","T","M","R","M","R","M","R","BOSS","M","$","M","$","M","E","R","?","T","$","?","BOSS"],"items_purchased_type":["Relic","Relic","Card","Potion"],"build_version":"2020-12-22","purchased_purges":3,"victory":true,"max_hp_per_floor":[80,80,80,80,80,80,80,80,80,80,80,80,80,90,90,90,90,90,90,90,90,90,90,90,90,90,90,90,90,90,90,90,90,90,90,90,90,90,90,97,97,97,97,97,97,97],"card_choices":[{"not_picked":["Warcry"],"picked":"Perfected Strike","floor":1},{"not_picked":["Sentinel"],"picked":"Twin Strike","floor":2},{"not_picked":["Cleave","Headbutt"],"picked":"SKIP","floor":3},{"not_picked":["Demon Form","Clothesline"],"picked":"SKIP","floor":4},{"not_picked":["Cleave","Heavy Blade"],"picked":"SKIP","floor":5},{"not_picked":["Juggernaut"],"picked":"Perfected Strike","floor":6},{"not_picked":["Sword Boomerang","Flex"],"picked":"SKIP","floor":7},{"not_picked":["Second Wind","Clash"],"picked":"SKIP","floor":10},{"not_picked":["Headbutt","Dropkick"],"picked":"SKIP","floor":12},{"not_picked":["Barricade"],"picked":"Exhume","floor":16}],"player_experience":40712,"relics_obtained":[{"floor":6,"key":"Bag of Preparation"},{"floor":9,"key":"Kunai"},{"floor":14,"key":"Pear"},{"floor":23,"key":"Smiling Mask"},{"floor":26,"key":"Shuriken"},{"floor":40,"key":"Strawberry"},{"floor":43,"key":"Bronze Scales"}],"event_choices":[{"damage_healed":0,"gold_gain":0,"player_choice":"Success","damage_taken":7,"relics_obtained":["Happy Flower"],"max_hp_gain":0,"max_hp_loss":0,"event_name":"Scrap Ooze","floor":11,"gold_loss":0},{"cards_removed":["Headbutt"],"damage_healed":0,"gold_gain":0,"player_choice":"Gave Gold","damage_taken":0,"max_hp_gain":0,"max_hp_loss":0,"event_name":"Beggar","floor":19,"gold_loss":75},{"damage_healed":0,"gold_gain":0,"player_choice":"Joined the Cult","damage_taken":6,"max_hp_gain":0,"max_hp_loss":0,"event_name":"Nest","floor":20,"gold_loss":0,"cards_obtained":["RitualDagger"]},{"cards_removed":["Dark Embrace"],"damage_healed":0,"gold_gain":0,"player_choice":"Removed Power","damage_taken":0,"max_hp_gain":0,"max_hp_loss":0,"event_name":"Falling","floor":42,"gold_loss":0},{"damage_healed":0,"gold_gain":0,"player_choice":"Took Portal","damage_taken":0,"max_hp_gain":0,"max_hp_loss":0,"event_name":"SecretPortal","floor":45,"gold_loss":0}],"is_beta":false,"boss_relics":[{"not_picked":["Cursed Key","Sozu"],"picked":"Busted Crown"},{"not_picked":["Calling Bell","Black Star"],"picked":"SlaversCollar"}],"items_purged_floors":[36,38,44],"is_endless":false,"potions_floor_spawned":[1,2,4,7,12,23,25,29,31,35],"ascension_level":0}}