{"host":"9d9dhukr2jywmy0f","time":1609599198,"event":{"mods":["2.2 Compatiblity","Alarm Clock","BaseMod","Bestiary","Block Reminder","Colored Map","Colored Powertips","Curses Come First","DeckTracker","Highlight Path","Key Reminder","Keyboard Shortcuts","Koishi","Minty Spire (QoL Compilation)","MonsterHotkey","Quick Restart","Rare Cards Sparkle","Relic Sorter","Relic Stats","Spire Birthday Party","StSLib","SuperFastMode","Synergy Search","Unceasing Turn Reminder","Unknown Chances"],"gold_per_floor":[362,287,307,307,207,234,234,234,534,534,563,563,273,287,287,358,408,418,418,184,234,248,278,278,103,154,154,186,186,186,204,204,280,280,293,311,329,348,365,365,396,396,419,454,474,474,274,324,324,324,324,324,19,49,49,49],"floor_reached":55,"playtime":1746,"items_purged":["Koishi:BasicDefend","Koishi:BasicStrike","Koishi:BasicStrike","Koishi:HauntingSlash","Koishi:BasicDefend","Koishi:BasicDefend","Koishi:BasicDefend"],"score":1723,"play_id":"9e8215ec-01ec-4448-98b8-2219d63cfbf3","local_time":"20210102225318","is_ascension_mode":true,"campfire_choices":[{"data":"Koishi:HeartAttack","floor":8.0,"key":"SMITH"},{"data":"1","floor":10.0,"key":"LIFT"},{"data":"Koishi:ReleaseOfTheId","floor":15.0,"key":"SMITH"},{"floor":24.0,"key":"RECALL"},{"data":"Koishi:IdleWhim","floor":27.0,"key":"SMITH"},{"data":"Koishi:IdleWhim","floor":30.0,"key":"SMITH"},{"floor":32.0,"key":"REST"},{"data":"2","floor":40.0,"key":"LIFT"},{"data":"3","floor":42.0,"key":"LIFT"},{"data":"Koishi:UnconsciousUprising","floor":46.0,"key":"SMITH"},{"floor":49.0,"key":"REST"},{"floor":52.0,"key":"REST"}],"circlet_count":0,"master_deck":["AscendersBane","Koishi:Provoke+1","Koishi:HeartAttack+1","Koishi:LastRemote+1","Koishi:ReleaseOfTheId+1","Koishi:FreudianInstinct","Koishi:MassHysteria+1","Koishi:IdleWhim+1","Koishi:IdleWhim+1","Koishi:ReflexRadar","Koishi:UnconsciousUprising+1","Koishi:ReleaseOfTheId"],"relics":["Koishi:ImaginaryFriend","Girya","Old Coin","Unceasing Top","Toy Ornithopter","Tiny House","Koishi:EchoesOfADeadGirl","TungstenRod","SacredBark","Whetstone","War Paint","Koishi:BloodstainedWhiteRose","White Beast Statue"],"acts_visited":["Exordium","TheCity","TheBeyond","TheEnding"],"potions_floor_usage":[55],"damage_taken":[{"damage":1.0,"enemies":"2 Louse","floor":1.0,"turns":4.0},{"damage":4.0,"enemies":"Small Slimes","floor":3.0,"turns":4.0},{"damage":27.0,"enemies":"Lagavulin","floor":6.0,"turns":5.0},{"damage":19.0,"enemies":"Gremlin Nob","floor":11.0,"turns":3.0},{"damage":0.0,"enemies":"Cultist","floor":14.0,"turns":2.0},{"damage":7.0,"enemies":"Hexaghost","floor":16.0,"turns":8.0},{"damage":4.0,"enemies":"2 Thieves","floor":18.0,"turns":5.0},{"damage":0.0,"enemies":"3 Byrds","floor":19.0,"turns":1.0},{"damage":4.0,"enemies":"Snecko","floor":22.0,"turns":3.0},{"damage":18.0,"enemies":"Slavers","floor":23.0,"turns":4.0},{"damage":5.0,"enemies":"Gremlin Leader","floor":28.0,"turns":2.0},{"damage":20.0,"enemies":"Centurion and Healer","floor":31.0,"turns":3.0},{"damage":0.0,"enemies":"Collector","floor":33.0,"turns":4.0},{"damage":10.0,"enemies":"Orb Walker","floor":35.0,"turns":2.0},{"damage":15.0,"enemies":"3 Shapes","floor":36.0,"turns":3.0},{"damage":0.0,"enemies":"Transient","floor":37.0,"turns":6.0},{"damage":6.0,"enemies":"Sphere and 2 Shapes","floor":38.0,"turns":2.0},{"damage":0.0,"enemies":"Maw","floor":39.0,"turns":4.0},{"damage":0.0,"enemies":"Reptomancer","floor":41.0,"turns":3.0},{"damage":0.0,"enemies":"Giant Head","floor":44.0,"turns":5.0},{"damage":11.0,"enemies":"Jaw Worm Horde","floor":45.0,"turns":2.0},{"damage":17.0,"enemies":"Time Eater","floor":50.0,"turns":8.0},{"damage":30.0,"enemies":"Shield and Spear","floor":54.0,"turns":4.0},{"damage":2,"enemies":"The Heart","floor":55,"turns":2}],"seed_played":"3940187347413786353","potions_obtained":[{"floor":6.0,"key":"PowerPotion"},{"floor":11.0,"key":"Energy Potion"},{"floor":16.0,"key":"Weak Potion"},{"floor":17.0,"key":"GamblersBrew"},{"floor":23.0,"key":"SteroidPotion"},{"floor":33.0,"key":"GamblersBrew"},{"floor":36.0,"key":"Energy Potion"},{"floor":38.0,"key":"SpeedPotion"},{"floor":39.0,"key":"PowerPotion"},{"floor":44.0,"key":"Strength Potion"}],"is_trial":false,"path_per_floor":["M","$","M","?","$","E","?","R","T","R","E","?","$","M","R","B",null,"M","M","$","?","M","E","R","$","T","R","E","?","R","M","R","B",null,"M","M","M","M","M","R","E","R","T","E","M","R","$","?","R","B",null,"R","$","E","B"],"character_chosen":"KOISHI","items_purchased":["Toy Ornithopter","Koishi:MassHysteria","Koishi:ReleaseOfTheId"],"campfire_rested":3,"item_purchase_floors":[13,20,53],"current_hp_per_floor":[52,52,49,49,49,23,28,28,28,28,10,10,10,10,10,6,49,51,51,51,51,47,29,29,29,29,29,29,24,24,4,22,22,52,42,32,32,31,31,31,36,36,36,36,33,33,33,33,51,34,55,62,62,32,35,35],"gold":49,"neow_bonus":"TWO_FIFTY_GOLD","is_daily":false,"chose_seed":false,"campfire_upgraded":5,"win_rate":0.0,"timestamp":1609599198,"path_taken":["M","$","M","?","$","E","?","R","T","R","E","?","$","M","R","BOSS","M","?","$","?","M","E","R","$","T","R","E","?","R","M","R","BOSS","M","M","M","M","M","R","E","R","T","E","?","R","$","?","R","BOSS","R","$","E","BOSS"],"items_purchased_type":["Relic","Card","Card"],"build_version":"2020-11-30","purchased_purges":7,"victory":false,"max_hp_per_floor":[52,52,52,52,52,52,57,57,57,57,57,57,57,57,57,57,62,62,62,62,62,62,62,62,62,62,62,62,62,62,62,62,62,62,62,62,62,62,62,62,62,62,62,62,62,62,62,62,62,62,62,62,62,62,62,62],"relic_stats":{"counters":[24,89],"Whetstone":[],"War Paint":["Koishi:Provoke","Koishi:MassHysteria"],"obtain_stats":[{"Girya":6,"Tiny House":17,"SacredBark":34,"Whetstone":41,"War Paint":43,"White Beast Statue":54,"Old Coin":9,"keyreminder:keyreminder":23,"Koishi:EchoesOfADeadGirl":23,"Unceasing Top":11,"Toy Ornithopter":13,"TungstenRod":28,"Koishi:BloodstainedWhiteRose":44,"Koishi:ImaginaryFriend":0},{"Girya":3,"Tiny House":6,"SacredBark":13,"Whetstone":19,"War Paint":19,"White Beast Statue":23,"Old Coin":3,"keyreminder:keyreminder":10,"Koishi:EchoesOfADeadGirl":10,"Unceasing Top":4,"Toy Ornithopter":4,"TungstenRod":11,"Koishi:BloodstainedWhiteRose":20,"Koishi:ImaginaryFriend":0},{"Girya":13,"Tiny House":26,"SacredBark":48,"Whetstone":68,"War Paint":68,"White Beast Statue":87,"Old Coin":13,"keyreminder:keyreminder":39,"Koishi:EchoesOfADeadGirl":39,"Unceasing Top":16,"Toy Ornithopter":16,"TungstenRod":41,"Koishi:BloodstainedWhiteRose":73,"Koishi:ImaginaryFriend":0}],"Unceasing Top":[62],"Toy Ornithopter":35,"TungstenRod":20},"card_choices":[{"not_picked":["Koishi:CatchAndRose","Koishi:Catatonia","Koishi:ParalyzingFear"],"picked":"SKIP","floor":1.0},{"not_picked":["Koishi:DreadfulBlow","Koishi:HeartfeltFancy","Koishi:IdleWhim"],"picked":"SKIP","floor":3.0},{"not_picked":["Koishi:EmbryosDream","Koishi:Catatonia"],"picked":"Koishi:LastRemote","floor":6.0},{"not_picked":["Koishi:StrangeCloudFist","Koishi:YoukaiPolygraph"],"picked":"Koishi:ReleaseOfTheId","floor":11.0},{"not_picked":["Koishi:SprinkleStarAndHeart","Koishi:PhantomStrike"],"picked":"Koishi:ConditionedTeleport","floor":14.0},{"not_picked":["Koishi:PredatoryInstincts","Koishi:ParalyzingFear"],"picked":"Koishi:FreudianInstinct","floor":18.0},{"not_picked":["Koishi:ReleaseOfTheId","Koishi:UnconsciousUrges"],"picked":"Koishi:IdleWhim","floor":22.0},{"not_picked":["Koishi:Jaunt","Koishi:EmbryosDream"],"picked":"Koishi:IdleWhim","floor":23.0},{"not_picked":["Koishi:Jaunt","Koishi:MindStellarRelief","Koishi:Vanish"],"picked":"SKIP","floor":28.0},{"not_picked":["Koishi:LastRemote","Koishi:DNAsFlaw+1"],"picked":"Koishi:ReflexRadar","floor":31.0},{"not_picked":["Koishi:StingingMind","Koishi:Bloodlust","Koishi:BloodcurdlingScream"],"picked":"SKIP","floor":35.0},{"not_picked":["Koishi:TremblingHands+1","Koishi:DreadfulBlow+1"],"picked":"Koishi:UnconsciousUprising","floor":36.0},{"not_picked":["Koishi:Prune","Koishi:DreadfulBlow","Koishi:SprinkleStarAndHeart"],"picked":"SKIP","floor":37.0},{"not_picked":["Koishi:UnconsciousUrges","Koishi:HeartfeltFancy","Koishi:ApparitionsStalkTheNight+1"],"picked":"SKIP","floor":38.0},{"not_picked":["Koishi:GhostParty","Koishi:UnansweredLove","Koishi:Jaunt+1"],"picked":"SKIP","floor":39.0},{"not_picked":["Koishi:GhostParty","Koishi:Bloodlust","Koishi:Possession"],"picked":"SKIP","floor":41.0},{"not_picked":["Koishi:Prune","Koishi:TremblingHands","Koishi:PerfectMindControl"],"picked":"SKIP","floor":44.0},{"not_picked":["Koishi:UnconsciousUprising","Koishi:MassHysteria+1","Koishi:RacingHeart"],"picked":"SKIP","floor":45.0},{"not_picked":["Koishi:PerfectMindControl","Koishi:MindNumbingTerror","Koishi:Possession"],"picked":"SKIP","floor":54.0}],"player_experience":879259,"relics_obtained":[{"floor":6.0,"key":"Girya"},{"floor":9.0,"key":"Old Coin"},{"floor":11.0,"key":"Unceasing Top"},{"floor":23.0,"key":"Koishi:EchoesOfADeadGirl"},{"floor":28.0,"key":"TungstenRod"},{"floor":41.0,"key":"Whetstone"},{"floor":43.0,"key":"War Paint"},{"floor":44.0,"key":"Koishi:BloodstainedWhiteRose"},{"floor":54.0,"key":"White Beast Statue"}],"event_choices":[{"damage_healed":0.0,"max_hp_gain":0.0,"max_hp_loss":0.0,"gold_gain":0.0,"cards_transformed":["Koishi:BasicStrike"],"event_name":"Living Wall","player_choice":"Change","floor":4.0,"gold_loss":0.0,"damage_taken":0.0,"cards_obtained":["Koishi:HeartAttack"]},{"damage_healed":0.0,"max_hp_gain":5.0,"max_hp_loss":0.0,"gold_gain":0.0,"event_name":"Big Fish","player_choice":"Donut","floor":7.0,"gold_loss":0.0,"damage_taken":0.0},{"cards_removed":["Koishi:BasicStrike"],"damage_healed":0.0,"max_hp_gain":0.0,"max_hp_loss":0.0,"gold_gain":0.0,"event_name":"Purifier","player_choice":"Purged","floor":12.0,"gold_loss":0.0,"damage_taken":0.0},{"damage_healed":0.0,"max_hp_gain":0.0,"max_hp_loss":0.0,"gold_gain":50.0,"event_name":"Nest","player_choice":"Stole From Cult","floor":21.0,"gold_loss":0.0,"damage_taken":0.0},{"damage_healed":0.0,"max_hp_gain":0.0,"max_hp_loss":0.0,"gold_gain":0.0,"event_name":"Knowing Skull","player_choice":"","floor":29.0,"potions_obtained":[],"gold_loss":0.0,"damage_taken":6.0,"cards_obtained":[]},{"damage_healed":0.0,"max_hp_gain":0.0,"max_hp_loss":0.0,"gold_gain":50.0,"event_name":"Golden Shrine","player_choice":"Pray","floor":48.0,"gold_loss":0.0,"damage_taken":0.0}],"is_beta":false,"boss_relics":[{"not_picked":["Astrolabe","Fusion Hammer"],"picked":"Tiny House"},{"not_picked":["Koishi:ColorfulDays","Sozu"],"picked":"SacredBark"}],"items_purged_floors":[2,5,13,20,25,47,53],"is_endless":false,"potions_floor_spawned":[6,11,16,19,23,33,36,38,39,44],"killed_by":"The Heart","ascension_level":19}}