{"host":"sabve5zmqufxyc5o","time":1609614033,"event":{"mods":["2.2 Compatiblity","AchievementEnabler","Act Like it!","Arknights The Spire","BaseMod","Block Reminder","Colored Map","Colored Powertips","DeckTracker","KOR Keyword Fix","Keyboard Shortcuts","Minty Spire (QoL Compilation)","Quick Restart","Rare Cards Sparkle","Relic Stats","StSLib","SuperFastMode"],"gold_per_floor":[117,129,143,155,80,80,80,80,105,117,151,151,151,162,162,258,258,274,234,214,214,231,231,243,259,259,278,278,294,79,79,79,183,183,196,249,149,159,174,174,185,203,203,216,216,234,81,93,93,93],"floor_reached":51,"playtime":2131,"items_purged":["ats:Strike G","ats:Strike S"],"score":848,"play_id":"83fbb628-4ca3-40e8-9361-576a75ca8966","local_time":"20210103040033","is_ascension_mode":true,"campfire_choices":[{"data":"ats:Emotion Absorption","floor":6.0,"key":"SMITH"},{"data":"ats:Childhood Dance","floor":8.0,"key":"SMITH"},{"floor":13,"key":"REST"},{"data":"ats:Revitalization","floor":15,"key":"SMITH"},{"data":"ats:Ambush","floor":23,"key":"SMITH"},{"data":"ats:Armor Crushing Shot","floor":28,"key":"SMITH"},{"data":"ats:Counter Healing Mode","floor":32,"key":"SMITH"},{"data":"ats:Composite Medical Shells","floor":40,"key":"SMITH"},{"data":"ats:Poison Spread","floor":45,"key":"SMITH"},{"data":"ats:Shell Defense","floor":49,"key":"SMITH"}],"circlet_count":0,"master_deck":["ats:Armor Crushing Shot+1","ats:Defend","ats:Defend","ats:Emotion Absorption+1","ats:Hammer On","ats:Steam Pump","ats:Revitalization+1","ats:Sword Rain","ats:Childhood Dance+1","ats:Consecutive Shot Auto","ats:Poison Spread+1","ats:Ambush+1","ats:Magnetic Hammer+1","ats:Part Time Job+1","ats:Explosion Area Strengthen","ats:Counter Healing Mode+1","ats:Support Order","ats:Wolf Pack","ats:Composite Medical Shells+1","ats:Shell Defense+1","ats:Healing Drone+1","ats:Chain Hook"],"relics":["ats:Sanity","Bag of Preparation","ats:Originium","Oddly Smooth Stone","Blood Vial","Empty Cage","Gremlin Horn","ClockworkSouvenir","Philosopher\u0027s Stone","Mango","Ornamental Fan","ats:Special"],"acts_visited":["Exordium","TheCity","TheBeyond"],"potions_floor_usage":[16,36,36,36,48,50],"damage_taken":[{"damage":13.0,"enemies":"Jaw Worm","floor":1.0,"turns":4.0},{"damage":1.0,"enemies":"2 Louse","floor":2.0,"turns":3.0},{"damage":1.0,"enemies":"Cultist","floor":3.0,"turns":3.0},{"damage":3.0,"enemies":"3 Louse","floor":4.0,"turns":4.0},{"damage":0.0,"enemies":"Red Slaver","floor":10.0,"turns":4.0},{"damage":40,"enemies":"Gremlin Nob","floor":11,"turns":5},{"damage":0,"enemies":"Blue Slaver","floor":14,"turns":6},{"damage":41,"enemies":"Slime Boss","floor":16,"turns":8},{"damage":48,"enemies":"Shell Parasite","floor":18,"turns":13},{"damage":13,"enemies":"2 Thieves","floor":20,"turns":4},{"damage":11,"enemies":"Centurion and Healer","floor":22,"turns":10},{"damage":13,"enemies":"Chosen and Byrds","floor":24,"turns":7},{"damage":27,"enemies":"Cultist and Chosen","floor":25,"turns":10},{"damage":10,"enemies":"Snecko","floor":27,"turns":8},{"damage":1,"enemies":"Centurion and Healer","floor":29,"turns":9},{"damage":43,"enemies":"Automaton","floor":33,"turns":15},{"damage":62,"enemies":"3 Shapes","floor":35,"turns":10},{"damage":26,"enemies":"2 Orb Walkers","floor":36,"turns":7},{"damage":6,"enemies":"Orb Walker","floor":38,"turns":6},{"damage":94,"enemies":"Writhing Mass","floor":39,"turns":23},{"damage":52,"enemies":"Maw","floor":41,"turns":12},{"damage":18,"enemies":"Spire Growth","floor":42,"turns":7},{"damage":21,"enemies":"Sphere and 2 Shapes","floor":44,"turns":7},{"damage":11,"enemies":"3 Darklings","floor":46,"turns":5},{"damage":11,"enemies":"Transient","floor":48,"turns":5},{"damage":148,"enemies":"Awakened One","floor":50,"turns":23}],"seed_played":"-4095954564569223263","potions_obtained":[{"floor":3.0,"key":"BlessingOfTheForge"},{"floor":4.0,"key":"ColorlessPotion"},{"floor":10.0,"key":"ats:Emergency Sanity Potion"},{"floor":11,"key":"Energy Potion"},{"floor":19,"key":"Dexterity Potion"},{"floor":25,"key":"Block Potion"},{"floor":44,"key":"Block Potion"},{"floor":48,"key":"PowerPotion"}],"is_trial":false,"path_per_floor":["M","M","M","M","$","R","?","R","T","M","E","?","R","M","R","B",null,"M","?","M","?","M","R","M","M","T","M","R","M","$","?","R","B",null,"M","?","$","M","M","R","M","M","T","M","R","M","$","M","R","B",null],"character_chosen":"DOCTOR_CLASS","items_purchased":["ats:Support Order","ClockworkSouvenir","ats:Special"],"campfire_rested":1,"item_purchase_floors":[30,30,47],"current_hp_per_floor":[59,58,57,56,56,56,49,49,49,49,9,2,23,30,30,9,72,72,72,62,62,71,71,72,63,63,72,72,72,72,72,72,54,72,37,45,45,53,85,85,72,74,74,77,77,85,85,86,86,86],"gold":93,"neow_bonus":"THREE_CARDS","is_daily":false,"chose_seed":false,"campfire_upgraded":9,"win_rate":0.0,"timestamp":1609614033,"path_taken":["M","M","M","M","$","R","?","R","T","M","E","?","R","M","R","BOSS","M","?","?","?","?","R","M","M","T","M","R","M","$","?","R","BOSS","M","?","$","M","M","R","M","M","T","M","R","M","$","M","R","BOSS"],"items_purchased_type":["Card","Relic","Relic"],"build_version":"2020-12-22","purchased_purges":2,"victory":true,"max_hp_per_floor":[72,72,72,72,72,72,72,72,72,72,72,72,72,72,72,72,72,72,72,72,72,72,72,72,72,72,72,72,72,72,72,72,72,72,72,86,86,86,86,86,86,86,86,86,86,86,86,86,86,86],"relic_stats":{"Blood Vial":23,"Gremlin Horn":[14,14],"counters":[26,218],"Ornamental Fan":[44],"Bag of Preparation":[44],"obtain_stats":[{"Blood Vial":12,"ats:Originium":11,"Gremlin Horn":26,"Ornamental Fan":43,"Oddly Smooth Stone":11,"Philosopher\u0027s Stone":34,"Mango":36,"Bag of Preparation":9,"ats:Sanity":0,"Empty Cage":17,"ats:Special":47,"ClockworkSouvenir":30},{"Blood Vial":6,"ats:Originium":6,"Gremlin Horn":13,"Ornamental Fan":22,"Oddly Smooth Stone":6,"Philosopher\u0027s Stone":16,"Mango":18,"Bag of Preparation":4,"ats:Sanity":0,"Empty Cage":8,"ats:Special":24,"ClockworkSouvenir":15},{"Blood Vial":23,"ats:Originium":23,"Gremlin Horn":81,"Ornamental Fan":178,"Oddly Smooth Stone":23,"Philosopher\u0027s Stone":113,"Mango":130,"Bag of Preparation":14,"ats:Sanity":0,"Empty Cage":37,"ats:Special":190,"ClockworkSouvenir":98}]},"card_choices":[{"not_picked":["ats:Soul Absorption","ats:Revitalization"],"picked":"ats:Hammer On","floor":0.0},{"not_picked":["ats:Curse Doll","ats:Closed Bolt Burst Fire"],"picked":"ats:Steam Pump","floor":1.0},{"not_picked":["ats:Assault Order","ats:Song Of Battle"],"picked":"ats:Revitalization","floor":2.0},{"not_picked":["ats:Defend Order","ats:Powerful Strike"],"picked":"ats:Sword Rain","floor":3.0},{"not_picked":["ats:Revitalization","ats:Composite Medical Shells"],"picked":"ats:Childhood Dance","floor":4.0},{"not_picked":["ats:Revitalization","ats:Healing Drone","ats:Childhood Dance"],"picked":"SKIP","floor":10.0},{"not_picked":["ats:Soul Rend","ats:Beaten Up"],"picked":"ats:Consecutive Shot Auto","floor":11},{"not_picked":["ats:Flexible Camouflage","ats:Ignite"],"picked":"ats:Poison Spread","floor":14},{"not_picked":["ats:Volcano","ats:Dogmatic Field"],"picked":"ats:Ambush","floor":16},{"not_picked":["ats:Hammer On","ats:Curse Doll"],"picked":"ats:Magnetic Hammer+1","floor":18},{"not_picked":["ats:Guardian Obelisk","ats:Poison Spread+1"],"picked":"ats:Part Time Job+1","floor":20},{"not_picked":["ats:Apocalypse","ats:Sunburst","ats:Part Time Job"],"picked":"SKIP","floor":22},{"not_picked":["ats:Red Shift","ats:Thermite Blade","ats:Apocalypse"],"picked":"SKIP","floor":24},{"not_picked":["ats:Blood Oath","ats:Demon Strength","ats:Very Hot Blade"],"picked":"SKIP","floor":25},{"not_picked":["ats:Beaten Up","ats:Leaping Hammer"],"picked":"ats:Explosion Area Strengthen","floor":27},{"not_picked":["ats:Flexible Camouflage","ats:Explosion Area Strengthen"],"picked":"ats:Counter Healing Mode","floor":29},{"not_picked":["ats:Shadow Assault","ats:Ambush"],"picked":"ats:Wolf Pack","floor":33},{"not_picked":["ats:Assault Order","ats:Curse Doll","ats:Leaping Hammer"],"picked":"SKIP","floor":35},{"not_picked":["ats:Defend Order","ats:Cat Scratch+1"],"picked":"ats:Composite Medical Shells","floor":38},{"not_picked":["ats:Directed Diagnosis","ats:Closed Bolt Burst Fire+1","ats:Flexible Camouflage"],"picked":"SKIP","floor":39},{"not_picked":["ats:Directed Diagnosis","ats:Closed Bolt Burst Fire+1","ats:Flexible Camouflage"],"picked":"SKIP","floor":39},{"not_picked":["ats:Poison Spread+1","ats:Assault Order+1"],"picked":"ats:Shell Defense","floor":41},{"not_picked":["ats:Very Hot Blade+1","ats:Flexible Camouflage","ats:Directed Diagnosis+1"],"picked":"SKIP","floor":42},{"not_picked":["ats:Volcano","ats:Song Of Battle+1"],"picked":"ats:Healing Drone+1","floor":44},{"not_picked":["ats:Explosion Area Strengthen","ats:Flexible Camouflage+1"],"picked":"ats:Chain Hook","floor":46},{"not_picked":["ats:Shell Defense","ats:Cat Scratch","ats:Red Shift"],"picked":"SKIP","floor":48}],"player_experience":827914,"relics_obtained":[{"floor":9.0,"key":"Bag of Preparation"},{"floor":11,"key":"ats:Originium"},{"floor":11,"key":"Oddly Smooth Stone"},{"floor":26,"key":"Gremlin Horn"},{"floor":36,"key":"Mango"},{"floor":43,"key":"Ornamental Fan"}],"event_choices":[{"cards_removed":["ats:Strike V"],"damage_healed":0.0,"max_hp_gain":0.0,"max_hp_loss":0.0,"gold_gain":0.0,"event_name":"Golden Wing","player_choice":"Card Removal","floor":7.0,"gold_loss":0.0,"damage_taken":7.0},{"damage_healed":0,"gold_gain":0,"player_choice":"Success","damage_taken":7,"relics_obtained":["Blood Vial"],"max_hp_gain":0,"max_hp_loss":0,"event_name":"Scrap Ooze","floor":12,"gold_loss":0},{"damage_healed":0,"gold_gain":0,"player_choice":"Bought 3 Potions","damage_taken":0,"max_hp_gain":0,"max_hp_loss":0,"event_name":"The Woman in Blue","floor":19,"gold_loss":0},{"cards_removed":["ats:Defend"],"damage_healed":0,"gold_gain":0,"player_choice":"Offered Basic","damage_taken":0,"max_hp_gain":0,"max_hp_loss":0,"event_name":"Bonfire Elementals","floor":21,"gold_loss":0},{"damage_healed":0,"gold_gain":0,"player_choice":"Ignored","damage_taken":0,"max_hp_gain":0,"max_hp_loss":0,"event_name":"Cursed Tome","floor":31,"gold_loss":0},{"damage_healed":0,"gold_gain":0,"player_choice":"Fight","damage_taken":0,"max_hp_gain":0,"max_hp_loss":0,"event_name":"Mysterious Sphere","floor":36,"gold_loss":0}],"is_beta":false,"boss_relics":[{"not_picked":["SlaversCollar","ats:Sanity Plus"],"picked":"Empty Cage"},{"not_picked":["Runic Dome","Fusion Hammer"],"picked":"Philosopher\u0027s Stone"}],"items_purged_floors":[5,37],"is_endless":false,"potions_floor_spawned":[3,4,10,11,24,25,29,35,44,48],"ascension_level":3}}