{"host":"vsdszi3rnxsdp24p","time":1609606804,"event":{"mods":["AchievementEnabler","BaseMod","Colored Map","Colored Powertips","Hermit","Highlight Path","Minty Spire (QoL Compilation)","Quick Restart","Relic Sorter","Relic Stats","StSLib","SuperFastMode","Synergy Search","The Cursed","The Mystic"],"gold_per_floor":[109,125,125,125,16,16,16,30,106,123,6,26,38,64,64,160,160,180,2,2,28,40,40,74,74,99,134,134,134,20,34,34,137,137,148,148,148],"floor_reached":36,"playtime":1402,"items_purged":[],"score":465,"play_id":"8d5e263b-3518-4b6c-9fa5-3233b986a670","local_time":"20210102180004","is_ascension_mode":false,"campfire_choices":[{"data":"Dual Wield","floor":6,"key":"SMITH"},{"data":"Double Tap","floor":15,"key":"SMITH"},{"data":"Demon Form","floor":23,"key":"SMITH"},{"floor":28,"key":"RECALL"},{"floor":32,"key":"REST"}],"circlet_count":0,"master_deck":["Defend_R+1","Defend_R+1","Defend_R+1","Defend_R+1","Bash+1","Dual Wield+1","Battle Trance","Whirlwind","Fire Breathing","Whirlwind","Heavy Blade","Intimidate","Pommel Strike","Clash","Metallicize","Metallicize","Sword Boomerang","Body Slam","Evolve","Bloodletting","Double Tap+1","Demon Form+1","Power Through","Rupture","Heavy Blade","Bite","Bite","Bite","Bite","Bite+1","Flex","Armaments","Spot Weakness+1","Reaper","Heavy Blade+1","Combust","Double Tap","Seeing Red+1"],"relics":["Burning Blood","NeowsBlessing","Prayer Wheel","The Courier","Mercury Hourglass","Odd Mushroom","SlaversCollar","Sling","Whetstone","MealTicket","Bottled Tornado"],"acts_visited":["Exordium","TheCity","TheBeyond"],"potions_floor_usage":[10,10,14,16,22,24,33,35],"damage_taken":[{"damage":0,"enemies":"Jaw Worm","floor":1,"turns":1},{"damage":0,"enemies":"2 Louse","floor":2,"turns":1},{"damage":0,"enemies":"Cultist","floor":8,"turns":1},{"damage":12,"enemies":"Exordium Thugs","floor":10,"turns":4},{"damage":0,"enemies":"Red Slaver","floor":12,"turns":1},{"damage":0,"enemies":"3 Louse","floor":13,"turns":1},{"damage":0,"enemies":"The Mushroom Lair","floor":14,"turns":2},{"damage":43,"enemies":"Slime Boss","floor":16,"turns":9},{"damage":45,"enemies":"Shell Parasite","floor":18,"turns":6},{"damage":5,"enemies":"Spheric Guardian","floor":22,"turns":3},{"damage":20,"enemies":"Gremlin Leader","floor":24,"turns":5},{"damage":24,"enemies":"Slavers","floor":27,"turns":4},{"damage":40,"enemies":"Snake Plant","floor":31,"turns":5},{"damage":31,"enemies":"Champ","floor":33,"turns":8},{"damage":66,"enemies":"3 Shapes","floor":35,"turns":6},{"damage":36,"enemies":"3 Darklings","floor":36,"turns":5}],"seed_played":"-5737247142786843417","potions_obtained":[{"floor":1,"key":"Fire Potion"},{"floor":8,"key":"DuplicationPotion"},{"floor":10,"key":"BlessingOfTheForge"},{"floor":12,"key":"DuplicationPotion"},{"floor":22,"key":"Weak Potion"},{"floor":31,"key":"EssenceOfSteel"},{"floor":33,"key":"SkillPotion"}],"is_trial":false,"path_per_floor":["M","M","?","?","$","R","T","M","T","M","$","M","M","?","R","B",null,"M","$","?","T","M","R","E","?","T","E","R","?","$","M","R","B",null,"M","M"],"character_chosen":"IRONCLAD","items_purchased":["Fire Breathing","Whirlwind","Metallicize","Metallicize","Heavy Blade","Sling","Fire Potion","Reaper"],"campfire_rested":1,"item_purchase_floors":[5,5,11,11,19,19,19,30],"current_hp_per_floor":[80,80,73,73,73,73,73,79,79,73,73,79,80,80,80,43,80,41,41,41,41,47,47,35,35,35,22,22,40,55,36,52,33,56,29,0,0],"gold":148,"neow_bonus":"THREE_ENEMY_KILL","is_daily":false,"chose_seed":false,"campfire_upgraded":3,"win_rate":0.0,"timestamp":1609606804,"path_taken":["M","M","?","?","$","R","?","M","T","?","?","M","?","?","R","BOSS","M","$","?","?","?","R","E","?","T","E","R","?","$","M","R","BOSS","M","M"],"items_purchased_type":["Card","Card","Card","Card","Card","Relic","Potion","Card"],"build_version":"2020-12-22","purchased_purges":0,"victory":false,"max_hp_per_floor":[80,80,80,80,80,80,80,80,80,80,80,80,80,80,80,80,80,80,80,56,56,56,56,56,56,56,56,56,56,56,56,56,56,56,56,56,56],"relic_stats":{"counters":[16,62],"Prayer Wheel":8,"MealTicket":15,"Whetstone":["Bite","Bash"],"obtain_stats":[{"SlaversCollar":17,"NeowsBlessing":0,"Prayer Wheel":3,"MealTicket":24,"The Courier":7,"Whetstone":21,"Odd Mushroom":14,"Bottled Tornado":27,"Sling":19,"Burning Blood":0,"Mercury Hourglass":9},{"SlaversCollar":8,"NeowsBlessing":0,"Prayer Wheel":2,"MealTicket":11,"The Courier":2,"Whetstone":9,"Odd Mushroom":7,"Bottled Tornado":12,"Sling":9,"Burning Blood":0,"Mercury Hourglass":3},{"SlaversCollar":20,"NeowsBlessing":0,"Prayer Wheel":2,"MealTicket":34,"The Courier":2,"Whetstone":26,"Odd Mushroom":11,"Bottled Tornado":38,"Sling":26,"Burning Blood":0,"Mercury Hourglass":3}],"Burning Blood":67,"Mercury Hourglass":[233]},"card_choices":[{"not_picked":["Armaments","Iron Wave"],"picked":"Dual Wield","floor":1},{"not_picked":["Wild Strike","Sword Boomerang"],"picked":"Battle Trance","floor":2},{"not_picked":["Pummel","Rampage"],"picked":"Heavy Blade","floor":8},{"not_picked":["Burning Pact","Body Slam"],"picked":"Intimidate","floor":8},{"not_picked":["Second Wind","Shrug It Off"],"picked":"Pommel Strike","floor":10},{"not_picked":["Rampage","True Grit"],"picked":"Clash","floor":10},{"not_picked":["Rampage","Warcry"],"picked":"Sword Boomerang","floor":12},{"not_picked":["Burning Pact","Thunderclap"],"picked":"Body Slam","floor":12},{"not_picked":["Sever Soul","Cleave"],"picked":"Evolve","floor":13},{"not_picked":["Pommel Strike","Heavy Blade"],"picked":"Bloodletting","floor":13},{"not_picked":["Clothesline","True Grit"],"picked":"Double Tap","floor":14},{"not_picked":["Double Tap","Impervious"],"picked":"Demon Form","floor":16},{"not_picked":["Body Slam","Shrug It Off"],"picked":"Power Through","floor":18},{"not_picked":["Shrug It Off+1","Anger"],"picked":"Rupture","floor":18},{"not_picked":["Pommel Strike","Wild Strike"],"picked":"Flex","floor":22},{"not_picked":["Sword Boomerang","Warcry"],"picked":"Armaments","floor":22},{"not_picked":["Intimidate","Armaments"],"picked":"Spot Weakness+1","floor":24},{"not_picked":["Warcry","Dark Embrace","Iron Wave+1"],"picked":"SKIP","floor":27},{"not_picked":["Twin Strike","Sword Boomerang"],"picked":"Heavy Blade+1","floor":31},{"not_picked":["Wild Strike","Rupture"],"picked":"Combust","floor":31},{"not_picked":["Reaper","Bludgeon"],"picked":"Double Tap","floor":33},{"not_picked":["Clash+1","Anger+1"],"picked":"Seeing Red+1","floor":35},{"not_picked":["Sword Boomerang","Clash","Perfected Strike+1"],"picked":"SKIP","floor":35}],"player_experience":112125,"relics_obtained":[{"floor":7,"key":"The Courier"},{"floor":9,"key":"Mercury Hourglass"},{"floor":14,"key":"Odd Mushroom"},{"floor":21,"key":"Whetstone"},{"floor":24,"key":"MealTicket"},{"floor":27,"key":"Bottled Tornado"}],"event_choices":[{"damage_healed":0,"gold_gain":0,"player_choice":"Success","damage_taken":7,"relics_obtained":["Prayer Wheel"],"max_hp_gain":0,"max_hp_loss":0,"event_name":"Scrap Ooze","floor":3,"gold_loss":0},{"damage_healed":0,"gold_gain":0,"cards_transformed":["Strike_R"],"player_choice":"Change","damage_taken":0,"max_hp_gain":0,"max_hp_loss":0,"event_name":"Living Wall","floor":4,"gold_loss":0,"cards_obtained":["Whirlwind"]},{"damage_healed":0,"gold_gain":0,"player_choice":"Fought Mushrooms","damage_taken":0,"max_hp_gain":0,"max_hp_loss":0,"event_name":"Mushrooms","floor":14,"gold_loss":0},{"damage_healed":0,"gold_gain":0,"player_choice":"Became a vampire","damage_taken":0,"max_hp_gain":0,"max_hp_loss":24,"event_name":"Vampires","floor":20,"gold_loss":0,"cards_obtained":["Bite","Bite","Bite","Bite","Bite"]},{"damage_healed":0,"gold_gain":0,"player_choice":"Simplicity","damage_taken":0,"max_hp_gain":0,"max_hp_loss":0,"event_name":"Back to Basics","floor":25,"gold_loss":0,"cards_upgraded":["Defend_R","Defend_R","Defend_R","Defend_R"]},{"damage_healed":18,"gold_gain":0,"player_choice":"Heal","damage_taken":0,"max_hp_gain":0,"max_hp_loss":0,"event_name":"The Library","floor":29,"gold_loss":0}],"is_beta":false,"boss_relics":[{"not_picked":["Snecko Eye","Black Blood"],"picked":"SlaversCollar"},{"not_picked":["Coffee Dripper","Runic Dome","Velvet Choker"]}],"items_purged_floors":[],"is_endless":false,"potions_floor_spawned":[1,8,10,12,22,31,33],"killed_by":"3 Darklings","ascension_level":0}}