{"host":"ao8ok4k25npyixk7","time":1609545784,"event":{"mods":["BaseMod","Colored Map","Minty Spire (QoL Compilation)"],"gold_per_floor":[111,128,128,147,147,147,173,173,173,189,189,154,179,254,254,328,328,346,296,307,307,317,317,344,344,413,413,432,432,432,444,444,523,523,539,550,181,181,235,235,261,154,177,207,207,226,255,255,255,255],"floor_reached":51,"playtime":2061,"items_purged":["Strike_G"],"score":1535,"play_id":"d09b316e-fed1-46e7-9b6f-7ed8f1187596","local_time":"20210102010304","is_ascension_mode":true,"campfire_choices":[{"data":"Blade Dance","floor":6,"key":"SMITH"},{"data":"Leg Sweep","floor":8,"key":"SMITH"},{"data":"Skewer","floor":11,"key":"SMITH"},{"data":"Dagger Throw","floor":15,"key":"SMITH"},{"data":"Wraith Form v2","floor":23,"key":"SMITH"},{"data":"Blade Dance","floor":27,"key":"SMITH"},{"data":"Phantasmal Killer","floor":30,"key":"SMITH"},{"data":"Blade Dance","floor":32,"key":"SMITH"},{"data":"Envenom","floor":40,"key":"SMITH"},{"data":"Footwork","floor":49,"key":"SMITH"}],"circlet_count":0,"master_deck":["AscendersBane","Strike_G","Defend_G","Defend_G","Defend_G","Defend_G","Defend_G","Survivor+1","Neutralize","Injury","Blade Dance+1","Backflip","Skewer+1","Leg Sweep+1","Acrobatics","Dagger Throw+1","Phantasmal Killer+1","Slice","Backstab","Wraith Form v2+1","Blade Dance+1","PiercingWail+1","Pain","Blade Dance+1","Envenom+1","Finisher+1","Poisoned Stab+1","Prepared+1","Poisoned Stab+1","Accuracy+1","Masterful Stab+1","Distraction+1","Reflex+1","Footwork+1","Writhe","Leg Sweep","Catalyst+1"],"relics":["Ring of the Snake","Du-Vu Doll","TungstenRod","Mercury Hourglass","Pocketwatch","Nunchaku","Blue Candle","WristBlade","Incense Burner","MealTicket","Sundial","WarpedTongs","Astrolabe","Orrery","Potion Belt","Mango","Pen Nib","War Paint","Eternal Feather","Mummified Hand"],"acts_visited":["TheCity","TheBeyond"],"potions_floor_usage":[7,16,24,33,44,50,50],"damage_taken":[{"damage":0,"enemies":"Cultist","floor":1,"turns":3},{"damage":1,"enemies":"Jaw Worm","floor":2,"turns":4},{"damage":0,"enemies":"2 Louse","floor":4,"turns":2},{"damage":7,"enemies":"Gremlin Nob","floor":7,"turns":3},{"damage":1,"enemies":"Lots of Slimes","floor":10,"turns":2},{"damage":0,"enemies":"Lagavulin","floor":13,"turns":4},{"damage":0,"enemies":"Slime Boss","floor":16,"turns":6},{"damage":0,"enemies":"Chosen","floor":18,"turns":3},{"damage":0,"enemies":"Spheric Guardian","floor":20,"turns":1},{"damage":12,"enemies":"Snake Plant","floor":22,"turns":2},{"damage":0,"enemies":"Slavers","floor":24,"turns":4},{"damage":7,"enemies":"Shelled Parasite and Fungi","floor":28,"turns":3},{"damage":0,"enemies":"Sentry and Sphere","floor":31,"turns":2},{"damage":13,"enemies":"Collector","floor":33,"turns":8},{"damage":0,"enemies":"3 Shapes","floor":35,"turns":3},{"damage":0,"enemies":"Orb Walker","floor":36,"turns":1},{"damage":7,"enemies":"2 Orb Walkers","floor":39,"turns":3},{"damage":18,"enemies":"Reptomancer","floor":41,"turns":5},{"damage":44,"enemies":"Nemesis","floor":44,"turns":7},{"damage":0,"enemies":"Sphere and 2 Shapes","floor":46,"turns":2},{"damage":0,"enemies":"Giant Head","floor":47,"turns":5},{"damage":27,"enemies":"Time Eater","floor":50,"turns":8}],"seed_played":"4200544038836249518","potions_obtained":[{"floor":1,"key":"Poison Potion"},{"floor":4,"key":"Strength Potion"},{"floor":16,"key":"ColorlessPotion"},{"floor":24,"key":"FearPotion"},{"floor":28,"key":"DuplicationPotion"},{"floor":33,"key":"FairyPotion"},{"floor":36,"key":"Regen Potion"},{"floor":44,"key":"SpeedPotion"},{"floor":46,"key":"Swift Potion"},{"floor":47,"key":"Dexterity Potion"}],"is_trial":false,"path_per_floor":["M","M","$","M","?","R","E","R","T","M","R","?","E","T","R","B",null,"M","?","M","?","M","R","E","?","T","R","M","?","R","M","R","B",null,"M","M","$","?","?","R","E","$","T","E","?","M","E","?","R","B",null],"character_chosen":"THE_SILENT","items_purchased":["Orrery","Potion Belt","CunningPotion","Footwork"],"campfire_rested":0,"item_purchase_floors":[37,37,42,42],"current_hp_per_floor":[59,58,58,58,40,40,33,33,33,32,32,48,48,48,48,48,62,62,62,62,62,50,50,50,50,50,50,43,43,43,43,43,30,57,57,57,66,66,73,73,55,70,70,41,57,57,57,57,78,51],"gold":255,"neow_bonus":"ONE_RARE_RELIC","is_daily":false,"chose_seed":false,"campfire_upgraded":10,"win_rate":0.0,"timestamp":1609545784,"path_taken":["M","M","$","M","?","R","E","R","T","M","R","?","E","?","R","BOSS","M","?","?","?","M","R","E","?","T","R","?","?","R","M","R","BOSS","M","?","$","?","?","R","E","$","T","E","?","M","E","?","R","BOSS"],"items_purchased_type":["Relic","Relic","Potion","Card"],"build_version":"2020-12-22","purchased_purges":1,"victory":true,"max_hp_per_floor":[66,66,66,66,66,66,66,66,66,66,66,66,66,66,66,66,66,66,66,66,66,66,66,66,66,66,66,66,66,66,66,66,66,66,66,66,66,66,80,80,80,80,80,80,80,80,80,80,80,80],"card_choices":[{"not_picked":["Sucker Punch","Deflect"],"picked":"Blade Dance","floor":1},{"not_picked":["Bouncing Flask","Prepared"],"picked":"Backflip","floor":2},{"not_picked":["Predator","Outmaneuver"],"picked":"Skewer","floor":4},{"not_picked":["Prepared","Reflex"],"picked":"Leg Sweep","floor":7},{"not_picked":["Flying Knee","Bouncing Flask"],"picked":"Acrobatics","floor":10},{"not_picked":["Underhanded Strike","Deflect"],"picked":"Dagger Throw","floor":13},{"not_picked":["Storm of Steel","After Image"],"picked":"Phantasmal Killer","floor":16},{"not_picked":["Dodge and Roll","Acrobatics"],"picked":"Slice","floor":18},{"not_picked":["Flying Knee","Leg Sweep"],"picked":"Backstab","floor":20},{"not_picked":["Distraction","Footwork"],"picked":"Outmaneuver","floor":22},{"not_picked":["Dagger Throw","Caltrops"],"picked":"Blade Dance","floor":24},{"not_picked":["Tactician","Deflect"],"picked":"PiercingWail","floor":28},{"not_picked":["Poisoned Stab","Outmaneuver+1"],"picked":"Blade Dance","floor":31},{"not_picked":["Grand Finale","Doppelganger"],"picked":"Envenom","floor":33},{"not_picked":["Deadly Poison","Dash"],"picked":"Poisoned Stab+1","floor":35},{"not_picked":["Leg Sweep","Prepared","Dagger Throw"],"picked":"SKIP","floor":36},{"not_picked":["Skewer+1","Setup"],"picked":"Accuracy+1","floor":37},{"not_picked":["Flying Knee","Outmaneuver"],"picked":"Masterful Stab+1","floor":37},{"not_picked":["Deadly Poison","Envenom"],"picked":"Distraction+1","floor":37},{"not_picked":["Deadly Poison+1","Sucker Punch+1"],"picked":"Reflex+1","floor":39},{"not_picked":["Quick Slash","Envenom","Masterful Stab"],"picked":"SKIP","floor":41},{"not_picked":["Distraction","Riddle With Holes","Dash"],"picked":"SKIP","floor":44},{"not_picked":["Acrobatics","Underhanded Strike"],"picked":"Leg Sweep","floor":46},{"not_picked":["Concentrate","Underhanded Strike"],"picked":"Catalyst+1","floor":47}],"player_experience":248996,"relics_obtained":[{"floor":7,"key":"Mercury Hourglass"},{"floor":9,"key":"Pocketwatch"},{"floor":13,"key":"Nunchaku"},{"floor":14,"key":"Blue Candle"},{"floor":24,"key":"Incense Burner"},{"floor":26,"key":"Sundial"},{"floor":39,"key":"Mango"},{"floor":41,"key":"Pen Nib"},{"floor":43,"key":"War Paint"},{"floor":44,"key":"Eternal Feather"},{"floor":47,"key":"Mummified Hand"}],"event_choices":[{"damage_healed":0,"gold_gain":0,"player_choice":"Success","damage_taken":18,"relics_obtained":["TungstenRod"],"max_hp_gain":0,"max_hp_loss":0,"event_name":"Scrap Ooze","floor":5,"gold_loss":0},{"damage_healed":16,"gold_gain":0,"player_choice":"Healed","damage_taken":0,"max_hp_gain":0,"max_hp_loss":0,"event_name":"The Cleric","floor":12,"gold_loss":35},{"damage_healed":0,"gold_gain":0,"player_choice":"Bet on Murderer","damage_taken":0,"max_hp_gain":0,"max_hp_loss":0,"event_name":"The Joust","floor":19,"gold_loss":50},{"damage_healed":0,"gold_gain":0,"player_choice":"Read","damage_taken":0,"max_hp_gain":0,"max_hp_loss":0,"event_name":"The Library","floor":21,"gold_loss":0,"cards_obtained":["Wraith Form v2"]},{"damage_healed":0,"gold_gain":0,"player_choice":"Gave Potion","damage_taken":0,"relics_obtained":["MealTicket"],"max_hp_gain":0,"max_hp_loss":0,"event_name":"WeMeetAgain","floor":25,"gold_loss":0},{"damage_healed":0,"gold_gain":0,"player_choice":"Rummage","damage_taken":0,"relics_obtained":["WarpedTongs"],"max_hp_gain":0,"max_hp_loss":0,"event_name":"Accursed Blacksmith","floor":29,"gold_loss":0,"cards_obtained":["Pain"]},{"cards_removed":["Outmaneuver"],"damage_healed":0,"gold_gain":0,"player_choice":"Removed Skill","damage_taken":0,"max_hp_gain":0,"max_hp_loss":0,"event_name":"Falling","floor":38,"gold_loss":0},{"damage_healed":0,"gold_gain":0,"player_choice":"Fight","damage_taken":0,"max_hp_gain":0,"max_hp_loss":0,"event_name":"Mysterious Sphere","floor":39,"gold_loss":0},{"damage_healed":16,"gold_gain":0,"player_choice":"Writhe","damage_taken":0,"max_hp_gain":0,"max_hp_loss":0,"event_name":"Winding Halls","floor":45,"gold_loss":0,"cards_obtained":["Writhe"]},{"damage_healed":0,"gold_gain":0,"player_choice":"Ignored","damage_taken":0,"max_hp_gain":0,"max_hp_loss":0,"event_name":"SecretPortal","floor":48,"gold_loss":0}],"is_beta":false,"boss_relics":[{"not_picked":["Ring of the Serpent","Ectoplasm"],"picked":"WristBlade"},{"not_picked":["HoveringKite","Empty Cage"],"picked":"Astrolabe"}],"items_purged_floors":[37],"is_endless":false,"potions_floor_spawned":[1,4,16,24,28,33,36,44,46,47],"ascension_level":15}}