{"host":"aibqmozag2xz7y1n","time":1609630243,"event":{"mods":["AchievementEnabler","BaseMod","Colored Map","Marisa????????","Minty Spire (QoL Compilation)","StSLib","The Servant 0.9.4"],"gold_per_floor":[110,129,129,129,142,66,66,66,118,135,135,145,145,155,155,257,257,272,272,286,286,90,90,101,101,127,53,53,53,66,80,80,184,184,199,148,148,161,161,161],"floor_reached":39,"playtime":1740,"items_purged":[],"score":546,"play_id":"6932657a-9208-4235-b677-f939893193d2","local_time":"20210103003043","is_ascension_mode":false,"campfire_choices":[{"data":"Pray","floor":7,"key":"SMITH"},{"data":"Eruption","floor":13,"key":"SMITH"},{"data":"Prostrate","floor":15,"key":"SMITH"},{"data":"Apotheosis","floor":23,"key":"SMITH"},{"data":"MasterReality","floor":25,"key":"SMITH"},{"floor":29,"key":"REST"},{"floor":32,"key":"REST"}],"circlet_count":0,"master_deck":["Strike_P","Strike_P","Strike_P","Defend_P+1","Defend_P+1","Defend_P","Defend_P","Eruption+1","Vigilance","BattleHymn","CutThroughFate","Protect","ReachHeaven","Pray+1","FearNoEvil","InnerPeace","Prostrate+1","MasterReality+1","Prostrate","FlurryOfBlows","Apotheosis+1","Prostrate","Consecrate","Prostrate","JustLucky","Devotion","SandsOfTime+1","Vengeance+1","DeusExMachina","CurseOfTheBell","FlurryOfBlows","Discovery","Mind Blast","FlurryOfBlows"],"relics":["HolyWater","Bag of Marbles","Smiling Mask","Darkstone Periapt","CultistMask","Art of War","Dream Catcher","Calling Bell","Centennial Puzzle","Ornamental Fan","Du-Vu Doll"],"acts_visited":["TheCity","TheBeyond"],"potions_floor_usage":[16,16,18,20,30,31,39],"damage_taken":[{"damage":0,"enemies":"Cultist","floor":1,"turns":2},{"damage":3,"enemies":"2 Louse","floor":2,"turns":4},{"damage":0,"enemies":"Small Slimes","floor":5,"turns":3},{"damage":0,"enemies":"Red Slaver","floor":10,"turns":3},{"damage":0,"enemies":"Looter","floor":12,"turns":3},{"damage":0,"enemies":"Blue Slaver","floor":14,"turns":6},{"damage":17,"enemies":"Hexaghost","floor":16,"turns":7},{"damage":6,"enemies":"2 Thieves","floor":18,"turns":5},{"damage":27,"enemies":"3 Byrds","floor":20,"turns":5},{"damage":12,"enemies":"Snake Plant","floor":24,"turns":5},{"damage":8,"enemies":"Snecko","floor":30,"turns":6},{"damage":13,"enemies":"Shelled Parasite and Fungi","floor":31,"turns":3},{"damage":54,"enemies":"Collector","floor":33,"turns":7},{"damage":10,"enemies":"3 Shapes","floor":35,"turns":3},{"damage":48,"enemies":"3 Darklings","floor":38,"turns":5},{"damage":23,"enemies":"Transient","floor":39,"turns":2}],"seed_played":"-1254882016458879654","potions_obtained":[{"floor":2,"key":"PowerPotion"},{"floor":5,"key":"BlessingOfTheForge"},{"floor":12,"key":"PowerPotion"},{"floor":16,"key":"SpeedPotion"},{"floor":24,"key":"SteroidPotion"},{"floor":28,"key":"LiquidMemories"},{"floor":28,"key":"SpeedPotion"},{"floor":30,"key":"DistilledChaos"}],"is_trial":false,"path_per_floor":["M","M","?","?","M","$","R","?","T","M","T","M","R","M","R","B",null,"M","?","M","T","$","R","M","R","T","$","?","R","M","M","R","B",null,"M","$","?","M","M"],"character_chosen":"WATCHER","items_purchased":["Pray","Apotheosis","Consecrate","Prostrate","FlurryOfBlows"],"campfire_rested":2,"item_purchase_floors":[6,22,27,27,36],"current_hp_per_floor":[72,69,66,71,71,71,71,56,56,56,56,56,56,56,56,39,77,71,71,44,44,44,44,32,32,32,32,32,55,47,34,57,3,83,73,73,68,20,0,0],"gold":161,"neow_bonus":"TRANSFORM_CARD","is_daily":false,"chose_seed":false,"campfire_upgraded":5,"win_rate":0.0,"timestamp":1609630243,"path_taken":["M","M","?","?","M","$","R","?","T","M","?","?","R","M","R","BOSS","M","?","?","?","$","R","M","R","T","$","?","R","?","M","R","BOSS","M","$","?","M","M"],"items_purchased_type":["Card","Card","Card","Card","Card"],"build_version":"2020-12-22","purchased_purges":0,"victory":false,"max_hp_per_floor":[72,72,72,77,77,77,77,77,77,77,77,77,77,77,77,77,77,77,77,77,77,77,77,77,77,77,77,77,77,77,77,77,77,83,83,83,83,83,83,83],"card_choices":[{"not_picked":["PathToVictory","EmptyMind"],"picked":"CutThroughFate","floor":1},{"not_picked":["Crescendo","WindmillStrike"],"picked":"Protect","floor":2},{"not_picked":["SignatureMove","FlyingSleeves"],"picked":"ReachHeaven","floor":5},{"not_picked":["CutThroughFate","Crescendo"],"picked":"FearNoEvil","floor":10},{"not_picked":["Evaluate","Consecrate"],"picked":"InnerPeace","floor":12},{"not_picked":["Adaptation","DevaForm"],"picked":"Prostrate","floor":14},{"not_picked":["Ragnarok","ConjureBlade"],"picked":"MasterReality","floor":16},{"not_picked":["PathToVictory","FearNoEvil"],"picked":"Prostrate","floor":18},{"not_picked":["FollowUp+1","Weave"],"picked":"FlurryOfBlows","floor":20},{"not_picked":["Nirvana+1","SashWhip"],"picked":"Prostrate","floor":24},{"not_picked":["CrushJoints","EmptyBody"],"picked":"JustLucky","floor":29},{"not_picked":["Nirvana","EmptyBody+1"],"picked":"Devotion","floor":30},{"not_picked":["Prostrate+1","BowlingBash+1"],"picked":"SandsOfTime+1","floor":31},{"not_picked":["FlurryOfBlows+1","Protect"],"picked":"Vengeance+1","floor":32},{"not_picked":["Ragnarok","Brilliance"],"picked":"DeusExMachina","floor":33},{"not_picked":["EmptyBody","ThirdEye","JustLucky+1"],"picked":"SKIP","floor":35},{"not_picked":["The Bomb","PanicButton"],"picked":"Discovery","floor":37},{"not_picked":["Panacea","Purity"],"picked":"Mind Blast","floor":37},{"not_picked":["InnerPeace+1","Wallop+1"],"picked":"FlurryOfBlows","floor":38}],"player_experience":204930,"relics_obtained":[{"floor":9,"key":"Smiling Mask"},{"floor":11,"key":"Darkstone Periapt"},{"floor":21,"key":"Art of War"},{"floor":26,"key":"Dream Catcher"},{"floor":34,"key":"Centennial Puzzle"},{"floor":34,"key":"Ornamental Fan"},{"floor":34,"key":"Du-Vu Doll"}],"event_choices":[{"damage_healed":0,"gold_gain":0,"player_choice":"Success","damage_taken":3,"relics_obtained":["Bag of Marbles"],"max_hp_gain":0,"max_hp_loss":0,"event_name":"Scrap Ooze","floor":3,"gold_loss":0},{"damage_healed":0,"gold_gain":0,"player_choice":"Donut","damage_taken":0,"max_hp_gain":5,"max_hp_loss":0,"event_name":"Big Fish","floor":4,"gold_loss":0},{"damage_healed":0,"gold_gain":0,"player_choice":"Entered Light","damage_taken":15,"max_hp_gain":0,"max_hp_loss":0,"event_name":"Shining Light","floor":8,"gold_loss":0,"cards_upgraded":["Defend_P","Defend_P"]},{"damage_healed":0,"gold_gain":0,"player_choice":"Trade","damage_taken":0,"relics_obtained":["CultistMask"],"max_hp_gain":0,"max_hp_loss":0,"event_name":"FaceTrader","floor":19,"gold_loss":0},{"damage_healed":0,"gold_gain":0,"player_choice":"Got Potions","damage_taken":0,"max_hp_gain":0,"max_hp_loss":0,"event_name":"Lab","floor":28,"gold_loss":0},{"damage_healed":0,"gold_gain":0,"player_choice":"Memory 2","damage_taken":5,"max_hp_gain":0,"max_hp_loss":0,"event_name":"SensoryStone","floor":37,"gold_loss":0}],"is_beta":false,"boss_relics":[{"not_picked":["Cursed Key","VioletLotus"],"picked":"HolyWater"},{"not_picked":["Runic Dome","Black Star"],"picked":"Calling Bell"}],"items_purged_floors":[],"is_endless":false,"potions_floor_spawned":[2,5,12,16,24,30],"killed_by":"Transient","ascension_level":0}}