{"host":"r53pw7z744tg3fxg","time":1609612295,"event":{"mods":["AchievementEnabler","BaseMod","Colored Map","Colored Powertips","Highlight Path","Minty Spire (QoL Compilation)","Quick Restart","Transform Curses"],"gold_per_floor":[109,109,129,146,13,13,46,111,159,176,176,27,56,70,70,70,70],"floor_reached":16,"playtime":667,"items_purged":[],"score":209,"play_id":"019bf12c-f269-401f-977e-27d698bd47c7","local_time":"20210102113135","is_ascension_mode":true,"campfire_choices":[{"data":"Finesse","floor":6,"key":"SMITH"},{"floor":15,"key":"REST"}],"circlet_count":0,"master_deck":["AscendersBane","Strike_P","Strike_P","Strike_P","Strike_P","Defend_P","Defend_P","Defend_P","Defend_P","Eruption+1","Vigilance","EmptyBody","FearNoEvil","FollowUp","Finesse+1","Evaluate","BattleHymn","Swivel","BowlingBash","Ragnarok","ThirdEye"],"relics":["PureWater","Juzu Bracelet","Matryoshka","Bag of Marbles","PreservedInsect","MealTicket","Bronze Scales","Shovel"],"acts_visited":["Exordium"],"potions_floor_usage":[4,7,10,16],"damage_taken":[{"damage":0,"enemies":"Small Slimes","floor":1,"turns":2},{"damage":7,"enemies":"Jaw Worm","floor":3,"turns":4},{"damage":0,"enemies":"Cultist","floor":4,"turns":2},{"damage":10,"enemies":"Lagavulin","floor":7,"turns":5},{"damage":33,"enemies":"Lagavulin Event","floor":8,"turns":6},{"damage":0,"enemies":"Exordium Thugs","floor":10,"turns":4},{"damage":0,"enemies":"Gremlin Nob","floor":13,"turns":3},{"damage":0,"enemies":"Red Slaver","floor":14,"turns":2},{"damage":46,"enemies":"Hexaghost","floor":16,"turns":11}],"seed_played":"-3945326761093303305","potions_obtained":[{"floor":1,"key":"StancePotion"},{"floor":3,"key":"StancePotion"},{"floor":8,"key":"LiquidMemories"},{"floor":13,"key":"Swift Potion"}],"is_trial":false,"path_per_floor":["M","?","M","M","$","R","E","?","T","M","?","$","E","M","R","B"],"character_chosen":"WATCHER","items_purchased":["Finesse","Evaluate","Bronze Scales"],"campfire_rested":1,"item_purchase_floors":[5,5,12],"current_hp_per_floor":[65,65,58,58,58,58,48,15,15,15,8,23,23,23,44,0,0],"gold":70,"neow_bonus":"UPGRADE_CARD","is_daily":false,"chose_seed":false,"campfire_upgraded":1,"win_rate":0.0,"timestamp":1609612295,"path_taken":["M","?","M","M","$","R","E","?","T","M","?","$","E","M","R","BOSS"],"items_purchased_type":["Card","Card","Relic"],"build_version":"2020-12-22","purchased_purges":0,"victory":false,"max_hp_per_floor":[72,72,72,72,72,72,72,72,72,72,72,72,72,72,72,72,72],"card_choices":[{"not_picked":["CrushJoints","BowlingBash"],"picked":"EmptyBody","floor":1},{"not_picked":["Halt","SandsOfTime"],"picked":"FearNoEvil","floor":3},{"not_picked":["EmptyMind","JustLucky"],"picked":"FollowUp","floor":4},{"not_picked":["ThirdEye","Protect"],"picked":"BattleHymn","floor":7},{"not_picked":["Prostrate","FlyingSleeves"],"picked":"Swivel","floor":8},{"not_picked":["ClearTheMind","SignatureMove"],"picked":"BowlingBash","floor":10},{"not_picked":["Study","EmptyMind"],"picked":"Ragnarok","floor":13},{"not_picked":["BowlingBash","Weave"],"picked":"ThirdEye","floor":14}],"player_experience":1180393,"relics_obtained":[{"floor":7,"key":"Juzu Bracelet"},{"floor":8,"key":"Matryoshka"},{"floor":9,"key":"Bag of Marbles"},{"floor":9,"key":"PreservedInsect"},{"floor":13,"key":"Shovel"}],"event_choices":[{"damage_healed":0,"gold_gain":0,"player_choice":"Leave","damage_taken":0,"max_hp_gain":0,"max_hp_loss":0,"event_name":"The Cleric","floor":2,"gold_loss":0},{"damage_healed":0,"gold_gain":0,"player_choice":"Searched \u00272\u0027 times","damage_taken":0,"max_hp_gain":0,"max_hp_loss":0,"event_name":"Dead Adventurer","floor":8,"gold_loss":0},{"damage_healed":0,"gold_gain":0,"player_choice":"Success","damage_taken":7,"relics_obtained":["MealTicket"],"max_hp_gain":0,"max_hp_loss":0,"event_name":"Scrap Ooze","floor":11,"gold_loss":0}],"is_beta":false,"boss_relics":[],"items_purged_floors":[],"is_endless":false,"potions_floor_spawned":[1,3,8,13],"killed_by":"Hexaghost","ascension_level":11}}