{"host":"kev6uqotw4tlyx8l","time":1609607484,"event":{"mods":["Act Like it!","Aspiration","BaseMod","Colored Powertips","Dota2Spire","Downfall","Hallownest","Infinite Spire","Marisa????????","Minty Spire (QoL Compilation)","Quick Restart","Remilia??????","Replay The Spire","StSLib","The Cursed","The Marked","The Mystic","The Servant 0.9.4"],"gold_per_floor":[116,116,127,76,111,111,89,89,116,116,170,170,183,183,183,305,305,344,344,354,354,392,392,392,392],"floor_reached":24,"playtime":553,"items_purged":[],"score":194,"play_id":"6df4d973-c31e-49c9-8df1-ad3b8123bb43","local_time":"20210103001124","is_ascension_mode":false,"campfire_choices":[{"data":"GrandCross","floor":6,"key":"SMITH"},{"data":"DC","floor":8,"key":"SMITH"},{"data":"WitchOfGreed","floor":10,"key":"SMITH"},{"floor":15,"key":"REST"},{"floor":23,"key":"REST"}],"circlet_count":0,"master_deck":["Strike_MRS+1","Strike_MRS+1","Strike_MRS+1","Strike_MRS+1","Defend_MRS+1","Defend_MRS+1","Defend_MRS+1","Defend_MRS+1","MasterSpark+1","PropBag+1","MilkyWay","WitchOfGreed+1","GrandCross+1","DC+1","MilkyWay","Replay:Light Bash","DoubleSpark","TreasureHunter","Singularity+1","Voices","ReplayTheSpireMod:Splinters","infinitespire:NeuralNetwork","MysteriousBeam"],"relics":["MiniHakkero","Dota2Spire:EchoSabre","Blood Vial","infinitespire:Cupcake","Blue Candle"],"acts_visited":["Exordium","TheCity"],"potions_floor_usage":[11,20,22],"damage_taken":[{"damage":1,"enemies":"2 Louse","floor":1,"turns":2},{"damage":6,"enemies":"Cultist","floor":3,"turns":3},{"damage":1,"enemies":"Small Slimes","floor":5,"turns":4},{"damage":13,"enemies":"Lagavulin","floor":11,"turns":3},{"damage":12,"enemies":"3 Louse","floor":13,"turns":3},{"damage":52,"enemies":"Hexaghost","floor":16,"turns":9},{"damage":6,"enemies":"Spheric Guardian","floor":18,"turns":3},{"damage":15,"enemies":"2 Thieves","floor":20,"turns":3},{"damage":33,"enemies":"Snecko","floor":22,"turns":5},{"damage":22,"enemies":"Cultist and Chosen","floor":24,"turns":5}],"seed_played":"4347317879731827810","potions_obtained":[{"floor":5,"key":"Explosive Potion"},{"floor":11,"key":"SpeedPotion"},{"floor":16,"key":"SteroidPotion"},{"floor":18,"key":"GamblersBrew"},{"floor":20,"key":"Fire Potion"},{"floor":22,"key":"Adrenaline Potion"}],"is_trial":false,"path_per_floor":["M","?","M","$","M","R","$","R","T","R","E","?","M","?","R","B",null,"M","?","M","?","M","R","M"],"character_chosen":"MARISA","items_purchased":["WitchOfGreed","DC"],"campfire_rested":2,"item_purchase_floors":[4,7],"current_hp_per_floor":[74,74,68,68,67,67,67,67,67,67,54,54,44,44,66,16,75,69,69,56,56,25,47,27,27],"gold":392,"neow_bonus":"RANDOM_EVENT","is_daily":false,"chose_seed":false,"campfire_upgraded":3,"win_rate":0.0,"timestamp":1609607484,"path_taken":["M","?","?","$","?","R","$","R","T","R","E","?","M","?","R","BOSS","M","?","M","?","M","R","M"],"items_purchased_type":["Card","Card"],"build_version":"2020-12-22","purchased_purges":0,"victory":false,"max_hp_per_floor":[75,75,75,75,75,75,75,75,75,75,75,75,75,75,75,75,75,75,75,75,75,75,75,75,75],"card_choices":[{"not_picked":["GasGiant","AsteroidBelt"],"picked":"PropBag","floor":1},{"not_picked":["AsteroidBelt","NonDirectionalLaser"],"picked":"MilkyWay","floor":3},{"not_picked":["Acceleration","UnstableBomb"],"picked":"GrandCross","floor":5},{"not_picked":["StarlightTyphoon","WitchOfGreed"],"picked":"MilkyWay","floor":11},{"not_picked":["AsteroidBelt","GasGiant"],"picked":"DoubleSpark","floor":13},{"not_picked":["MaximisePower","JA"],"picked":"TreasureHunter","floor":16},{"not_picked":["WitchLeyline+1","MagicChant"],"picked":"Singularity+1","floor":18},{"not_picked":["WitchLeyline+1","OneTimeOff+1","GalacticHalo"],"picked":"SKIP","floor":20},{"not_picked":["infinitespire:Collect","ReplayTheSpireMod:Black Plague"],"picked":"infinitespire:NeuralNetwork","floor":21},{"not_picked":["6A","GalacticHalo"],"picked":"MysteriousBeam","floor":22}],"player_experience":61748,"relics_obtained":[{"floor":9,"key":"Dota2Spire:EchoSabre"},{"floor":11,"key":"Blood Vial"}],"event_choices":[{"damage_healed":0,"gold_gain":0,"player_choice":"Grow","damage_taken":0,"max_hp_gain":0,"max_hp_loss":0,"event_name":"Living Wall","floor":0,"gold_loss":0,"cards_upgraded":["MasterSpark"]},{"damage_healed":0,"gold_gain":0,"player_choice":"Forge","damage_taken":0,"max_hp_gain":0,"max_hp_loss":0,"event_name":"Accursed Blacksmith","floor":2,"gold_loss":0,"cards_upgraded":["PropBag"]},{"damage_healed":0,"gold_gain":0,"player_choice":"Searched \u00271\u0027 times","damage_taken":0,"max_hp_gain":0,"max_hp_loss":0,"event_name":"Dead Adventurer","floor":14,"gold_loss":0},{"damage_healed":0,"gold_gain":0,"player_choice":"Simplicity","damage_taken":0,"max_hp_gain":0,"max_hp_loss":0,"event_name":"Back to Basics","floor":19,"gold_loss":0,"cards_upgraded":["Strike_MRS","Strike_MRS","Strike_MRS","Strike_MRS","Defend_MRS","Defend_MRS","Defend_MRS","Defend_MRS"]}],"is_beta":false,"boss_relics":[{"not_picked":["Fusion Hammer","Sozu"],"picked":"infinitespire:Cupcake"}],"items_purged_floors":[],"is_endless":false,"potions_floor_spawned":[5,11,20,22],"killed_by":"Cultist and Chosen","ascension_level":0}}