{"host":"0m9eol038u0i1tir","time":1609617321,"event":{"mods":["BaseMod","BetterRewards","CapriCore","Clockwork Mod","Ekko","Evolution","Friendly Minions","Hubris","Minty Spire (QoL Compilation)","Permanent Neow","Replay The Spire","Robot Space Explorer","Shade Mod","StSLib","SuperFastMode","The Marked","TheVacant","vexMod"],"gold_per_floor":[110,110,126,126,126,126,158,11,11,11,11,44,59,72,72,173,173,184,198,198,208,153,178,197,197,220,252,272,289,289,289],"floor_reached":30,"playtime":1455,"items_purged":["Writhe","theMarked:Strike"],"score":305,"play_id":"a2476582-489d-43f7-82b8-4b696e531dd5","local_time":"20210102165521","is_ascension_mode":false,"campfire_choices":[{"data":"theMarked:SoldierOfQuellstein","floor":6,"key":"SMITH"},{"data":"theMarked:Standoff","floor":10,"key":"SMITH"},{"floor":15,"key":"REST"},{"floor":25,"key":"REST"}],"circlet_count":0,"master_deck":["theMarked:Strike","theMarked:Strike","theMarked:Strike","theMarked:Strike","theMarked:Defend","theMarked:Defend","theMarked:Defend","theMarked:SoldierOfQuellstein+1","theMarked:CreepingChasm","theMarked:Panic","theMarked:DispelDoubt","theMarked:Standoff+1","theMarked:ChainLightning","theMarked:Opportunist","theMarked:LightningStrikesTwice","theMarked:BindingBlade+1","theMarked:SelfDefenseTraining","theMarked:WardOff+1","theMarked:Aftermath+1","theMarked:DeterminationOfTheMarked+1","theMarked:BanishingWave+1","theMarked:BanishingStrike","theMarked:BindingBlade+1","theMarked:BanishingStrike+1","theMarked:Frustration+1"],"relics":["theMarked:ArtifactOfAir","EVO:Axolotl","ReplayTheSpireMod:TigerMarble","Boot","StrikeDummy","Toxic Egg 2","theMarked:Gun","Snecko Heart","Nloth\u0027s Gift","Blue Candle","vexMod:BarristanHead","hubris:TenFootPole"],"acts_visited":["Exordium","TheCity"],"potions_floor_usage":[16,23,24,30,30],"damage_taken":[{"damage":5,"enemies":"2 Louse","floor":1,"turns":2},{"damage":0,"enemies":"Cultist","floor":3,"turns":2},{"damage":14,"enemies":"Gremlin Nob","floor":7,"turns":3},{"damage":0,"enemies":"Replay:BlueRogue","floor":12,"turns":4},{"damage":0,"enemies":"Small Slimes","floor":13,"turns":1},{"damage":13,"enemies":"Exordium Wildlife","floor":14,"turns":2},{"damage":35,"enemies":"The Guardian","floor":16,"turns":10},{"damage":0,"enemies":"Chosen","floor":18,"turns":2},{"damage":18,"enemies":"Shell Parasite","floor":19,"turns":3},{"damage":6,"enemies":"3 Cultists","floor":21,"turns":6},{"damage":17,"enemies":"Book of Stabbing","floor":23,"turns":5},{"damage":0,"enemies":"Centurion and Healer","floor":24,"turns":2},{"damage":10,"enemies":"Replay:Snechameleon","floor":27,"turns":3},{"damage":9,"enemies":"Chosen and Byrds","floor":28,"turns":5},{"damage":0,"enemies":"Snake Plant","floor":29,"turns":1},{"damage":33,"enemies":"Slavers","floor":30,"turns":2}],"seed_played":"-1280854478150952491","potions_obtained":[{"floor":1,"key":"BlessingOfTheForge"},{"floor":16,"key":"FearPotion"},{"floor":18,"key":"theMarked:ChargePotion"},{"floor":23,"key":"AttackPotion"},{"floor":29,"key":"Strength Potion"}],"is_trial":false,"path_per_floor":["M","?","M","?","?","R","E","$","T","R","$","E","M","M","R","B",null,"M","M","?","M","$","E","M","R","T","E","M","M","E"],"character_chosen":"THE_DEFAULT","items_purchased":["theMarked:Standoff","Toxic Egg 2","theMarked:DeterminationOfTheMarked+1"],"campfire_rested":2,"item_purchase_floors":[8,11,22],"current_hp_per_floor":[65,65,65,65,65,65,51,51,51,51,30,30,30,17,38,3,70,70,52,52,46,46,29,29,50,50,40,31,31,0,0],"gold":289,"neow_bonus":"RANDOM_COMMON_RELIC","is_daily":false,"chose_seed":false,"campfire_upgraded":2,"win_rate":0.0,"timestamp":1609617321,"path_taken":["M","?","?","?","?","R","E","$","T","R","?","E","M","M","R","BOSS","M","?","?","?","$","E","M","R","T","E","M","?","E"],"items_purchased_type":["Card","Relic","Card"],"build_version":"2020-12-22","purchased_purges":2,"victory":false,"max_hp_per_floor":[70,70,70,70,70,70,70,70,70,70,70,70,70,70,70,70,70,70,70,70,70,70,70,70,70,70,70,70,70,70,70],"card_choices":[{"not_picked":["theMarked:Static","theMarked:WastefulAttack"],"picked":"theMarked:CreepingChasm","floor":1},{"not_picked":["theMarked:WastefulAttack","theMarked:BanishingStrike"],"picked":"theMarked:Panic","floor":3},{"not_picked":["theMarked:TakeCover","theMarked:SelfDefenseTraining"],"picked":"theMarked:DispelDoubt","floor":7},{"not_picked":["theMarked:WastefulAttack","theMarked:RepellingDischarge+1"],"picked":"theMarked:ChainLightning","floor":12},{"not_picked":["theMarked:WardOff+1","theMarked:TakeCover+1"],"picked":"theMarked:Opportunist","floor":13},{"not_picked":["theMarked:Parry+1","theMarked:PowerFlow+1"],"picked":"theMarked:LightningStrikesTwice","floor":14},{"not_picked":["theMarked:TakeOffHeels+1","theMarked:MuscleMemory"],"picked":"theMarked:BindingBlade+1","floor":16},{"not_picked":["theMarked:ChainLightning","theMarked:Overthink+1"],"picked":"theMarked:SelfDefenseTraining","floor":18},{"not_picked":["theMarked:Electrify+1","theMarked:WastefulAttack+1"],"picked":"theMarked:WardOff+1","floor":19},{"not_picked":["theMarked:TakeCover+1","theMarked:StartUp+1"],"picked":"theMarked:Aftermath+1","floor":21},{"not_picked":["theMarked:Electrocute","theMarked:ChainLightning"],"picked":"theMarked:BanishingWave+1","floor":23},{"not_picked":["theMarked:Static+1","theMarked:Parkour+1"],"picked":"theMarked:BanishingStrike","floor":24},{"not_picked":["theMarked:WastefulDefense+1","theMarked:SummonStrength"],"picked":"theMarked:BindingBlade+1","floor":27},{"not_picked":["theMarked:KeepCalmAndFightOn","theMarked:PowerFlow+1"],"picked":"theMarked:BanishingStrike+1","floor":28},{"not_picked":["theMarked:WastefulDefense+1","theMarked:EnhanceMovement+1"],"picked":"theMarked:Frustration+1","floor":29}],"player_experience":1145448,"relics_obtained":[{"floor":4,"key":"Ring of Fury"},{"floor":7,"key":"Boot"},{"floor":9,"key":"StrikeDummy"},{"floor":12,"key":"theMarked:Gun"},{"floor":23,"key":"Blue Candle"},{"floor":26,"key":"vexMod:BarristanHead"},{"floor":27,"key":"hubris:TenFootPole"}],"event_choices":[{"cards_removed":["theMarked:Defend"],"damage_healed":0,"gold_gain":0,"player_choice":"Purged","damage_taken":0,"max_hp_gain":0,"max_hp_loss":0,"event_name":"Purifier","floor":2,"gold_loss":0},{"damage_healed":0,"gold_gain":0,"player_choice":"Traded Relic","damage_taken":0,"relics_obtained":["Nloth\u0027s Gift"],"max_hp_gain":0,"max_hp_loss":0,"event_name":"N\u0027loth","floor":20,"relics_lost":["Ring of Fury"],"gold_loss":0}],"is_beta":false,"boss_relics":[{"not_picked":["Tiny House","Cursed Key"],"picked":"Snecko Heart"}],"items_purged_floors":[8,11],"is_endless":false,"potions_floor_spawned":[1,16,18,23,29],"killed_by":"Slavers","ascension_level":0}}