{"host":"bux1pdxjwq4dkad9","time":1609555348,"event":{"mods":["BaseMod","Colored Map","Evolution","Minty Spire (QoL Compilation)","Quick Restart","StSLib","SuperFastMode","°æ“≈ŒÔMod°øÀ¿¡È∑® ¶NEW"],"gold_per_floor":[117,117,135,150,161,161,180,205,205,224,224,242,242,252,252,326,326,339,349,399,29,44,44,44],"floor_reached":23,"playtime":689,"items_purged":[],"score":394,"play_id":"07bed4a7-930b-441b-8ed7-e2e645dd7ef3","local_time":"20210102104228","is_ascension_mode":true,"campfire_choices":[{"data":"BowlingBash","floor":6.0,"key":"SMITH"},{"floor":11.0,"key":"REST"},{"data":"EmptyMind","floor":15.0,"key":"SMITH"}],"circlet_count":0,"master_deck":["AscendersBane","Strike_P","Strike_P","Strike_P","Strike_P","Defend_P","Defend_P","Defend_P","Defend_P","Eruption+1","Vigilance","BowlingBash+1","Prostrate","Indignation","EmptyMind+1","DevaForm","Collect","Apotheosis"],"relics":["PureWater","EVO:Axolotl","NeowsBlessing","Regal Pillow","White Beast Statue","Lantern","Snecko Eye","Medical Kit"],"acts_visited":["Exordium","TheCity"],"potions_floor_usage":[22,22,23],"damage_taken":[{"damage":0.0,"enemies":"2 Louse","floor":1.0,"turns":2.0},{"damage":0.0,"enemies":"Cultist","floor":3.0,"turns":1.0},{"damage":0.0,"enemies":"Jaw Worm","floor":4.0,"turns":1.0},{"damage":18.0,"enemies":"Exordium Thugs","floor":5.0,"turns":3.0},{"damage":0.0,"enemies":"Blue Slaver","floor":7.0,"turns":3.0},{"damage":23.0,"enemies":"3 Sentries","floor":8.0,"turns":5.0},{"damage":9.0,"enemies":"Looter","floor":10.0,"turns":4.0},{"damage":5.0,"enemies":"3 Louse","floor":12.0,"turns":3.0},{"damage":7.0,"enemies":"Blue Slaver","floor":14.0,"turns":5.0},{"damage":2.0,"enemies":"Slime Boss","floor":16.0,"turns":6.0},{"damage":1.0,"enemies":"2 Thieves","floor":18.0,"turns":4.0},{"damage":30.0,"enemies":"Shell Parasite","floor":19.0,"turns":6.0},{"damage":20,"enemies":"Cultist and Chosen","floor":22,"turns":7},{"damage":17,"enemies":"Slavers","floor":23,"turns":1}],"seed_played":"-2910178170958308","potions_obtained":[{"floor":1.0,"key":"SteroidPotion"},{"floor":5.0,"key":"Strength Potion"},{"floor":12.0,"key":"DuplicationPotion"},{"floor":16.0,"key":"Explosive Potion"},{"floor":18.0,"key":"Weak Potion"},{"floor":19.0,"key":"SneckoOil"},{"floor":22,"key":"Energy Potion"}],"is_trial":false,"path_per_floor":["M","?","M","M","M","R","M","E","T","M","R","M","?","M","R","B",null,"M","M","?","$","M","E"],"character_chosen":"WATCHER","items_purchased":["Apotheosis","Medical Kit"],"campfire_rested":1,"item_purchase_floors":[21,21],"current_hp_per_floor":[61,61,61,61,43,43,43,20,20,11,46,41,36,29,29,27,58,57,27,27,27,7,0,0],"gold":44,"neow_bonus":"THREE_ENEMY_KILL","is_daily":false,"chose_seed":false,"campfire_upgraded":2,"win_rate":0.0,"timestamp":1609555348,"path_taken":["M","?","?","M","M","R","M","E","T","M","R","M","?","M","R","BOSS","M","M","?","$","M","E"],"items_purchased_type":["Card","Relic"],"build_version":"2020-12-22","purchased_purges":0,"victory":false,"max_hp_per_floor":[68,68,68,68,68,68,68,68,68,68,68,68,68,68,68,68,68,68,68,68,68,68,68,68],"card_choices":[{"not_picked":["Vengeance","Protect"],"picked":"BowlingBash","floor":1.0},{"not_picked":["ReachHeaven","SandsOfTime","Nirvana"],"picked":"SKIP","floor":3.0},{"not_picked":["CrushJoints","ThirdEye"],"picked":"Prostrate","floor":4.0},{"not_picked":["EmptyBody","ThirdEye","Worship"],"picked":"SKIP","floor":5.0},{"not_picked":["Study","SashWhip","FollowUp"],"picked":"SKIP","floor":7.0},{"not_picked":["Evaluate","Prostrate"],"picked":"Indignation","floor":8.0},{"not_picked":["CutThroughFate","Judgement","ClearTheMind"],"picked":"SKIP","floor":10.0},{"not_picked":["CrushJoints","ReachHeaven"],"picked":"EmptyMind","floor":12.0},{"not_picked":["Protect","EmptyBody","Pray"],"picked":"SKIP","floor":14.0},{"not_picked":["Judgement","Ragnarok"],"picked":"DevaForm","floor":16.0},{"not_picked":["PathToVictory","CutThroughFate"],"picked":"Collect","floor":18.0},{"not_picked":["Meditate","FollowUp","Collect"],"picked":"SKIP","floor":19.0},{"not_picked":["WindmillStrike+1","CutThroughFate+1","JustLucky+1"],"picked":"SKIP","floor":22}],"player_experience":3175397,"relics_obtained":[{"floor":8.0,"key":"Regal Pillow"},{"floor":9.0,"key":"White Beast Statue"}],"event_choices":[{"damage_healed":0.0,"max_hp_gain":0.0,"max_hp_loss":0.0,"gold_gain":0.0,"event_name":"Upgrade Shrine","player_choice":"Upgraded","floor":2.0,"gold_loss":0.0,"damage_taken":0.0,"cards_upgraded":["Eruption"]},{"damage_healed":0.0,"max_hp_gain":0.0,"max_hp_loss":0.0,"gold_gain":0.0,"event_name":"Scrap Ooze","player_choice":"Success","floor":13.0,"gold_loss":0.0,"damage_taken":5.0,"relics_obtained":["Lantern"]},{"damage_healed":0.0,"max_hp_gain":0.0,"max_hp_loss":0.0,"gold_gain":50.0,"event_name":"Nest","player_choice":"Stole From Cult","floor":20.0,"gold_loss":0.0,"damage_taken":0.0}],"is_beta":false,"boss_relics":[{"not_picked":["Tiny House","Philosopher\u0027s Stone"],"picked":"Snecko Eye"}],"items_purged_floors":[],"is_endless":false,"potions_floor_spawned":[1,5,7,10,12,14,16,18,19,22],"killed_by":"Slavers","ascension_level":20}}