{"host":"6hzrz31j95f2y1pa","time":1609618286,"event":{"mods":["BaseMod","Colored Map","Downfall","Minty Spire (QoL Compilation)","StSLib"],"gold_per_floor":[99,119,135,154,254,297,376,376,376,376,376,376,28,71,103,115,115,115],"floor_reached":16,"playtime":613,"items_purged":["hexamod:Sear"],"score":184,"play_id":"58ae7485-59fc-41a7-b92d-9b21e568a010","local_time":"20210102151126","is_ascension_mode":true,"campfire_choices":[{"data":"hexamod:Float","floor":1.0,"key":"SMITH"},{"floor":9.0,"key":"REST"},{"data":"hexamod:GhostLash","floor":11.0,"key":"SMITH"}],"circlet_count":0,"master_deck":["AscendersBane","hexamod:Strike","hexamod:Strike","hexamod:Strike","hexamod:Strike","hexamod:Defend","hexamod:Defend","hexamod:Defend","hexamod:Float+1","hexamod:SpectersWail","hexamod:SecondSeal","hexamod:GhostLash+1","hexamod:Hexaguard","hexamod:ShieldOfDarkness","hexamod:UnleashSpirits","hexamod:ThermalTransfer"],"relics":["hexamod:SpiritBrand","Toy Ornithopter","Oddly Smooth Stone","Lee\u0027s Waffle","MawBank"],"acts_visited":["Exordium"],"potions_floor_usage":[16,16],"damage_taken":[{"damage":1.0,"enemies":"Jaw Worm","floor":2.0,"turns":4.0},{"damage":8.0,"enemies":"Small Slimes","floor":3.0,"turns":3.0},{"damage":0.0,"enemies":"Cultist","floor":4.0,"turns":4.0},{"damage":40.0,"enemies":"Gremlin Nob","floor":6.0,"turns":5.0},{"damage":0.0,"enemies":"downfall:FleeingMerchant","floor":13.0,"turns":4.0},{"damage":8.0,"enemies":"3 Sentries","floor":14.0,"turns":7.0},{"damage":0.0,"enemies":"2 Fungi Beasts","floor":15.0,"turns":3.0},{"damage":76,"enemies":"downfall:Silent","floor":16,"turns":12}],"seed_played":"-568711227607109914","potions_obtained":[],"is_trial":false,"path_per_floor":["R","M","M","M","?","E","T","?","R","?","R","?","$","E","M","B"],"character_chosen":"THE_SPIRIT","items_purchased":["hexamod:DoubleChargePotion","Energy Potion","Lee\u0027s Waffle"],"campfire_rested":1,"item_purchase_floors":[13,13,13],"current_hp_per_floor":[57,56,48,48,48,8,8,8,26,26,26,26,70,62,62,0,0,0],"gold":115,"neow_bonus":"RANDOM_COMMON_RELIC","is_daily":false,"chose_seed":false,"campfire_upgraded":2,"win_rate":0.0,"timestamp":1609618286,"path_taken":["R","M","M","M","?","E","T","?","R","?","R","?","$","E","M","BOSS"],"items_purchased_type":["Potion","Potion","Relic"],"build_version":"2020-12-22","purchased_purges":1,"victory":false,"max_hp_per_floor":[63,63,63,63,63,63,63,63,63,63,63,63,70,70,70,70,70,70],"card_choices":[{"not_picked":["hexamod:NightmareGuise","hexamod:GhostLash"],"picked":"hexamod:SpectersWail","floor":2.0},{"not_picked":["hexamod:FastForward","hexamod:Incineration"],"picked":"hexamod:SecondSeal","floor":3.0},{"not_picked":["hexamod:Again","hexamod:SpectersWail"],"picked":"hexamod:GhostLash","floor":4.0},{"not_picked":["hexamod:Again","hexamod:Incineration"],"picked":"hexamod:Hexaguard","floor":6.0},{"not_picked":["hexamod:DynamicBlow","hexamod:RetreatToShadows"],"picked":"hexamod:ThermalTransfer","floor":13.0},{"not_picked":["hexamod:ShieldOfDarkness","hexamod:HeatShield","hexamod:PhantomCloak"],"picked":"SKIP","floor":14.0},{"not_picked":["hexamod:GhostOfSpirePresent","hexamod:GhostflameBarrier","hexamod:Firestarter"],"picked":"SKIP","floor":15.0}],"player_experience":1272807,"relics_obtained":[{"floor":6.0,"key":"Oddly Smooth Stone"},{"floor":7.0,"key":"StrikeDummy"},{"floor":14.0,"key":"MawBank"}],"event_choices":[{"damage_healed":0.0,"max_hp_gain":0.0,"max_hp_loss":0.0,"gold_gain":0.0,"cards_transformed":["hexamod:Defend"],"event_name":"Living Wall","player_choice":"Change","floor":10.0,"gold_loss":0.0,"damage_taken":0.0,"cards_obtained":["hexamod:ShieldOfDarkness"]}],"is_beta":false,"boss_relics":[],"items_purged_floors":[13],"is_endless":false,"potions_floor_spawned":[14,15],"killed_by":"downfall:Silent","ascension_level":14}}