{"host":"zm2copjc1o2b6hjv","time":1609561637,"event":{"mods":["AchievementEnabler","BaseMod","BetterRewards","Conspire","Downfall","Friendly Minions","Infinite Spire","Minty Spire (QoL Compilation)","Replay The Spire","StSLib"],"gold_per_floor":[109,129,147,147,147,147,175,175,227,42,42,61,61,80,80,185,185,195,195,210,210,230,230,247,247,271,271,290,290,308,323,323,421,421,437,437,457,213,230,230,256,268,268,268,268,280,291,326,326,326],"floor_reached":51,"playtime":3282,"items_purged":["champ:Execute"],"score":756,"play_id":"57d5065f-21a4-4018-8e24-508ce9a8cb50","local_time":"20210101232717","is_ascension_mode":false,"campfire_choices":[{"floor":6,"key":"REST"},{"floor":8,"key":"REST"},{"data":"Mayhem","floor":15,"key":"SMITH"},{"data":"Replay:SS_forest_6","floor":23,"key":"SMITH"},{"data":"champ:Backstep","floor":25,"key":"SMITH"},{"data":"champ:EnGarde","floor":27,"key":"SMITH"},{"floor":32,"key":"REST"},{"floor":40,"key":"REST"},{"data":"expansioncontent:ChargeUp","floor":44,"key":"SMITH"},{"data":"champ:Circumvent","floor":49,"key":"SMITH"}],"circlet_count":0,"master_deck":["champ:Strike","champ:Strike","champ:Strike","champ:Strike","champ:Defend","champ:Defend","champ:Defend","champ:Defend","champ:Taunt","champ:IronFortress","Apotheosis+1","Replay:SS_forest_6+1","champ:ViciousMockery","champ:ShieldWall","champ:EnGarde+1","champ:DefensiveStyle","champ:Control","Mayhem+1","champ:PreciseThrust","champ:ShieldThrow","champ:Backstep+1","infinitespire:Fortify","champ:SkillfulDodge","champ:StrikeOfGenius+1","champ:FalseCounter+1","champ:Backstep+1","champ:DancingMaster+1","champ:ViciousMockery+1","expansioncontent:ChargeUp+1","expansioncontent:DashGenerateEvil","champ:DefensiveShout+1","champ:Circumvent+1","ReplayTheSpireMod:Chaos Vortex+1","champ:Lariat","champ:Circumvent+1","champ:Circumvent+1"],"relics":["Ring of the Snake","infinitespire:Broken Mirror","champ:BerserkersGuideToSlaughter","Art of War","infinitespire:Beetle Shell","infinitespire:Cubic Diamond","Replay:Bronze Core","Frozen Egg 2","Calipers","Dream Catcher","Painkiller Herb","Membership Card","Omamori","Turnip","ReplayTheSpireMod:Ninjato"],"acts_visited":["Exordium","TheCity","TheBeyond"],"potions_floor_usage":[7,7,12,30,42,50],"damage_taken":[{"damage":11,"enemies":"Small Slimes","floor":1,"turns":5},{"damage":11,"enemies":"Jaw Worm","floor":2,"turns":4},{"damage":6,"enemies":"Cultist","floor":3,"turns":4},{"damage":27,"enemies":"Gremlin Nob","floor":7,"turns":5},{"damage":26,"enemies":"Blue Slaver","floor":12,"turns":4},{"damage":18,"enemies":"Gremlin Gang","floor":14,"turns":6},{"damage":19,"enemies":"Fading Forest","floor":16,"turns":11},{"damage":10,"enemies":"Shell Parasite","floor":18,"turns":5},{"damage":0,"enemies":"Chosen","floor":20,"turns":5},{"damage":13,"enemies":"conspire:HollyBat","floor":22,"turns":9},{"damage":5,"enemies":"Snecko","floor":24,"turns":6},{"damage":0,"enemies":"Centurion and Healer","floor":28,"turns":9},{"damage":26,"enemies":"Sentry and Sphere","floor":30,"turns":7},{"damage":27,"enemies":"Snake Plant","floor":31,"turns":7},{"damage":19,"enemies":"Champ","floor":33,"turns":11},{"damage":0,"enemies":"Orb Walker","floor":35,"turns":4},{"damage":9,"enemies":"3 Shapes","floor":37,"turns":6},{"damage":48,"enemies":"Sphere and 2 Shapes","floor":39,"turns":6},{"damage":6,"enemies":"3 Darklings","floor":42,"turns":8},{"damage":20,"enemies":"Jaw Worm Horde","floor":46,"turns":6},{"damage":0,"enemies":"Spire Growth","floor":47,"turns":6},{"damage":6,"enemies":"Nightmare","floor":48,"turns":8},{"damage":11,"enemies":"Awakened One","floor":50,"turns":18}],"seed_played":"-2531642686515233135","potions_obtained":[{"floor":1,"key":"Cursed Concoction"},{"floor":3,"key":"champ:OpenerPotion"},{"floor":7,"key":"LiquidMemories"},{"floor":16,"key":"EssenceOfSteel"},{"floor":18,"key":"champ:CounterPotion"},{"floor":28,"key":"SpeedPotion"},{"floor":30,"key":"BlessingOfTheForge"},{"floor":39,"key":"Ancient Potion"},{"floor":47,"key":"GamblersBrew"}],"is_trial":false,"path_per_floor":["M","M","M","?","$","R","E","R","T","$","?","M","?","M","R","B",null,"M","?","M","AVR","M","R","M","R","T","R","M","$","M","M","R","B",null,"?","?","?","T","?","T","T","?","T","T","?","?","?","NM","T","B",null],"character_chosen":"THE_CHAMP","items_purchased":["infinitespire:Broken Mirror","champ:IronFortress","Apotheosis","champ:BerserkersGuideToSlaughter","Replay:SS_forest_6","champ:ViciousMockery","Mayhem","Membership Card","expansioncontent:DashGenerateEvil"],"campfire_rested":4,"item_purchase_floors":[0,0,0,0,0,0,10,38,38],"current_hp_per_floor":[50,44,50,50,50,77,55,82,82,82,82,85,85,72,72,63,90,83,83,83,83,82,82,77,77,77,77,77,77,73,66,90,84,90,90,90,81,81,45,72,72,90,90,90,69,61,73,80,80,90],"gold":326,"neow_bonus":"","is_daily":false,"chose_seed":false,"campfire_upgraded":6,"win_rate":0.0,"timestamp":1609561637,"path_taken":["M","M","M","?","$","R","E","R","T","$","?","M","?","?","R","BOSS","M","?","M","AVR","M","R","M","R","T","R","M","$","M","?","R","BOSS","?","?","?","T","?","T","?","?","T","T","?","?","?","NM","T","BOSS"],"items_purchased_type":["Relic","Card","Card","Relic","Card","Card","Card","Relic","Card"],"build_version":"2020-12-22","purchased_purges":1,"victory":true,"max_hp_per_floor":[90,90,90,90,90,90,90,90,90,90,90,90,90,90,90,90,90,90,90,90,90,90,90,90,90,90,90,90,90,90,90,90,90,90,90,90,90,90,90,90,90,90,90,90,90,90,90,90,90,90],"card_choices":[{"not_picked":["champ:PerfectedStrike","champ:GladiatorStyle"],"picked":"champ:ShieldWall","floor":1},{"not_picked":["champ:AdrenalArmor","champ:Aggression"],"picked":"champ:EnGarde","floor":2},{"not_picked":["champ:FlashCut","champ:BladeFlurry"],"picked":"champ:DefensiveStyle","floor":3},{"not_picked":["champ:GutPunch","champ:BerserkersShout"],"picked":"champ:Control","floor":7},{"not_picked":["champ:PerfectedStrike","champ:StanceDance","champ:Haymaker"],"picked":"SKIP","floor":12},{"not_picked":["champ:Backstep","champ:BringItOn"],"picked":"champ:PreciseThrust","floor":14},{"not_picked":["champ:HeavySlash","champ:Devastate"],"picked":"champ:ShieldThrow","floor":16},{"not_picked":["champ:BerserkerStyle","champ:DefensiveShout"],"picked":"champ:Backstep","floor":18},{"not_picked":["champ:Shatter+1","champ:Circumvent","champ:BerserkersShout"],"picked":"SKIP","floor":20},{"not_picked":["champ:StanceDance+1","champ:Balance"],"picked":"champ:SkillfulDodge","floor":22},{"not_picked":["champ:BladeFlurry","champ:Encircle","champ:Balance"],"picked":"SKIP","floor":24},{"not_picked":["champ:Circumvent","champ:Haymaker","champ:Duel"],"picked":"SKIP","floor":28},{"not_picked":["champ:FanOfKnives","champ:Balance"],"picked":"champ:StrikeOfGenius+1","floor":30},{"not_picked":["champ:Haymaker","champ:StanceDance"],"picked":"champ:FalseCounter+1","floor":31},{"not_picked":["champ:FanOfKnives","champ:AdrenalArmor"],"picked":"champ:Backstep+1","floor":32},{"not_picked":["champ:ShieldThrow","champ:SwordThrow"],"picked":"champ:DancingMaster+1","floor":33},{"not_picked":["champ:StanceDance","champ:GutPunch"],"picked":"champ:ViciousMockery+1","floor":35},{"not_picked":["expansioncontent:DarkVoid","The Bomb"],"picked":"expansioncontent:ChargeUp","floor":36},{"not_picked":["champ:CrookedStrike","champ:GutPunch","champ:EnragedBash+1"],"picked":"SKIP","floor":37},{"not_picked":["champ:FaceSlap","champ:FlashCut"],"picked":"champ:DefensiveShout+1","floor":39},{"not_picked":["champ:EndlessRage+1","champ:PerfectedStrike+1"],"picked":"champ:Circumvent+1","floor":42},{"not_picked":["ReplayTheSpireMod:Echoes of Time","infinitespire:Starlight"],"picked":"ReplayTheSpireMod:Chaos Vortex","floor":45},{"not_picked":["champ:FaceSlap+1","champ:BladeFlurry"],"picked":"champ:Lariat","floor":46},{"not_picked":["champ:DefensiveStyle+1","champ:GutPunch"],"picked":"champ:Circumvent","floor":47},{"not_picked":["champ:BladeFlurry","champ:HeavySlash"],"picked":"champ:Circumvent+1","floor":48}],"player_experience":244193,"relics_obtained":[{"floor":7,"key":"Art of War"},{"floor":9,"key":"infinitespire:Beetle Shell"},{"floor":26,"key":"Dream Catcher"},{"floor":41,"key":"Omamori"},{"floor":43,"key":"Turnip"},{"floor":48,"key":"ReplayTheSpireMod:Ninjato"}],"event_choices":[{"damage_healed":0,"gold_gain":0,"player_choice":"Upgraded","damage_taken":0,"max_hp_gain":0,"max_hp_loss":0,"event_name":"Upgrade Shrine","floor":13,"gold_loss":0,"cards_upgraded":["Apotheosis"]},{"damage_healed":0,"gold_gain":0,"player_choice":"Gave Potion","damage_taken":0,"relics_obtained":["Frozen Egg 2"],"max_hp_gain":0,"max_hp_loss":0,"event_name":"WeMeetAgain","floor":19,"gold_loss":0},{"damage_healed":0,"gold_gain":0,"player_choice":"Memory 1","damage_taken":0,"max_hp_gain":0,"max_hp_loss":0,"event_name":"SensoryStone","floor":36,"gold_loss":0}],"is_beta":false,"boss_relics":[{"not_picked":["ReplayTheSpireMod:DimensionalGlitch","Runic Pyramid"],"picked":"Replay:Bronze Core"},{"not_picked":["conspire:SlowCooker","Replay:Drink Me"],"picked":"Painkiller Herb"}],"items_purged_floors":[21],"is_endless":true,"potions_floor_spawned":[1,3,7,16,18,28,30,39,47,48],"ascension_level":0}}