{"host":"3iouabftir4t7z56","time":1609594957,"event":{"mods":["2.2 Compatiblity","Act Like it!","BaseMod","Colored Map","Hallownest","Minty Spire (QoL Compilation)","StSLib","The Bug Knight"],"gold_per_floor":[119,119,119,119,44,75,99,41,41,52,72,72,107,121,121,121,121],"floor_reached":16,"playtime":900,"items_purged":[],"score":135,"play_id":"0a25244e-fc1d-4e1a-b8ed-ce6140fa898d","local_time":"20210102144237","is_ascension_mode":false,"campfire_choices":[{"data":"HollowMod:ShadowDash","floor":12,"key":"SMITH"},{"floor":15,"key":"REST"}],"circlet_count":0,"master_deck":["HollowMod:NailStrikeStart","HollowMod:NailStrikeStart","HollowMod:NailStrikeStart","HollowMod:QuickDashStart","HollowMod:QuickDashStart","HollowMod:QuickDashStart","HollowMod:QuickDashStart","HollowMod:PogoStrike","HollowMod:DescendingDark","HollowMod:AbyssShriek","HollowMod:ShadowDash+1","HollowMod:SharpenedShadows","HollowMod:WraithStrike","HollowMod:SiblingsSouls","HollowMod:SiblingsSouls","HollowMod:SiblingsShadow"],"relics":["HollowMod:VesselMask","NeowsBlessing","Hallownest:DreamNailRelic","MawBank","HollowMod:LifeEnderRelic","Centennial Puzzle"],"acts_visited":["Hallownest:Greenpath"],"potions_floor_usage":[7,16,16],"damage_taken":[{"damage":3,"enemies":"Hallownest:2_Tiktiks_and_1_Crawlid","floor":1,"turns":1},{"damage":0,"enemies":"Hallownest:eliteCrystalGuardian","floor":6,"turns":1},{"damage":0,"enemies":"Hallownest:2_MossCreeps","floor":7,"turns":1},{"damage":6,"enemies":"Hallownest:monsterHuskGuard","floor":10,"turns":3},{"damage":4,"enemies":"Hallownest:2_Tiktiks_1_Baldur_1_Crawlid","floor":11,"turns":3},{"damage":29,"enemies":"Hallownest:eliteMossKnight","floor":13,"turns":8},{"damage":9,"enemies":"Hallownest:1_Baldur_1_Crawlid_1_Warrior","floor":14,"turns":3},{"damage":55,"enemies":"Hallownest:BossHornet","floor":16,"turns":7}],"seed_played":"5580738871070948730","potions_obtained":[{"floor":6,"key":"Swift Potion"},{"floor":7,"key":"Fruit Juice"},{"floor":14,"key":"LiquidBronze"}],"is_trial":false,"path_per_floor":["M","?","?","?","$","E","M","$","T","M","M","R","E","M","R","B"],"character_chosen":"THE_BUGKNIGHT","items_purchased":["HollowMod:AbyssShriek","HollowMod:WraithStrike","HollowMod:SiblingsSouls"],"campfire_rested":1,"item_purchase_floors":[5,8,8],"current_hp_per_floor":[72,63,63,63,63,63,68,68,68,62,58,58,29,20,44,0,0],"gold":121,"neow_bonus":"THREE_ENEMY_KILL","is_daily":false,"chose_seed":false,"campfire_upgraded":1,"win_rate":0.0,"timestamp":1609594957,"path_taken":["M","?","?","?","$","E","?","?","T","M","?","R","E","M","R","BOSS"],"items_purchased_type":["Card","Card","Card"],"build_version":"2020-12-22","purchased_purges":0,"victory":false,"max_hp_per_floor":[75,75,75,75,75,75,80,80,80,80,80,80,80,80,80,80,80],"card_choices":[{"not_picked":["HollowMod:CloakDash","HollowMod:ShapeofUnn"],"picked":"HollowMod:DescendingDark","floor":1},{"not_picked":["HollowMod:CoiledNail","HollowMod:TaintedHusks"],"picked":"HollowMod:ShadowDash","floor":6},{"not_picked":["HollowMod:SoulShaman","HollowMod:SoulEater"],"picked":"HollowMod:SharpenedShadows","floor":7},{"not_picked":["HollowMod:ChannelNail","HollowMod:SoulVessel"],"picked":"HollowMod:SiblingsSouls","floor":10},{"not_picked":["HollowMod:DesolateDive","HollowMod:SiblingsSouls","HollowMod:TaintedHusks"],"picked":"SKIP","floor":11},{"not_picked":["HollowMod:SoulStrike","HollowMod:theNailsmith","HollowMod:SharpenedNail"],"picked":"SKIP","floor":13},{"not_picked":["HollowMod:TaintedHusks","HollowMod:SharpenedNail"],"picked":"HollowMod:SiblingsShadow","floor":14}],"player_experience":576912,"relics_obtained":[{"floor":6,"key":"MawBank"},{"floor":9,"key":"HollowMod:LifeEnderRelic"},{"floor":13,"key":"Centennial Puzzle"}],"event_choices":[],"is_beta":false,"boss_relics":[],"items_purged_floors":[],"is_endless":false,"potions_floor_spawned":[6,7,14],"killed_by":"Hallownest:BossHornet","ascension_level":0}}