{"host":"dhlnk6yox2l1s6up","time":1609555488,"event":{"mods":["BaseMod","Colored Map","Highlight Path","Minty Spire (QoL Compilation)","Relic Stats","StSLib"],"gold_per_floor":[14,26,37,54,54,54,82,97,97,131,149,149,177,177,177,278,278,290,290,215,215,226,226,242,242,324,357,272,302,302,336,336,434,434,451,7,57,68,68,100,100,153,153,153,164,164,191,191,191,191,191,191,8,34,34],"floor_reached":56,"playtime":6099,"items_purged":[],"score":1811,"play_id":"fff36800-3998-4a9a-b6f4-752c7ca26665","local_time":"20210101204448","is_ascension_mode":true,"campfire_choices":[{"data":"Beam Cell","floor":6.0,"key":"SMITH"},{"data":"Leap","floor":12.0,"key":"SMITH"},{"data":"Ball Lightning","floor":15.0,"key":"SMITH"},{"data":"Sweeping Beam","floor":23,"key":"SMITH"},{"data":"Gash","floor":25,"key":"SMITH"},{"data":"1","floor":32,"key":"LIFT"},{"data":"2","floor":41,"key":"LIFT"},{"floor":49,"key":"RECALL"},{"data":"3","floor":52,"key":"LIFT"}],"circlet_count":0,"master_deck":["Strike_B+1","Strike_B+1","Strike_B+1","Defend_B+1","Defend_B+1","Defend_B+1","Defend_B+1","Zap","Dualcast","Ball Lightning+1","Steam","Gash+1","Gash","Leap+1","Fusion+1","Ball Lightning+1","Steam+1","All For One","Sweeping Beam+1","Reinforced Body+1","Aggregate+1","Undo+1","Glacier+1","All For One","Go for the Eyes","Reboot+1","Sweeping Beam","Go for the Eyes","Master of Strategy+1","Coolheaded+1","Skim+1","Recycle+1","Skim+1","Steam+1","Beam Cell"],"relics":["Cracked Core","Ice Cream","Akabeko","Toxic Egg 2","Kunai","Meat on the Bone","Nuclear Battery","White Beast Statue","StrikeDummy","Boot","Anchor","Girya","Nunchaku","SacredBark","Calipers","Mango","Gremlin Horn","Pocketwatch","Oddly Smooth Stone","Ornamental Fan","Bottled Lightning"],"acts_visited":["Exordium","TheCity","TheBeyond","TheEnding"],"potions_floor_usage":[16,22,27,29,31,31,31,33,40,45,50,55,55,55],"damage_taken":[{"damage":7.0,"enemies":"Jaw Worm","floor":1.0,"turns":3.0},{"damage":0.0,"enemies":"Small Slimes","floor":2.0,"turns":3.0},{"damage":0.0,"enemies":"Cultist","floor":3.0,"turns":2.0},{"damage":1.0,"enemies":"2 Fungi Beasts","floor":4.0,"turns":3.0},{"damage":20.0,"enemies":"3 Sentries","floor":7.0,"turns":7.0},{"damage":1.0,"enemies":"Looter","floor":8.0,"turns":3.0},{"damage":17.0,"enemies":"Gremlin Nob","floor":10.0,"turns":4.0},{"damage":0.0,"enemies":"3 Louse","floor":11.0,"turns":3.0},{"damage":4.0,"enemies":"3 Sentries","floor":13.0,"turns":5.0},{"damage":9,"enemies":"Hexaghost","floor":16,"turns":9},{"damage":0,"enemies":"3 Byrds","floor":18,"turns":5},{"damage":2,"enemies":"Spheric Guardian","floor":22,"turns":3},{"damage":0,"enemies":"Snecko","floor":24,"turns":5},{"damage":8,"enemies":"Slavers","floor":27,"turns":4},{"damage":26,"enemies":"Book of Stabbing","floor":29,"turns":5},{"damage":6,"enemies":"Slavers","floor":31,"turns":6},{"damage":36,"enemies":"Collector","floor":33,"turns":12},{"damage":0,"enemies":"Orb Walker","floor":35,"turns":3},{"damage":0,"enemies":"Mind Bloom Boss Battle","floor":37,"turns":7},{"damage":0,"enemies":"3 Shapes","floor":38,"turns":3},{"damage":0,"enemies":"Reptomancer","floor":40,"turns":5},{"damage":0,"enemies":"2 Orb Walkers","floor":42,"turns":3},{"damage":0,"enemies":"Writhing Mass","floor":45,"turns":9},{"damage":0,"enemies":"Giant Head","floor":47,"turns":7},{"damage":8,"enemies":"Time Eater","floor":50,"turns":17},{"damage":4,"enemies":"Shield and Spear","floor":54,"turns":8},{"damage":0,"enemies":"The Heart","floor":55,"turns":7}],"seed_played":"-1965456912003346535","potions_obtained":[{"floor":2.0,"key":"PotionOfCapacity"},{"floor":4.0,"key":"Block Potion"},{"floor":7.0,"key":"AttackPotion"},{"floor":8.0,"key":"LiquidMemories"},{"floor":13.0,"key":"EssenceOfSteel"},{"floor":22,"key":"Regen Potion"},{"floor":24,"key":"SteroidPotion"},{"floor":27,"key":"SteroidPotion"},{"floor":29,"key":"GamblersBrew"},{"floor":31,"key":"DuplicationPotion"},{"floor":33,"key":"Energy Potion"},{"floor":35,"key":"SmokeBomb"},{"floor":37,"key":"BlessingOfTheForge"},{"floor":38,"key":"Strength Potion"},{"floor":40,"key":"LiquidBronze"},{"floor":42,"key":"Fruit Juice"},{"floor":45,"key":"LiquidMemories"},{"floor":47,"key":"CultistPotion"},{"floor":54,"key":"LiquidMemories"}],"is_trial":false,"path_per_floor":["M","M","M","M","?","R","E","M","T","E","M","R","E","?","R","B",null,"M","T","?","?","M","R","M","R","T","E","?","E","?","E","R","B",null,"M","$","?","M","?","E","R","?","T","?","M","?","E","T","R","B",null,"R","$","E","B",null],"character_chosen":"DEFECT","items_purchased":["Calipers","Reboot+1","Block Potion","Skim+1","Steam+1","PotionOfCapacity"],"campfire_rested":0,"item_purchase_floors":[36,36,36,53,53,53],"current_hp_per_floor":[61,61,61,60,60,60,40,39,39,22,22,22,18,18,18,21,62,62,62,62,62,60,60,60,60,60,52,52,38,24,45,45,21,65,65,65,79,79,79,79,79,79,79,79,89,89,89,89,89,81,98,98,98,94,94],"gold":34,"neow_bonus":"ONE_RARE_RELIC","is_daily":false,"chose_seed":false,"campfire_upgraded":5,"win_rate":0.0,"timestamp":1609555488,"path_taken":["M","M","M","M","?","R","E","M","T","E","M","R","E","?","R","BOSS","M","?","?","?","M","R","M","R","T","E","?","E","?","E","R","BOSS","M","$","?","M","?","E","R","?","T","?","M","?","E","?","R","BOSS","R","$","E","BOSS"],"items_purchased_type":["Relic","Card","Potion","Card","Card","Potion"],"build_version":"2020-12-22","purchased_purges":0,"victory":true,"max_hp_per_floor":[75,75,75,75,75,75,75,75,75,75,75,75,75,75,75,75,75,75,75,75,75,75,75,75,75,75,75,75,75,80,80,80,80,80,80,80,94,94,94,94,94,94,94,94,104,104,104,104,104,104,104,104,104,104,104],"relic_stats":{"Nunchaku":[26],"Gremlin Horn":[2,2],"counters":[27,151],"Ornamental Fan":[108],"Kunai":[80],"Boot":[25],"obtain_stats":[{"Ice Cream":0,"Girya":29,"Calipers":36,"Gremlin Horn":40,"SacredBark":34,"Oddly Smooth Stone":47,"Mango":37,"Boot":27,"Akabeko":7,"White Beast Statue":19,"Nuclear Battery":17,"Anchor":28,"Nunchaku":31,"Ornamental Fan":48,"Kunai":10,"Bottled Lightning":54,"Toxic Egg 2":9,"Cracked Core":0,"StrikeDummy":26,"Meat on the Bone":13,"Pocketwatch":42},{"Ice Cream":0,"Girya":15,"Calipers":18,"Gremlin Horn":21,"SacredBark":17,"Oddly Smooth Stone":24,"Mango":19,"Boot":14,"Akabeko":5,"White Beast Statue":11,"Nuclear Battery":10,"Anchor":14,"Nunchaku":16,"Ornamental Fan":24,"Kunai":7,"Bottled Lightning":26,"Toxic Egg 2":6,"Cracked Core":0,"StrikeDummy":13,"Meat on the Bone":9,"Pocketwatch":22},{"Ice Cream":0,"Girya":64,"Calipers":85,"Gremlin Horn":100,"SacredBark":82,"Oddly Smooth Stone":119,"Mango":92,"Boot":59,"Akabeko":18,"White Beast Statue":47,"Nuclear Battery":42,"Anchor":59,"Nunchaku":70,"Ornamental Fan":119,"Kunai":25,"Bottled Lightning":144,"Toxic Egg 2":21,"Cracked Core":0,"StrikeDummy":55,"Meat on the Bone":33,"Pocketwatch":103}],"Meat on the Bone":48,"Pocketwatch":[20]},"card_choices":[{"not_picked":["Gash","Streamline"],"picked":"Ball Lightning","floor":1.0},{"not_picked":["Coolheaded","Cold Snap"],"picked":"Beam Cell","floor":2.0},{"not_picked":["Melter","Heatsinks"],"picked":"Steam","floor":3.0},{"not_picked":["Cold Snap","Heatsinks"],"picked":"Gash","floor":4.0},{"not_picked":["Static Discharge","Rebound"],"picked":"Gash","floor":7.0},{"not_picked":["Melter","Storm"],"picked":"Leap","floor":8.0},{"not_picked":["Go for the Eyes","Melter"],"picked":"Fusion+1","floor":10.0},{"not_picked":["Doom and Gloom","Heatsinks"],"picked":"Ball Lightning","floor":11.0},{"not_picked":["Redo+1","Rainbow+1"],"picked":"Steam+1","floor":13.0},{"not_picked":["Amplify+1","Multi-Cast+1"],"picked":"All For One","floor":16},{"not_picked":["Conserve Battery+1","Leap+1"],"picked":"Sweeping Beam","floor":18},{"not_picked":["Doom and Gloom","Rip and Tear+1"],"picked":"Reinforced Body+1","floor":22},{"not_picked":["Blizzard","Tempest+1"],"picked":"Aggregate+1","floor":24},{"not_picked":["Fusion+1","Ball Lightning","Cold Snap+1"],"picked":"SKIP","floor":27},{"not_picked":["Blizzard","Heatsinks"],"picked":"Undo+1","floor":29},{"not_picked":["Compile Driver","Conserve Battery+1"],"picked":"Glacier+1","floor":31},{"not_picked":["Seek+1","Core Surge"],"picked":"All For One","floor":33},{"not_picked":["Rebound+1","Streamline+1"],"picked":"Go for the Eyes","floor":35},{"not_picked":["Heatsinks","Darkness+1"],"picked":"Sweeping Beam","floor":37},{"not_picked":["Hello World+1","Doom and Gloom"],"picked":"Go for the Eyes","floor":38},{"not_picked":["Purity+1","Trip+1"],"picked":"Master of Strategy+1","floor":39},{"not_picked":["Steam+1","Sweeping Beam"],"picked":"Coolheaded+1","floor":40},{"not_picked":["Conserve Battery+1","Ball Lightning"],"picked":"Skim+1","floor":42},{"not_picked":["Streamline","Auto Shields+1"],"picked":"Recycle+1","floor":45},{"not_picked":["Sweeping Beam","Scrape+1","Static Discharge"],"picked":"SKIP","floor":47},{"not_picked":["Turbo+1","Sunder"],"picked":"Beam Cell","floor":54}],"player_experience":5694609,"relics_obtained":[{"floor":7.0,"key":"Akabeko"},{"floor":9.0,"key":"Toxic Egg 2"},{"floor":10.0,"key":"Kunai"},{"floor":13.0,"key":"Meat on the Bone"},{"floor":19,"key":"White Beast Statue"},{"floor":26,"key":"StrikeDummy"},{"floor":27,"key":"Boot"},{"floor":29,"key":"Girya"},{"floor":31,"key":"Nunchaku"},{"floor":37,"key":"Mango"},{"floor":40,"key":"Gremlin Horn"},{"floor":42,"key":"Pocketwatch"},{"floor":47,"key":"Oddly Smooth Stone"},{"floor":48,"key":"Ornamental Fan"},{"floor":54,"key":"Bottled Lightning"}],"event_choices":[{"damage_healed":0.0,"max_hp_gain":0.0,"max_hp_loss":0.0,"gold_gain":0.0,"event_name":"Liars Game","player_choice":"Ignored","floor":5.0,"gold_loss":0.0,"damage_taken":0.0},{"damage_healed":0.0,"max_hp_gain":0.0,"max_hp_loss":0.0,"gold_gain":0.0,"event_name":"Accursed Blacksmith","player_choice":"Forge","floor":14.0,"gold_loss":0.0,"damage_taken":0.0,"cards_upgraded":["Ball Lightning"]},{"cards_removed":["Strike_B"],"damage_healed":0,"gold_gain":0,"player_choice":"Gave Gold","damage_taken":0,"max_hp_gain":0,"max_hp_loss":0,"event_name":"Beggar","floor":20,"gold_loss":75},{"damage_healed":0,"gold_gain":0,"player_choice":"Simplicity","damage_taken":0,"max_hp_gain":0,"max_hp_loss":0,"event_name":"Back to Basics","floor":21,"gold_loss":0,"cards_upgraded":["Strike_B","Strike_B","Strike_B","Defend_B","Defend_B","Defend_B","Defend_B"]},{"damage_healed":0,"gold_gain":0,"player_choice":"Obtained Relic","damage_taken":0,"relics_obtained":["Anchor"],"max_hp_gain":0,"max_hp_loss":0,"event_name":"Addict","floor":28,"gold_loss":85},{"damage_healed":0,"gold_gain":0,"player_choice":"Shed Blood","damage_taken":19,"max_hp_gain":5,"max_hp_loss":0,"event_name":"Forgotten Altar","floor":30,"gold_loss":0},{"damage_healed":0,"gold_gain":0,"player_choice":"Fight","damage_taken":0,"max_hp_gain":0,"max_hp_loss":0,"event_name":"MindBloom","floor":37,"gold_loss":0},{"damage_healed":0,"gold_gain":0,"player_choice":"Memory 1","damage_taken":0,"max_hp_gain":0,"max_hp_loss":0,"event_name":"SensoryStone","floor":39,"gold_loss":0},{"damage_healed":0,"gold_gain":0,"player_choice":"Fight","damage_taken":0,"max_hp_gain":0,"max_hp_loss":0,"event_name":"Mysterious Sphere","floor":42,"gold_loss":0},{"cards_removed":["Beam Cell"],"damage_healed":0,"gold_gain":0,"player_choice":"Removed Attack","damage_taken":0,"max_hp_gain":0,"max_hp_loss":0,"event_name":"Falling","floor":44,"gold_loss":0},{"damage_healed":0,"gold_gain":0,"player_choice":"Ignored","damage_taken":0,"max_hp_gain":0,"max_hp_loss":0,"event_name":"Tomb of Lord Red Mask","floor":46,"gold_loss":0}],"is_beta":false,"boss_relics":[{"not_picked":["Coffee Dripper","Tiny House"],"picked":"Nuclear Battery"},{"not_picked":["Philosopher\u0027s Stone","Sozu"],"picked":"SacredBark"}],"items_purged_floors":[],"is_endless":false,"potions_floor_spawned":[2,4,7,8,11,13,22,24,27,29,31,33,35,37,38,40,42,45,47,54],"ascension_level":8}}