{"host":"xwqwvmlzre68xjvm","time":1609563956,"event":{"mods":["BaseMod","Colored Map","Colored Powertips","Hermit","Minty Spire (QoL Compilation)","Replay The Spire","StSLib","SuperFastMode","Td1madao Mod","The Bug Knight","The Cursed","The Hierophant","The Runesmith"],"gold_per_floor":[111,125,125,125,143,143,172,192,192,192,31,47,47,72,72,200,263,277,277,297,247,267,298,388,388,439,451,230,242,253,272,272,272,272],"floor_reached":33,"playtime":1298,"items_purged":["Strike_B"],"score":296,"play_id":"83904cc4-ce1a-4bf4-89a4-92bac16b98ce","local_time":"20210102140556","is_ascension_mode":false,"campfire_choices":[{"data":"Zap","floor":6,"key":"SMITH"},{"data":"Dualcast","floor":10,"key":"SMITH"},{"floor":15,"key":"DIG"},{"floor":25,"key":"REST"},{"floor":32,"key":"REST"}],"circlet_count":0,"master_deck":["Strike_B","Strike_B","Defend_B","Defend_B","Defend_B","Zap+1","Dualcast+1","Capacitor","Panic Button","Go for the Eyes","Cold Snap+1","Mirror Shield+1","Sunder+1","Cold Snap+1","Seek+1","Cold Snap+1","ReplayRNGCard+1","Static Discharge","ReplaySolidLightProjector+1","Aggregate","Storm+1","Steam"],"relics":["Cracked Core","NeowsBlessing","Molten Egg 2","Replay:Bottled Flurry","Bloody Idol","ReplayTheSpireMod:Lightbulb","Tiny House","Boot","Replay:Baseball","Guide Book"],"acts_visited":["Exordium","TheCity"],"potions_floor_usage":[14,16,16,30,30,33],"damage_taken":[{"damage":0,"enemies":"Jaw Worm","floor":1,"turns":1},{"damage":0,"enemies":"2 Louse","floor":2,"turns":1},{"damage":0,"enemies":"Small Slimes","floor":5,"turns":1},{"damage":16,"enemies":"Lagavulin","floor":7,"turns":7},{"damage":9,"enemies":"Red Slaver","floor":8,"turns":3},{"damage":0,"enemies":"3 Louse","floor":12,"turns":3},{"damage":3,"enemies":"Gremlin Gang","floor":14,"turns":2},{"damage":14,"enemies":"The Guardian","floor":16,"turns":11},{"damage":6,"enemies":"Spheric Guardian","floor":18,"turns":4},{"damage":0,"enemies":"Chosen","floor":20,"turns":4},{"damage":22,"enemies":"Snake Plant","floor":22,"turns":5},{"damage":40,"enemies":"Gremlin Leader","floor":23,"turns":8},{"damage":20,"enemies":"Cultist and Chosen","floor":27,"turns":6},{"damage":11,"enemies":"Snecko","floor":29,"turns":5},{"damage":16,"enemies":"Shelled Parasite and Fungi","floor":30,"turns":4},{"damage":14,"enemies":"Sentry and Sphere","floor":31,"turns":4},{"damage":34,"enemies":"Collector","floor":33,"turns":6}],"seed_played":"-6658369364880713780","potions_obtained":[{"floor":1,"key":"Doom Potion"},{"floor":8,"key":"LiquidBronze"},{"floor":12,"key":"Swift Potion"},{"floor":14,"key":"Swift Potion"},{"floor":17,"key":"SmokeBomb"},{"floor":23,"key":"SpeedPotion"},{"floor":29,"key":"SneckoOil"}],"is_trial":false,"path_per_floor":["M","M","?","?","M","R","E","M","T","R","$","M","?","M","R_BF","B",null,"M","?","M","?","M","E","?","R","T","M","$","M","M","M","R","B"],"character_chosen":"DEFECT","items_purchased":["Mirror Shield","Guide Book"],"campfire_rested":2,"item_purchase_floors":[11,28],"current_hp_per_floor":[75,75,68,68,68,68,52,43,43,43,43,43,25,22,22,8,80,74,74,79,79,62,27,20,44,49,34,34,28,17,8,32,0,0],"gold":272,"neow_bonus":"THREE_ENEMY_KILL","is_daily":false,"chose_seed":false,"campfire_upgraded":2,"win_rate":0.0,"timestamp":1609563956,"path_taken":["M","M","?","?","M","R","E","M","T","R","$","M","?","M","R_BF","BOSS","M","?","M","?","?","E","?","R","T","?","$","M","?","M","R","BOSS"],"items_purchased_type":["Card","Relic"],"build_version":"2020-12-22","purchased_purges":1,"victory":false,"max_hp_per_floor":[75,75,75,75,75,75,75,75,75,75,75,75,75,75,75,75,80,80,80,80,80,80,80,80,80,80,80,80,80,80,80,80,80,80],"card_choices":[{"not_picked":["Panic Button","ReplayTheSpireMod:GoodbyeWorld"],"picked":"Capacitor","floor":1},{"not_picked":["Streamline","Leap"],"picked":"Panic Button","floor":2},{"not_picked":["Sweeping Beam","Steam"],"picked":"Go for the Eyes","floor":5},{"not_picked":["Beam Cell+1","Turbo","Genetic Algorithm"],"picked":"SKIP","floor":7},{"not_picked":["ReplayTheSpireMod:Omega Cannon+1","Turbo"],"picked":"Cold Snap+1","floor":8},{"not_picked":["Skim","Rebound+1"],"picked":"Sunder+1","floor":12},{"not_picked":["Rip and Tear+1","Turbo"],"picked":"Cold Snap+1","floor":14},{"not_picked":["Fission","ReplayRNGCard"],"picked":"Seek","floor":16},{"not_picked":["Ball Lightning+1","Coolheaded"],"picked":"Cold Snap+1","floor":17},{"not_picked":["Rebound+1","Undo","Panic Button"],"picked":"SKIP","floor":18},{"not_picked":["Steam","Auto Shields"],"picked":"ReplayRNGCard","floor":20},{"not_picked":["Barrage+1","Leap"],"picked":"Static Discharge","floor":22},{"not_picked":["ReplayTheSpireMod:GoodbyeWorld","Doom and Gloom+1"],"picked":"ReplaySolidLightProjector+1","floor":23},{"not_picked":["Stack","ReplayGash+1"],"picked":"Aggregate","floor":27},{"not_picked":["Panic Button","Redo"],"picked":"Storm+1","floor":29},{"not_picked":["Rebound+1","Leap+1","Streamline+1"],"picked":"SKIP","floor":30},{"not_picked":["Genetic Algorithm","Reinforced Body"],"picked":"Steam","floor":31}],"player_experience":22934,"relics_obtained":[{"floor":7,"key":"Molten Egg 2"},{"floor":9,"key":"Replay:Bottled Flurry"},{"floor":15,"key":"ReplayTheSpireMod:Lightbulb"},{"floor":23,"key":"Boot"},{"floor":26,"key":"Replay:Baseball"}],"event_choices":[{"cards_removed":["Strike_B"],"damage_healed":0,"gold_gain":0,"player_choice":"Card Removal","damage_taken":7,"max_hp_gain":0,"max_hp_loss":0,"event_name":"Golden Wing","floor":3,"gold_loss":0},{"cards_removed":["Defend_B"],"damage_healed":0,"gold_gain":0,"player_choice":"Forget","damage_taken":0,"max_hp_gain":0,"max_hp_loss":0,"event_name":"Living Wall","floor":4,"gold_loss":0},{"damage_healed":0,"gold_gain":0,"player_choice":"Take Damage","damage_taken":18,"relics_obtained":["Golden Idol"],"max_hp_gain":0,"max_hp_loss":0,"event_name":"Golden Idol","floor":13,"gold_loss":0},{"damage_healed":0,"gold_gain":0,"player_choice":"Gave Idol","damage_taken":0,"relics_obtained":["Bloody Idol"],"max_hp_gain":0,"max_hp_loss":0,"event_name":"Forgotten Altar","floor":19,"relics_lost":["Golden Idol"],"gold_loss":0},{"damage_healed":0,"gold_gain":0,"player_choice":"Bet on Owner","damage_taken":0,"max_hp_gain":0,"max_hp_loss":0,"event_name":"The Joust","floor":21,"gold_loss":50},{"damage_healed":0,"gold_gain":90,"player_choice":"GOLD ","damage_taken":12,"max_hp_gain":0,"max_hp_loss":0,"event_name":"Knowing Skull","floor":24,"potions_obtained":[],"gold_loss":0,"cards_obtained":[]}],"is_beta":false,"boss_relics":[{"not_picked":["Runic Pyramid","Ectoplasm"],"picked":"Tiny House"}],"items_purged_floors":[28],"is_endless":false,"potions_floor_spawned":[1,8,12,14,23,29],"killed_by":"Collector","ascension_level":0}}