{"host":"ft2xazkv7v30fddt","time":1609593871,"event":{"mods":["AchievementEnabler","Act Like it!","Aspiration","Astrologer","Bard","BaseMod","Better Altar","Better Match","Better Note","Better Sensory Stone","Better Skull","CapriCore","Chen","Colored Powertips","Downfall","Energized Spire","Gensokyo","GifTheSpireLib","Gremlin Mod","Hermit","Hubris","Infinite Spire","KinomotoSakuraMod(????)","Koishi","Marisa????????","Minty Spire (QoL Compilation)","Pale of the Ancients","Permanent Neow","Potionbrewer","Prisma Mod","Replay The Spire","StSLib","Stuff the Spire","The Blackbeard","The Bladedancer","The Construct","The Cursed","The Forsaken","The Gatherer","The Hayseed","The Immortal","The Runesmith","The Servant 0.9.4","The Showman","The Vixen","TheArtist","TheSwordswoman","Wandering Minibosses","thorton","vexMod"],"gold_per_floor":[111,34,34,53,53,87,87,87,87,87,87,106,106,123,123,200,150,167,142,335,351,351,351,362,33,33,33,33,62,75,116,116,202,211,238,247,247,258,28,62,62,62,62,71,71,111,111,111,111,148,148,148],"floor_reached":53,"playtime":2601,"items_purged":["Chen:Strike","Chen:Strike"],"score":1602,"play_id":"e02340c1-648e-4506-83a9-143cfc6d8e65","local_time":"20210102212431","is_ascension_mode":true,"campfire_choices":[{"floor":7.0,"key":"REST"},{"floor":10.0,"key":"REST"},{"data":"Chen:Frivolous","floor":23,"key":"SMITH"},{"data":"Chen:PhoenixWings","floor":27,"key":"SMITH"},{"floor":32,"key":"REST"},{"data":"infinitespire:Collect","floor":41,"key":"SMITH"},{"data":"Chen:Kimontonkou","floor":51,"key":"SMITH"}],"circlet_count":0,"master_deck":["AscendersBane","Chen:Strike","Chen:Strike","Chen:Defend+1","Chen:Defend+1","Chen:Defend","Chen:Defend","Chen:GlitterPoke+1","Chen:EvasiveFireShift+1","Chen:Sweep","Chen:StudySharpen+1","Chen:Assault+1","Chen:Mixup","Chen:Possession","Chen:Strike","Chen:PhoenixWings+1","Chen:Exploit","Chen:Frivolous+1","Chen:SurpriseAttack","Chen:Flicker","Chen:Kimontonkou+1","CurseOfTheBell","Chen:ResistTemptation","infinitespire:Collect+1","Chen:ShikigamiForm","Chen:MeditateFrenzy","Gensokyo:MedicineKit","Chen:Unpredictable+1","Chen:RapidfireEvasive"],"relics":["Chen:Catnip","StuffTheSpire:OldFever","Happy Flower","theForsaken:Kindling","vexMod:MysteryBossChallenge","energizedSpire:HugeHouse","aspiration:AnachronicSnailShell","infinitespire:ShieldingShard","Guardian:GemstoneGun","CeramicFish","Calling Bell","StuffTheSpire:HeavyRock","aspiration:FetidBarrel","potionbrewer:DrinkingBird","potionbrewer:Torch","construct:WeddingRing","theForsaken:Gavel","Gensokyo:DualWield","Replay:Accelerometer","Akabeko","FossilizedHelix","Ring of Fangs","Ring of Peace","ReplayTheSpireMod:Lightbulb"],"acts_visited":["Gensokyo:Gensokyo","Gensokyo:Gensokyoer","Gensokyo:Gensokyoest"],"potions_floor_usage":[35,40,50],"damage_taken":[{"damage":0.0,"enemies":"Gensokyo:Python","floor":1.0,"turns":4.0},{"damage":2.0,"enemies":"Gensokyo:3_Fairies","floor":4.0,"turns":5.0},{"damage":24.0,"enemies":"Gensokyo:Mamizou","floor":6.0,"turns":9.0},{"damage":3,"enemies":"Gensokyo:Gryphon","floor":12,"turns":4},{"damage":0,"enemies":"Gensokyo:CorruptedTreant","floor":14,"turns":4},{"damage":40,"enemies":"Gensokyo:Kokoro","floor":16,"turns":13},{"damage":0,"enemies":"Gensokyo:2_Gloops","floor":18,"turns":3},{"damage":20,"enemies":"Gensokyo:Chomper","floor":21,"turns":5},{"damage":12,"enemies":"Gensokyo:Wraith","floor":24,"turns":5},{"damage":11,"enemies":"Gensokyo:Reisen","floor":29,"turns":4},{"damage":4,"enemies":"Gensokyo:Slime_Group","floor":30,"turns":3},{"damage":9,"enemies":"Gensokyo:Tenshi","floor":31,"turns":4},{"damage":9,"enemies":"Gensokyo:Eternal_Rivals","floor":33,"turns":8},{"damage":0,"enemies":"Gensokyo:3_Boulders","floor":35,"turns":4},{"damage":0,"enemies":"Gensokyo:3_Bats","floor":38,"turns":3},{"damage":4,"enemies":"Gensokyo:Doremy","floor":40,"turns":5},{"damage":0,"enemies":"Gensokyo:Kasen","floor":46,"turns":3},{"damage":4,"enemies":"Gensokyo:Marisa","floor":50,"turns":4},{"damage":0,"enemies":"Gensokyo:Yuyuko","floor":52,"turns":4}],"seed_played":"-1189753728131032022","potions_obtained":[{"floor":6.0,"key":"potionbrewer:BarricadePotion"},{"floor":12,"key":"Ancient Potion"},{"floor":16,"key":"construct:ShiftPotion"},{"floor":21,"key":"potionbrewer:HastePotion"},{"floor":35,"key":"AttackPotion"},{"floor":46,"key":"AttackPotion"}],"is_trial":false,"path_per_floor":["M","COS","?","M","?","E","R","?","T","R","?","M","?","M","R","B",null,"M","?","?","M","?","R","M","$","T","R","$","E","M","E","R","B",null,"M","AVR","?","M","$","E","R","?","T","?","?","E","PTL","PTL","?","E","R","B",null],"character_chosen":"CHEN","items_purchased":["aspiration:AnachronicSnailShell","Chen:ShikigamiForm"],"campfire_rested":3,"item_purchase_floors":[25,39],"current_hp_per_floor":[59,59,34,32,32,8,27,27,27,51,28,25,25,25,51,11,55,55,55,32,65,65,65,53,53,53,53,53,42,38,29,55,46,68,68,68,70,70,70,66,66,66,66,66,66,66,66,66,66,62,62,62],"gold":148,"neow_bonus":"TRANSFORM_CARD","is_daily":false,"chose_seed":false,"campfire_upgraded":4,"win_rate":0.0,"timestamp":1609593871,"path_taken":["M","COS","?","?","?","E","R","?","T","R","?","?","?","M","R","BOSS","M","?","?","M","?","R","M","$","T","R","?","E","?","E","R","BOSS","M","AVR","?","?","$","E","R","?","T","?","?","E","PTL","PTL","?","E","R","BOSS"],"items_purchased_type":["Relic","Card"],"build_version":"2020-12-22","purchased_purges":2,"victory":true,"max_hp_per_floor":[65,65,65,65,65,65,65,65,65,70,70,70,70,70,75,75,70,70,70,70,70,70,70,70,70,70,70,70,70,70,70,75,75,75,75,75,75,75,75,75,75,75,75,75,75,75,75,75,75,75,75,75],"card_choices":[{"not_picked":["Chen:Spray","Chen:PentagramFlight"],"picked":"Chen:Sweep","floor":1.0},{"not_picked":["Chen:Panic","Chen:RecklessLeap","Chen:Instinct"],"picked":"SKIP","floor":4.0},{"not_picked":["Chen:Spray","Chen:Scratch"],"picked":"Chen:StudySharpen","floor":6.0},{"not_picked":["Chen:Instinct","Chen:Scratch"],"picked":"Chen:Shot","floor":12},{"not_picked":["Chen:Lacerate","Chen:Scratch"],"picked":"Chen:Assault","floor":13},{"not_picked":["Chen:EmergencyEscape","Chen:ResistTemptation"],"picked":"Chen:Mixup","floor":14},{"not_picked":["Chen:Stability","Chen:Gash"],"picked":"Chen:Possession","floor":16},{"not_picked":["Chen:UnstableBoundary","Chen:Sweep","Chen:Fadeout"],"picked":"SKIP","floor":18},{"not_picked":["Chen:Sweep","Chen:SelfControl"],"picked":"Chen:Exploit","floor":20},{"not_picked":["Chen:Sneak+1","Chen:Catseye"],"picked":"Chen:Unpredictable","floor":21},{"not_picked":["Chen:Panic","Chen:UpperHand"],"picked":"Chen:SurpriseAttack","floor":24},{"not_picked":["Chen:Stability","Chen:CatPunch","Chen:Instinct"],"picked":"SKIP","floor":29},{"not_picked":["Chen:CatPunch","Chen:TauntHiss","Chen:Impale"],"picked":"SKIP","floor":30},{"not_picked":["Chen:Spray","Chen:Salvo"],"picked":"Chen:Flicker","floor":31},{"not_picked":["Chen:CurlUp","Chen:PhoenixEgg"],"picked":"Chen:Kimontonkou","floor":33},{"not_picked":["Chen:Barrier","Chen:SurpriseAttack"],"picked":"Chen:ResistTemptation","floor":35},{"not_picked":["Chen:PentagramFlight","Chen:MisdirectSwipe","Chen:Salvo+1"],"picked":"SKIP","floor":38},{"not_picked":["Chen:SelfControl","Chen:Instinct+1"],"picked":"Chen:MeditateFrenzy","floor":40},{"not_picked":["Chen:Lacerate+1","Chen:Tear"],"picked":"Chen:Unpredictable+1","floor":46},{"not_picked":["Chen:PentagramFlight","Chen:TauntHiss"],"picked":"Chen:RapidfireEvasive","floor":50}],"player_experience":1672597,"relics_obtained":[{"floor":6.0,"key":"StuffTheSpire:OldFever"},{"floor":9.0,"key":"theForsaken:Kindling"},{"floor":26,"key":"infinitespire:ShieldingShard"},{"floor":29,"key":"Guardian:GemstoneGun"},{"floor":31,"key":"CeramicFish"},{"floor":34,"key":"StuffTheSpire:HeavyRock"},{"floor":34,"key":"aspiration:FetidBarrel"},{"floor":34,"key":"potionbrewer:DrinkingBird"},{"floor":40,"key":"theForsaken:Gavel"},{"floor":43,"key":"Replay:Accelerometer"},{"floor":46,"key":"FossilizedHelix"},{"floor":49,"key":"Ring of Fangs"},{"floor":49,"key":"Ring of Peace"},{"floor":50,"key":"ReplayTheSpireMod:Lightbulb"}],"event_choices":[{"damage_healed":0.0,"max_hp_gain":0.0,"max_hp_loss":0.0,"gold_gain":0.0,"event_name":"betterSkull:BetterSkull","player_choice":"UP UP ","floor":3.0,"gold_loss":0.0,"damage_taken":29.0,"cards_upgraded":["Chen:EvasiveFireShift","Chen:Defend"],"relics_obtained":[]},{"damage_healed":0,"gold_gain":0,"player_choice":"UP UP ","damage_taken":27,"relics_obtained":[],"max_hp_gain":0,"max_hp_loss":0,"event_name":"betterSkull:BetterSkull","floor":11,"gold_loss":0,"cards_upgraded":["Chen:Defend","Chen:StudySharpen"]},{"damage_healed":2,"gold_gain":0,"player_choice":"LEAVE ","damage_taken":0,"relics_obtained":[],"max_hp_gain":0,"max_hp_loss":0,"event_name":"betterSkull:BetterSkull","floor":37,"gold_loss":0,"cards_upgraded":[]}],"is_beta":false,"boss_relics":[{"not_picked":["aspiration:FutureDiary","StuffTheSpire:RunicHypercube"],"picked":"vexMod:MysteryBossChallenge"},{"not_picked":["aspiration:RunicSpoon","ReplayTheSpireMod:DimensionalGlitch"],"picked":"Calling Bell"}],"items_purged_floors":[36,39],"is_endless":false,"potions_floor_spawned":[6,12,16,21,29,30,35,46],"ascension_level":19}}