{"host":"7o30bgpqouqblh42","time":1609546768,"event":{"mods":["AchievementEnabler","Aspiration","BaseMod","Colored Map","Downfall","Highlight Path","Minty Spire (QoL Compilation)","StSLib","SuperFastMode"],"gold_per_floor":[99,99,99,156,6,34,34,51,84,9,25,36,36,136,154,154,154,154],"floor_reached":16,"playtime":919,"items_purged":[],"score":135,"play_id":"0ea12607-7de3-4a61-bc45-d92cf4893def","local_time":"20210101191928","is_ascension_mode":true,"campfire_choices":[{"floor":1,"key":"RECALL"},{"floor":10,"key":"REST"},{"floor":13,"key":"REST"}],"circlet_count":0,"master_deck":["Slimebound:Strike_Slimebound","Slimebound:Strike_Slimebound","Slimebound:Strike_Slimebound","Slimebound:Tackle","Slimebound:Defend_Slimebound","Slimebound:Defend_Slimebound","Slimebound:Defend_Slimebound","Slimebound:Defend_Slimebound","Slimebound:Split","Slimebound:CorrosiveSpit","Slimebound:SamplingLick","Slimebound:Grow","Slimebound:FormOfPuddle","Slimebound:MassRepurpose","Slimebound:HauntingLick","Slimebound:PrepareCrush","Slimebound:Recollect"],"relics":["Slimebound:AbsorbEndCombat","downfall:HeartsMalice","Bag of Preparation","Question Card","Mercury Hourglass","InkBottle","downfall:HeartBlessingRed"],"acts_visited":["Exordium"],"potions_floor_usage":[],"damage_taken":[{"damage":0,"enemies":"2 Louse","floor":2,"turns":1},{"damage":0,"enemies":"Jaw Worm","floor":3,"turns":1},{"damage":0,"enemies":"Lagavulin Event","floor":4,"turns":1},{"damage":43,"enemies":"Gremlin Nob","floor":6,"turns":5},{"damage":4,"enemies":"Cultist","floor":8,"turns":4},{"damage":36,"enemies":"3 Sentries","floor":9,"turns":6},{"damage":19,"enemies":"3 Louse","floor":11,"turns":4},{"damage":18,"enemies":"Exordium Thugs","floor":12,"turns":4},{"damage":10,"enemies":"Lots of Slimes","floor":15,"turns":4},{"damage":62,"enemies":"downfall:Ironclad","floor":16,"turns":10}],"seed_played":"-7619296474760392687","potions_obtained":[{"floor":8,"key":"FairyPotion"},{"floor":9,"key":"BlessingOfTheForge"},{"floor":11,"key":"SteroidPotion"},{"floor":12,"key":"Energy Potion"}],"is_trial":false,"path_per_floor":["R","M","M","?","?","E","T","M","E","R","M","M","R","?","M","B"],"character_chosen":"SLIMEBOUND","items_purchased":[],"campfire_rested":2,"item_purchase_floors":[],"current_hp_per_floor":[60,60,60,60,70,35,35,39,9,30,19,9,30,30,22,0,0,0],"gold":154,"neow_bonus":"THREE_ENEMY_KILL","is_daily":false,"chose_seed":false,"campfire_upgraded":0,"win_rate":0.0,"timestamp":1609546768,"path_taken":["R","M","M","?","?","E","T","?","E","R","M","M","R","?","M","BOSS"],"items_purchased_type":[],"build_version":"2020-12-22","purchased_purges":0,"victory":false,"max_hp_per_floor":[60,60,60,60,70,70,70,70,70,70,70,70,70,70,70,70,70,70],"card_choices":[{"not_picked":["Slimebound:LeechEnergy","Slimebound:FinishingTackle"],"picked":"Slimebound:SamplingLick","floor":2},{"not_picked":["Slimebound:LeechEnergy","Slimebound:SlimeBarrage"],"picked":"Slimebound:Grow","floor":3},{"not_picked":["Slimebound:ItLooksTasty","Slimebound:SplitMire"],"picked":"Slimebound:FormOfPuddle","floor":4},{"not_picked":["Slimebound:ForwardTackle","Slimebound:GrowthPunch"],"picked":"Slimebound:MassRepurpose","floor":6},{"not_picked":["Slimebound:ServeAndProtect","Slimebound:Schlurp","Slimebound:SlimeSpikes"],"picked":"Slimebound:HauntingLick","floor":8},{"not_picked":["Slimebound:SplitAcid","Slimebound:Repurpose","Slimebound:LeadByExample"],"picked":"Slimebound:PrepareCrush","floor":9},{"not_picked":["Slimebound:ViciousTackle","Slimebound:HungryTackle","Slimebound:LeechEnergy","Slimebound:AcidTongue"],"picked":"SKIP","floor":11},{"not_picked":["Slimebound:Chomp","Slimebound:FlameTackle","Slimebound:LeechingTouch"],"picked":"Slimebound:Recollect","floor":12},{"not_picked":["Slimebound:GrowthPunch","Slimebound:FlameTackle","Slimebound:LeechEnergy","Slimebound:ViciousTackle"],"picked":"SKIP","floor":15}],"player_experience":216706,"relics_obtained":[{"floor":4,"key":"Bag of Preparation"},{"floor":6,"key":"Question Card"},{"floor":7,"key":"Mercury Hourglass"},{"floor":9,"key":"InkBottle"}],"event_choices":[],"is_beta":false,"boss_relics":[],"items_purged_floors":[],"is_endless":false,"potions_floor_spawned":[8,9,11,12],"killed_by":"downfall:Ironclad","ascension_level":5}}