{"host":"iku36qoao9132ep5","time":1609615303,"event":{"mods":["AchievementEnabler","BaseMod","BetterRewards","DeckTracker","Minty Spire (QoL Compilation)","Quick Restart","SuperFastMode"],"gold_per_floor":[115,115,115,15,32,65,15,27,27,27,46,10,44,57,57,159,159,170,170,170,189,11,36,36,36,63,63,63,63,75,93,93,196,196,209,225,225,1,1,36,36,36,111,111,161,186,186,202,202,202],"floor_reached":51,"playtime":2925,"items_purged":["Strike_R","Pain","Strike_R","Strike_R"],"score":1140,"play_id":"a5dc6a91-7ff5-47a1-af59-7bed61878bc0","local_time":"20210102202143","is_ascension_mode":true,"campfire_choices":[{"data":"Bash","floor":15,"key":"SMITH"},{"data":"RitualDagger","floor":25,"key":"SMITH"},{"data":"Armaments","floor":27,"key":"SMITH"},{"data":"Seeing Red","floor":32,"key":"SMITH"},{"floor":49,"key":"REST"}],"circlet_count":0,"master_deck":["Defend_R","Defend_R","Defend_R","Defend_R","Bash+1","Searing Blow","Sword Boomerang","Thunderclap","Seeing Red+1","Flex","Ghostly Armor","Dropkick","Reaper","Spot Weakness+1","RitualDagger+1","Iron Wave","Armaments+1","Infernal Blade","Double Tap","Uppercut+1","Thunderclap","Flame Barrier","Madness","Madness","Blood for Blood+1"],"relics":["Burning Blood","Juzu Bracelet","WarpedTongs","FaceOfCleric","Bag of Marbles","Mercury Hourglass","Blood Vial","SlaversCollar","Tiny Chest","Pen Nib","MealTicket","Philosopher\u0027s Stone","Eternal Feather","Akabeko","White Beast Statue","Strawberry","TungstenRod","Nunchaku"],"acts_visited":["Exordium","TheCity","TheBeyond"],"potions_floor_usage":[16,18,18,31,45,46,50,50],"damage_taken":[{"damage":14,"enemies":"Cultist","floor":1,"turns":5},{"damage":7,"enemies":"2 Louse","floor":5,"turns":2},{"damage":35,"enemies":"3 Sentries","floor":6,"turns":10},{"damage":10,"enemies":"Small Slimes","floor":8,"turns":3},{"damage":0,"enemies":"2 Fungi Beasts","floor":11,"turns":2},{"damage":15,"enemies":"Gremlin Nob","floor":13,"turns":4},{"damage":0,"enemies":"Blue Slaver","floor":14,"turns":2},{"damage":35,"enemies":"Hexaghost","floor":16,"turns":8},{"damage":4,"enemies":"Chosen","floor":18,"turns":4},{"damage":21,"enemies":"2 Thieves","floor":21,"turns":4},{"damage":0,"enemies":"Gremlin Leader","floor":23,"turns":5},{"damage":0,"enemies":"3 Cultists","floor":30,"turns":3},{"damage":25,"enemies":"Snecko","floor":31,"turns":5},{"damage":49,"enemies":"Automaton","floor":33,"turns":8},{"damage":57,"enemies":"3 Shapes","floor":35,"turns":3},{"damage":10,"enemies":"Orb Walker","floor":36,"turns":3},{"damage":75,"enemies":"Nemesis","floor":40,"turns":7},{"damage":19,"enemies":"Mind Bloom Boss Battle","floor":45,"turns":7},{"damage":101,"enemies":"Giant Head","floor":46,"turns":8},{"damage":9,"enemies":"3 Darklings","floor":48,"turns":3},{"damage":93,"enemies":"Time Eater","floor":50,"turns":8}],"seed_played":"5274729796838736684","potions_obtained":[{"floor":5,"key":"Strength Potion"},{"floor":6,"key":"Swift Potion"},{"floor":8,"key":"FearPotion"},{"floor":16,"key":"DistilledChaos"},{"floor":30,"key":"DistilledChaos"},{"floor":36,"key":"LiquidBronze"},{"floor":40,"key":"PowerPotion"},{"floor":45,"key":"Swift Potion"},{"floor":46,"key":"LiquidBronze"},{"floor":48,"key":"Energy Potion"}],"is_trial":false,"path_per_floor":["M","?","?","$","M","E","?","M","T","?","M","$","E","M","R","B",null,"M","?","?","M","$","E","?","R","T","R","?","$","M","M","R","B",null,"M","M","T","$","?","E","?","?","T","T","?","E","?","M","R","B",null],"character_chosen":"IRONCLAD","items_purchased":["Juzu Bracelet","Searing Blow","Ghostly Armor","Armaments","Flame Barrier"],"campfire_rested":1,"item_purchase_floors":[0,0,12,22,38],"current_hp_per_floor":[72,72,72,72,72,44,44,41,41,41,48,48,40,49,49,23,87,88,82,82,83,83,90,90,90,90,90,72,87,96,78,78,38,98,60,61,61,76,63,97,97,97,97,104,121,29,29,55,133,49],"gold":202,"neow_bonus":"","is_daily":false,"chose_seed":false,"campfire_upgraded":4,"win_rate":0.0,"timestamp":1609615303,"path_taken":["M","?","?","$","M","E","?","M","T","?","M","$","E","M","R","BOSS","M","?","?","M","$","E","?","R","T","R","?","?","M","M","R","BOSS","M","M","?","$","?","E","?","?","T","?","?","E","?","M","R","BOSS"],"items_purchased_type":["Relic","Card","Card","Card","Card"],"build_version":"2020-12-22","purchased_purges":4,"victory":true,"max_hp_per_floor":[80,80,80,80,81,82,82,83,83,83,84,84,85,86,86,87,87,88,88,88,89,89,90,90,90,90,90,95,95,96,97,97,98,98,99,100,100,100,100,201,201,201,201,208,209,210,210,211,211,212],"card_choices":[{"not_picked":["Spot Weakness","Havoc"],"picked":"Sword Boomerang","floor":1},{"not_picked":["Cleave","Pommel Strike"],"picked":"Double Tap","floor":5},{"not_picked":["Corruption","True Grit"],"picked":"Thunderclap","floor":6},{"not_picked":["Perfected Strike","Reckless Charge"],"picked":"Seeing Red","floor":8},{"not_picked":["Twin Strike","Rage"],"picked":"Flex","floor":11},{"not_picked":["Havoc","Shrug It Off"],"picked":"Dropkick","floor":13},{"not_picked":["Heavy Blade","Searing Blow","Anger"],"picked":"SKIP","floor":14},{"not_picked":["Berserk","Barricade"],"picked":"Reaper","floor":16},{"not_picked":["Second Wind+1","Clothesline"],"picked":"Spot Weakness+1","floor":18},{"not_picked":["Entrench+1","Clash"],"picked":"Iron Wave","floor":21},{"not_picked":["Pommel Strike","Fiend Fire","Sword Boomerang"],"picked":"SKIP","floor":23},{"not_picked":["Flex","Iron Wave"],"picked":"Infernal Blade","floor":30},{"not_picked":["Dual Wield","Clash","Twin Strike+1"],"picked":"SKIP","floor":31},{"not_picked":["Impervious","Immolate"],"picked":"Double Tap","floor":33},{"not_picked":["Havoc+1","Combust+1"],"picked":"Uppercut+1","floor":35},{"not_picked":["Whirlwind","Pommel Strike"],"picked":"Thunderclap","floor":36},{"not_picked":["Combust+1","Bludgeon","Twin Strike"],"picked":"SKIP","floor":40},{"not_picked":["Wild Strike","Infernal Blade"],"picked":"Blood for Blood+1","floor":45},{"not_picked":["Dual Wield","Perfected Strike","Fire Breathing+1"],"picked":"SKIP","floor":46},{"not_picked":["Cleave","Headbutt+1","Warcry+1"],"picked":"SKIP","floor":48}],"player_experience":122500,"relics_obtained":[{"floor":6,"key":"Bag of Marbles"},{"floor":9,"key":"Mercury Hourglass"},{"floor":13,"key":"Blood Vial"},{"floor":23,"key":"Pen Nib"},{"floor":26,"key":"MealTicket"},{"floor":37,"key":"Eternal Feather"},{"floor":40,"key":"Akabeko"},{"floor":43,"key":"White Beast Statue"},{"floor":44,"key":"Strawberry"},{"floor":45,"key":"TungstenRod"},{"floor":46,"key":"Nunchaku"}],"event_choices":[{"damage_healed":0,"gold_gain":0,"player_choice":"Rummage","damage_taken":0,"relics_obtained":["WarpedTongs"],"max_hp_gain":0,"max_hp_loss":0,"event_name":"Accursed Blacksmith","floor":2,"gold_loss":0,"cards_obtained":["Pain"]},{"damage_healed":0,"gold_gain":0,"player_choice":"Trade","damage_taken":0,"relics_obtained":["FaceOfCleric"],"max_hp_gain":0,"max_hp_loss":0,"event_name":"FaceTrader","floor":3,"gold_loss":0},{"cards_removed":["Strike_R"],"damage_healed":0,"gold_gain":0,"player_choice":"Card Removal","damage_taken":0,"max_hp_gain":0,"max_hp_loss":0,"event_name":"The Cleric","floor":7,"gold_loss":50},{"cards_removed":["Strike_R"],"damage_healed":0,"gold_gain":0,"player_choice":"Forget","damage_taken":0,"max_hp_gain":0,"max_hp_loss":0,"event_name":"Living Wall","floor":10,"gold_loss":0},{"damage_healed":0,"gold_gain":0,"player_choice":"Joined the Cult","damage_taken":6,"max_hp_gain":0,"max_hp_loss":0,"event_name":"Nest","floor":19,"gold_loss":0,"cards_obtained":["RitualDagger"]},{"damage_healed":0,"gold_gain":0,"player_choice":"Opened","damage_taken":0,"relics_obtained":["Tiny Chest"],"max_hp_gain":0,"max_hp_loss":0,"event_name":"The Mausoleum","floor":20,"gold_loss":0},{"damage_healed":0,"gold_gain":0,"player_choice":"Ignored","damage_taken":0,"max_hp_gain":0,"max_hp_loss":0,"event_name":"Vampires","floor":24,"gold_loss":0},{"damage_healed":0,"gold_gain":0,"player_choice":"Shed Blood","damage_taken":23,"max_hp_gain":5,"max_hp_loss":0,"event_name":"Forgotten Altar","floor":28,"gold_loss":0},{"damage_healed":0,"gold_gain":0,"player_choice":"Embrace Madness","damage_taken":13,"max_hp_gain":0,"max_hp_loss":0,"event_name":"Winding Halls","floor":39,"gold_loss":0,"cards_obtained":["Madness","Madness"]},{"cards_removed":["Double Tap"],"damage_healed":0,"gold_gain":0,"player_choice":"Removed Skill","damage_taken":0,"max_hp_gain":0,"max_hp_loss":0,"event_name":"Falling","floor":41,"gold_loss":0},{"damage_healed":0,"gold_gain":0,"player_choice":"Ignored","damage_taken":0,"max_hp_gain":0,"max_hp_loss":0,"event_name":"The Moai Head","floor":42,"gold_loss":0},{"damage_healed":0,"gold_gain":0,"player_choice":"Fight","damage_taken":0,"max_hp_gain":0,"max_hp_loss":0,"event_name":"MindBloom","floor":45,"gold_loss":0},{"damage_healed":0,"gold_gain":0,"player_choice":"Ignored","damage_taken":0,"max_hp_gain":0,"max_hp_loss":0,"event_name":"Mysterious Sphere","floor":47,"gold_loss":0}],"is_beta":false,"boss_relics":[{"not_picked":["Runic Pyramid","Runic Dome"],"picked":"SlaversCollar"},{"not_picked":["Calling Bell","Runic Cube"],"picked":"Philosopher\u0027s Stone"}],"items_purged_floors":[0,4,22,38],"is_endless":false,"potions_floor_spawned":[5,6,8,14,16,30,36,40,45,46,48],"ascension_level":3}}