{"host":"15f3wpiimhe5yrng","time":1609630890,"event":{"mods":["2.2 Compatiblity","Arknights The Spire","BaseMod","Bestiary","Better Altar","Better Match","Better Note","Better Sensory Stone","Better Skull","Better Third Choice","Colored Map","Colored Powertips","Downfall","Evolution","Marisa????????","Minty Spire (QoL Compilation)","Permanent Neow","Relic Filter","SacredBarkPlus","Spicy Shops","StSLib","The Animator","The Caster","The Marked","The Poker Player","TheSwordswoman","??????REMEMod"],"gold_per_floor":[113,113,133,151,151,151,163,183,183,183,183],"floor_reached":10,"playtime":661,"items_purged":[],"score":60,"play_id":"4401fc2e-52ce-4468-aee0-ab8f2e9a221d","local_time":"20210103004130","is_ascension_mode":false,"campfire_choices":[{"data":"blazmod:Kyokasuigetsu","floor":6,"key":"SMITH"}],"circlet_count":0,"master_deck":["blazmod:Strike","blazmod:Strike","blazmod:Strike+1","blazmod:Strike+1","blazmod:Defend","blazmod:Defend","blazmod:ButterflyEffect","blazmod:Kyokasuigetsu+1","Corruption","blazmod:TrueOfHeart","blazmod:StanceChange","blazmod:StanceChange","blazmod:BoulderFlash","blazmod:Valiance"],"relics":["blazmod:Venustas","EVO:Axolotl","REME_ComplimentaryCards","Ancient Tea Set"],"acts_visited":["Exordium"],"potions_floor_usage":[10],"damage_taken":[{"damage":0,"enemies":"Jaw Worm","floor":1,"turns":6},{"damage":0,"enemies":"2 Louse","floor":3,"turns":2},{"damage":0,"enemies":"Cultist","floor":4,"turns":4},{"damage":8,"enemies":"Exordium Thugs","floor":7,"turns":3},{"damage":10,"enemies":"Looter","floor":8,"turns":3},{"damage":0,"enemies":"Lagavulin","floor":10,"turns":3}],"seed_played":"3088086023366282595","potions_obtained":[{"floor":7,"key":"Ancient Potion"}],"is_trial":false,"path_per_floor":["M","?","M","M","?","R","M","M","T","E"],"character_chosen":"THE_SWORDSWOMAN","items_purchased":[],"campfire_rested":0,"item_purchase_floors":[],"current_hp_per_floor":[40,32,32,32,32,32,24,14,14,14,14],"gold":183,"neow_bonus":"REMOVE_CARD","is_daily":false,"chose_seed":false,"campfire_upgraded":1,"win_rate":0.0,"timestamp":1609630890,"path_taken":["M","?","M","M","?","R","M","M","T","E"],"items_purchased_type":[],"build_version":"2020-12-22","purchased_purges":0,"victory":false,"max_hp_per_floor":[40,40,40,40,40,40,40,40,40,40,40],"card_choices":[{"not_picked":["blazmod:FleetOfFoot","blazmod:MentalFocus"],"picked":"blazmod:TrueOfHeart","floor":1},{"not_picked":["blazmod:FancifulFlutter","blazmod:Valiance"],"picked":"blazmod:StanceChange","floor":3},{"not_picked":["blazmod:Valiance","blazmod:FlawlessDraw"],"picked":"blazmod:StanceChange","floor":4},{"not_picked":["blazmod:FortifiedVigor","blazmod:MentalFocus"],"picked":"blazmod:BoulderFlash","floor":7},{"not_picked":["blazmod:WildButterfly","blazmod:FlashRock"],"picked":"blazmod:Valiance","floor":8}],"player_experience":122936,"relics_obtained":[{"floor":9,"key":"Ancient Tea Set"}],"event_choices":[{"damage_healed":40,"gold_gain":0,"player_choice":"Upgrade","damage_taken":8,"max_hp_gain":0,"max_hp_loss":40,"event_name":"betterThird:BetterShining","floor":2,"gold_loss":0,"cards_upgraded":["blazmod:Strike","blazmod:Strike"]},{"cards_removed":["blazmod:Defend"],"damage_healed":0,"gold_gain":0,"player_choice":"Purged","damage_taken":0,"max_hp_gain":0,"max_hp_loss":0,"event_name":"Purifier","floor":5,"gold_loss":0}],"is_beta":false,"boss_relics":[],"items_purged_floors":[],"is_endless":false,"potions_floor_spawned":[7],"killed_by":"Lagavulin","ascension_level":0}}