{"host":"Ian","time":1609630346,"event":{"mods":["BaseMod","Bestiary","Block Reminder","Colored Map","Highlight Path","Key Reminder","Minty Spire (QoL Compilation)","Relic Stats"],"gold_per_floor":[112,31,31,48,73,73,104,6,79,79,107,122,152,162,162,235,285,259,274,119,44,59,94,94,128,128,141,141,159,159,159,159,236,236,252,267,267,267,280,280,29,54,105,139,155,182,194,213,213,213,213,213,213,88,117,117],"floor_reached":57,"playtime":3962,"items_purged":["Strike_R","Strike_R","Strike_R"],"score":2740,"play_id":"de40e814-af81-452b-a27b-b8970a399470","local_time":"20210102233226","is_ascension_mode":true,"campfire_choices":[{"data":"Combust","floor":6,"key":"SMITH"},{"data":"Armaments","floor":10,"key":"SMITH"},{"data":"Uppercut","floor":15,"key":"SMITH"},{"floor":24,"key":"REST"},{"floor":28,"key":"REST"},{"floor":32,"key":"REST"},{"floor":49,"key":"RECALL"},{"data":"Corruption","floor":53,"key":"SMITH"}],"circlet_count":0,"master_deck":["AscendersBane","Strike_R","Defend_R","Defend_R","Defend_R","Defend_R","Bash","Dropkick+1","Combust+1","Shrug It Off","Uppercut+1","Armaments+1","Bloodletting","Dropkick","Reaper","Disarm","Impervious","Metallicize","Rupture","Necronomicurse","Exhume","Reaper","Dark Embrace","Corruption+1","True Grit+1","Evolve+1","Dark Embrace","Flame Barrier"],"relics":["Burning Blood","Pen Nib","Pocketwatch","Champion Belt","Orichalcum","Tiny House","Singing Bowl","Oddly Smooth Stone","Bottled Lightning","Necronomicon","SlaversCollar","Torii","Incense Burner","Juzu Bracelet","Prayer Wheel","PreservedInsect","Ice Cream"],"acts_visited":["Exordium","TheCity","TheBeyond","TheEnding"],"potions_floor_usage":[17,33,56],"damage_taken":[{"damage":3,"enemies":"2 Louse","floor":1,"turns":4},{"damage":9,"enemies":"Jaw Worm","floor":4,"turns":3},{"damage":20,"enemies":"3 Sentries","floor":7,"turns":6},{"damage":7,"enemies":"Lagavulin","floor":11,"turns":5},{"damage":4,"enemies":"Small Slimes","floor":12,"turns":3},{"damage":8,"enemies":"Gremlin Nob","floor":13,"turns":3},{"damage":4,"enemies":"Blue Slaver","floor":14,"turns":2},{"damage":28,"enemies":"Hexaghost","floor":16,"turns":8},{"damage":23,"enemies":"2 Thieves","floor":18,"turns":4},{"damage":30,"enemies":"Spheric Guardian","floor":19,"turns":5},{"damage":30,"enemies":"3 Cultists","floor":22,"turns":5},{"damage":19,"enemies":"Gremlin Leader","floor":23,"turns":7},{"damage":41,"enemies":"Book of Stabbing","floor":25,"turns":7},{"damage":11,"enemies":"Snake Plant","floor":27,"turns":5},{"damage":16,"enemies":"Snecko","floor":29,"turns":6},{"damage":56,"enemies":"Champ","floor":33,"turns":10},{"damage":66,"enemies":"3 Darklings","floor":35,"turns":7},{"damage":12,"enemies":"Orb Walker","floor":36,"turns":4},{"damage":11,"enemies":"Sphere and 2 Shapes","floor":39,"turns":8},{"damage":8,"enemies":"Mind Bloom Boss Battle","floor":42,"turns":8},{"damage":51,"enemies":"Nemesis","floor":44,"turns":9},{"damage":28,"enemies":"3 Darklings","floor":45,"turns":5},{"damage":4,"enemies":"Giant Head","floor":46,"turns":6},{"damage":34,"enemies":"Writhing Mass","floor":47,"turns":8},{"damage":8,"enemies":"Maw","floor":48,"turns":5},{"damage":30,"enemies":"Time Eater","floor":50,"turns":6},{"damage":63,"enemies":"Awakened One","floor":51,"turns":8},{"damage":94,"enemies":"Shield and Spear","floor":55,"turns":6},{"damage":97,"enemies":"The Heart","floor":56,"turns":8}],"seed_played":"-5765930392248399948","potions_obtained":[{"floor":1,"key":"BloodPotion"},{"floor":12,"key":"SmokeBomb"},{"floor":14,"key":"AttackPotion"},{"floor":17,"key":"SmokeBomb"},{"floor":19,"key":"FearPotion"},{"floor":35,"key":"Regen Potion"},{"floor":39,"key":"ColorlessPotion"},{"floor":40,"key":"Regen Potion"}],"is_trial":false,"path_per_floor":["M","$","?","M","T","R","E","$","T","R","E","M","E","M","R","B",null,"M","M","$","?","M","E","R","E","T","M","R","M","?","?","R","B",null,"M","M","?","?","M","?","$","?","T","E","M","E","M","M","R","B","B",null,"R","$","E","B",null],"character_chosen":"IRONCLAD","items_purchased":["Combust","Uppercut","Armaments","ElixirPotion","Reaper"],"campfire_rested":3,"item_purchase_floors":[2,8,8,20,41],"current_hp_per_floor":[78,78,83,80,80,80,66,66,66,66,65,67,65,67,67,45,86,74,50,50,50,41,28,55,37,37,34,62,58,37,9,38,11,77,65,83,83,83,80,80,80,105,105,86,90,107,109,113,113,113,95,109,109,109,67,44],"gold":117,"neow_bonus":"TEN_PERCENT_HP_BONUS","is_daily":false,"chose_seed":false,"campfire_upgraded":4,"win_rate":0.0,"timestamp":1609630346,"path_taken":["M","$","?","M","?","R","E","$","T","R","E","M","E","M","R","BOSS","M","M","$","?","M","E","R","E","T","M","R","M","?","?","R","BOSS","M","M","?","?","?","?","?","?","T","E","M","E","M","M","R","BOSS","BOSS","R","$","E","BOSS"],"items_purchased_type":["Card","Card","Card","Potion","Card"],"build_version":"2020-12-18","purchased_purges":3,"victory":true,"max_hp_per_floor":[82,82,87,87,87,87,87,87,87,87,87,87,87,87,87,87,92,92,92,92,92,92,92,92,94,94,94,94,94,94,99,99,99,99,101,103,103,103,105,105,105,105,105,105,107,107,109,113,113,113,113,113,113,113,113,113],"relic_stats":{"Singing Bowl":16,"Torii":47,"counters":[29,171],"Pen Nib":[40],"PreservedInsect":77,"Juzu Bracelet":0,"Orichalcum":[324],"Burning Blood":144,"Prayer Wheel":3,"Necronomicon":[53],"Champion Belt":[90],"obtain_stats":[{"Ice Cream":55,"Tiny House":17,"Singing Bowl":23,"Torii":38,"Oddly Smooth Stone":25,"Pen Nib":5,"PreservedInsect":46,"Incense Burner":42,"Juzu Bracelet":43,"Orichalcum":13,"Burning Blood":0,"keyreminder:keyreminder":9,"SlaversCollar":34,"Prayer Wheel":44,"Necronomicon":30,"Champion Belt":11,"Bottled Lightning":26,"Pocketwatch":7},{"Ice Cream":28,"Tiny House":8,"Singing Bowl":12,"Torii":18,"Oddly Smooth Stone":13,"Pen Nib":2,"PreservedInsect":23,"Incense Burner":20,"Juzu Bracelet":20,"Orichalcum":6,"Burning Blood":0,"keyreminder:keyreminder":3,"SlaversCollar":16,"Prayer Wheel":21,"Necronomicon":15,"Champion Belt":4,"Bottled Lightning":13,"Pocketwatch":3},{"Ice Cream":163,"Tiny House":34,"Singing Bowl":55,"Torii":94,"Oddly Smooth Stone":62,"Pen Nib":7,"PreservedInsect":130,"Incense Burner":110,"Juzu Bracelet":110,"Orichalcum":24,"Burning Blood":0,"keyreminder:keyreminder":13,"SlaversCollar":83,"Prayer Wheel":119,"Necronomicon":73,"Champion Belt":18,"Bottled Lightning":62,"Pocketwatch":13}],"Pocketwatch":[215]},"card_choices":[{"not_picked":["Dark Embrace","Flex"],"picked":"Dropkick","floor":1},{"not_picked":["Heavy Blade","Clothesline"],"picked":"Shrug It Off","floor":4},{"not_picked":["Warcry","Perfected Strike","Iron Wave"],"picked":"SKIP","floor":7},{"not_picked":["Wild Strike","Heavy Blade"],"picked":"Bloodletting","floor":11},{"not_picked":["Cleave","Perfected Strike"],"picked":"Dropkick","floor":12},{"not_picked":["Wild Strike","Perfected Strike","Fire Breathing"],"picked":"SKIP","floor":13},{"not_picked":["Sever Soul","Headbutt","Anger"],"picked":"SKIP","floor":14},{"not_picked":["Berserk","Limit Break"],"picked":"Reaper","floor":16},{"not_picked":["Flex","Perfected Strike"],"picked":"Disarm","floor":17},{"not_picked":["Shrug It Off","Anger","Heavy Blade+1"],"picked":"SKIP","floor":18},{"not_picked":["Headbutt","Wild Strike","Warcry"],"picked":"SKIP","floor":19},{"not_picked":["Warcry","Hemokinesis","Shockwave"],"picked":"SKIP","floor":22},{"not_picked":["Warcry","Hemokinesis","Shockwave"],"picked":"SKIP","floor":22},{"not_picked":["Ghostly Armor","Perfected Strike"],"picked":"Impervious","floor":23},{"not_picked":["Shrug It Off+1","Reckless Charge","Sword Boomerang"],"picked":"Singing Bowl","floor":25},{"not_picked":["Perfected Strike","Body Slam+1"],"picked":"Metallicize","floor":27},{"not_picked":["Anger","Pummel"],"picked":"Rupture","floor":29},{"not_picked":["Limit Break","Immolate"],"picked":"Exhume","floor":33},{"not_picked":["Twin Strike","Seeing Red","Pommel Strike+1"],"picked":"Singing Bowl","floor":35},{"not_picked":["Havoc","Clash","Cleave"],"picked":"Singing Bowl","floor":36},{"not_picked":["Bloodletting+1","Thunderclap","Headbutt+1"],"picked":"Singing Bowl","floor":39},{"not_picked":["Juggernaut","Sever Soul"],"picked":"Dark Embrace","floor":42},{"not_picked":["Pummel+1","Sentinel"],"picked":"Corruption","floor":44},{"not_picked":["Cleave","Iron Wave"],"picked":"True Grit+1","floor":45},{"not_picked":["Body Slam","Wild Strike+1","Armaments+1"],"picked":"Singing Bowl","floor":45},{"not_picked":["Heavy Blade","Wild Strike"],"picked":"Evolve+1","floor":46},{"not_picked":["Pummel","Bloodletting+1"],"picked":"Dark Embrace","floor":47},{"not_picked":["Cleave","Thunderclap","Clash+1"],"picked":"Singing Bowl","floor":47},{"not_picked":["Entrench","Body Slam","Brutality"],"picked":"Singing Bowl","floor":48},{"not_picked":["Evolve","Searing Blow","Twin Strike+1"],"picked":"Singing Bowl","floor":48},{"not_picked":["Anger","Warcry"],"picked":"Flame Barrier","floor":55}],"player_experience":2612730,"relics_obtained":[{"floor":5,"key":"Pen Nib"},{"floor":7,"key":"Pocketwatch"},{"floor":11,"key":"Champion Belt"},{"floor":13,"key":"Orichalcum"},{"floor":23,"key":"Singing Bowl"},{"floor":25,"key":"Oddly Smooth Stone"},{"floor":26,"key":"Bottled Lightning"},{"floor":30,"key":"Necronomicon"},{"floor":42,"key":"Incense Burner"},{"floor":43,"key":"Juzu Bracelet"},{"floor":44,"key":"Prayer Wheel"},{"floor":46,"key":"PreservedInsect"},{"floor":55,"key":"Ice Cream"}],"event_choices":[{"damage_healed":0,"gold_gain":0,"player_choice":"Donut","damage_taken":0,"max_hp_gain":5,"max_hp_loss":0,"event_name":"Big Fish","floor":3,"gold_loss":0},{"cards_removed":["Strike_R"],"damage_healed":0,"gold_gain":0,"player_choice":"Gave Gold","damage_taken":0,"max_hp_gain":0,"max_hp_loss":0,"event_name":"Beggar","floor":21,"gold_loss":75},{"damage_healed":0,"gold_gain":0,"player_choice":"Obtained Book","damage_taken":21,"max_hp_gain":0,"max_hp_loss":0,"event_name":"Cursed Tome","floor":30,"gold_loss":0},{"damage_healed":0,"gold_gain":0,"player_choice":"Shed Blood","damage_taken":33,"max_hp_gain":5,"max_hp_loss":0,"event_name":"Forgotten Altar","floor":31,"gold_loss":0},{"damage_healed":0,"gold_gain":0,"player_choice":"Ignored","damage_taken":0,"max_hp_gain":0,"max_hp_loss":0,"event_name":"Mysterious Sphere","floor":37,"gold_loss":0},{"damage_healed":0,"gold_gain":0,"player_choice":"Gave Potion","damage_taken":0,"relics_obtained":["Torii"],"max_hp_gain":0,"max_hp_loss":0,"event_name":"WeMeetAgain","floor":38,"gold_loss":0},{"damage_healed":0,"gold_gain":0,"player_choice":"Got Potions","damage_taken":0,"max_hp_gain":0,"max_hp_loss":0,"event_name":"Lab","floor":40,"gold_loss":0},{"damage_healed":0,"gold_gain":0,"player_choice":"Fight","damage_taken":0,"max_hp_gain":0,"max_hp_loss":0,"event_name":"MindBloom","floor":42,"gold_loss":0}],"is_beta":true,"boss_relics":[{"not_picked":["Sozu","Fusion Hammer"],"picked":"Tiny House"},{"not_picked":["Astrolabe","Philosopher\u0027s Stone"],"picked":"SlaversCollar"}],"items_purged_floors":[20,41,54],"is_endless":false,"potions_floor_spawned":[1,12,14,19,23,35,39,47,48],"ascension_level":20}}