{"host":"d2y4rmbezebiv8aj","time":1609629539,"event":{"mods":["AchievementEnabler","BaseMod","BetterRewards","Colored Map","Colored Powertips","Custom Start","Highlight Path","Minty Spire (QoL Compilation)","Rare Cards Sparkle","Shop Mod","StSLib","SuperFastMode","Synergy Search"],"gold_per_floor":[109,126,144,163,14,42,58,58,58],"floor_reached":8,"playtime":352,"items_purged":[],"score":66,"play_id":"46b1b019-4269-47b4-a7e6-32d3bc26d3ee","local_time":"20210103001859","is_ascension_mode":true,"campfire_choices":[],"circlet_count":0,"master_deck":["Strike_G","Strike_G","Strike_G","Strike_G","Strike_G","Defend_G","Defend_G","Defend_G","Defend_G","Defend_G","Survivor","Neutralize","Wraith Form v2","Dodge and Roll","Noxious Fumes","Outmaneuver","Dagger Spray","PiercingWail","Backflip","Sucker Punch","Bouncing Flask","Adrenaline","Cloak And Dagger"],"relics":["Ring of the Snake","Orrery","Bottled Tornado"],"acts_visited":["Exordium"],"potions_floor_usage":[],"damage_taken":[{"damage":0,"enemies":"2 Louse","floor":1,"turns":3},{"damage":1,"enemies":"Small Slimes","floor":2,"turns":4},{"damage":4,"enemies":"Jaw Worm","floor":3,"turns":6},{"damage":18,"enemies":"Large Slime","floor":4,"turns":10},{"damage":21,"enemies":"Lagavulin","floor":6,"turns":8},{"damage":16,"enemies":"Exordium Thugs","floor":7,"turns":5},{"damage":10,"enemies":"3 Sentries","floor":8,"turns":3}],"seed_played":"4628721403112689451","potions_obtained":[{"floor":3,"key":"PowerPotion"},{"floor":7,"key":"CunningPotion"}],"is_trial":false,"path_per_floor":["M","M","M","M","$","E","M","E"],"character_chosen":"THE_SILENT","items_purchased":["Orrery"],"campfire_rested":0,"item_purchase_floors":[5],"current_hp_per_floor":[70,69,65,47,47,26,10,0,0],"gold":58,"neow_bonus":"ONE_RANDOM_RARE_CARD","is_daily":false,"chose_seed":false,"campfire_upgraded":0,"win_rate":0.0,"timestamp":1609629539,"path_taken":["M","M","M","M","$","E","M","E"],"items_purchased_type":["Relic"],"build_version":"2020-12-22","purchased_purges":0,"victory":false,"max_hp_per_floor":[70,70,70,70,70,70,70,70,70],"card_choices":[{"not_picked":["Acrobatics","Reflex"],"picked":"Dodge and Roll","floor":1},{"not_picked":["Slice","Prepared"],"picked":"Noxious Fumes","floor":2},{"not_picked":["Dagger Spray","Acrobatics"],"picked":"Outmaneuver","floor":3},{"not_picked":["Endless Agony","Outmaneuver"],"picked":"Dagger Spray","floor":4},{"not_picked":["Riddle With Holes","Underhanded Strike"],"picked":"PiercingWail","floor":5},{"not_picked":["Eviscerate","Glass Knife"],"picked":"Backflip","floor":5},{"not_picked":["Quick Slash","Acrobatics"],"picked":"Sucker Punch","floor":5},{"not_picked":["Acrobatics","Quick Slash"],"picked":"Bouncing Flask","floor":5},{"not_picked":["Grand Finale","Slice"],"picked":"Adrenaline","floor":6},{"not_picked":["Backflip","Quick Slash"],"picked":"Cloak And Dagger","floor":7}],"player_experience":320804,"relics_obtained":[{"floor":6,"key":"Bottled Tornado"}],"event_choices":[],"is_beta":false,"boss_relics":[],"items_purged_floors":[],"is_endless":false,"potions_floor_spawned":[3,7],"killed_by":"3 Sentries","ascension_level":2}}