{"host":"vti7ja5rr21myvc5","time":1609622477,"event":{"mods":["Abigail Mod","AchievementEnabler","BaseMod","Friendly Minions","GifTheSpireLib","Gold Saver","Koishi","Minty Spire (QoL Compilation)","Replay The Spire","StSLib","The Wild Card","Uncapped","noobMod"],"gold_per_floor":[117,117,117,129,144,176,17,17,68,68,99,99,434,452,452,551,551,563,563,563,592,604,630,630,649,649,281,314,374,374,280,280,381,381,401,401,401,420,438,438,450,462,485,183,202,214,214,243,243,243,243,243,4,37,37],"floor_reached":56,"playtime":5382,"items_purged":["Looming Evil"],"score":1431,"play_id":"726cc901-f87f-489f-b0d4-21c72ff9dac7","local_time":"20210102222117","is_ascension_mode":true,"campfire_choices":[{"floor":8,"key":"RECALL"},{"data":"Koishi:Whimsy","floor":10,"key":"SMITH"},{"data":"Koishi:MindStellarRelief","floor":12,"key":"SMITH"},{"data":"Koishi:JumpScare","floor":15,"key":"SMITH"},{"data":"Koishi:HeartStoppingHorror","floor":24,"key":"SMITH"},{"floor":30,"key":"REST"},{"data":"Koishi:SubterraneanRose","floor":32,"key":"SMITH"},{"data":"Koishi:MassHysteria","floor":40,"key":"SMITH"},{"data":"Koishi:DNAsFlaw","floor":47,"key":"SMITH"},{"data":"Koishi:HeartAttack","floor":49,"key":"SMITH"},{"data":"Koishi:JumpScare","floor":52,"key":"SMITH"}],"circlet_count":0,"master_deck":["Koishi:BasicStrike+1","Koishi:BasicStrike+1","Koishi:BasicStrike+1","Koishi:BasicStrike+1","Koishi:BasicDefend+1","Koishi:BasicDefend+1","Koishi:BasicDefend+1","Koishi:Provoke","Koishi:HauntingSlash","Koishi:Prune","Koishi:SilentAndRestless+1","Koishi:JumpScare+1","Koishi:Whimsy+1","Koishi:PhantomStrike+1","Koishi:SprinkleStarAndHeart+1","Koishi:BramblyRoseGarden+1","Koishi:MindStellarRelief+1","Koishi:DreadfulBlow+1","Koishi:HeartStoppingHorror+1","Koishi:UnconsciousUprising","Koishi:SubconsciousSweep","Koishi:FreudianInstinct+1","Koishi:EmbersOfLove","Koishi:JumpScare+1","Koishi:MassHysteria+1","Koishi:DNAsFlaw+1","Koishi:FidgetySnatcher+1","Koishi:SubterraneanRose+1","Koishi:HeartAttack+1","Koishi:TerrifyingSpectre+1","Koishi:UnconsciousUprising","Koishi:ReflexRadar+1","Koishi:SprinkleStarAndHeart+1","Koishi:SubterraneanRose+1","Koishi:TremblingHands","Koishi:BramblyRoseGarden+1","Koishi:IdleWhim+1","Koishi:LastRemote+1","Koishi:HeartStoppingHorror"],"relics":["Koishi:ImaginaryFriend","ice","NeowsBlessing","Replay:Wax Seal","Pet Ghost","ReplayFunnel","Old Coin","Runic Pyramid","Kunai","Red Mask","Eternal Feather","Guide Book","Whetstone","Oddly Smooth Stone","Ancient Tea Set","Philosopher\u0027s Stone","Ring of Misfortune","Ring of Hypnosis","Omamori","Gremlin Food","Boot","Koishi:TeethAndClaws","Bronze Scales"],"acts_visited":["Exordium","TheCity","TheBeyond","TheEnding"],"potions_floor_usage":[11,18,21,23,25,33,39,39,45,45,45,45,45,45,46,48,55,55,55],"damage_taken":[{"damage":0,"enemies":"Jaw Worm","floor":1,"turns":1},{"damage":0,"enemies":"Small Slimes","floor":4,"turns":1},{"damage":0,"enemies":"Cultist","floor":5,"turns":1},{"damage":52,"enemies":"Lagavulin","floor":6,"turns":9},{"damage":7,"enemies":"Gremlin Nob","floor":11,"turns":4},{"damage":6,"enemies":"3 Sentries","floor":13,"turns":5},{"damage":8,"enemies":"2 Fungi Beasts","floor":14,"turns":3},{"damage":9,"enemies":"The Guardian","floor":16,"turns":9},{"damage":12,"enemies":"Shell Parasite","floor":18,"turns":5},{"damage":0,"enemies":"Masked Bandits","floor":21,"turns":4},{"damage":0,"enemies":"Chosen","floor":22,"turns":3},{"damage":14,"enemies":"Replay:Snechameleon","floor":23,"turns":5},{"damage":12,"enemies":"Snake Plant","floor":25,"turns":1},{"damage":11,"enemies":"Book of Stabbing","floor":28,"turns":6},{"damage":6,"enemies":"Champ","floor":33,"turns":12},{"damage":2,"enemies":"3 Shapes","floor":35,"turns":4},{"damage":0,"enemies":"3 Darklings","floor":38,"turns":4},{"damage":18,"enemies":"Transient","floor":39,"turns":5},{"damage":14,"enemies":"4 Shapes","floor":41,"turns":6},{"damage":15,"enemies":"Spire Growth","floor":42,"turns":4},{"damage":0,"enemies":"3 Darklings","floor":45,"turns":4},{"damage":0,"enemies":"Writhing Mass","floor":46,"turns":4},{"damage":0,"enemies":"R_Hoarder","floor":48,"turns":8},{"damage":23,"enemies":"Donu and Deca","floor":50,"turns":8},{"damage":0,"enemies":"Shield and Spear","floor":54,"turns":5},{"damage":86,"enemies":"The Heart","floor":55,"turns":8}],"seed_played":"4678006967139934494","potions_obtained":[{"floor":6,"key":"EssenceOfSteel"},{"floor":13,"key":"Death Potion"},{"floor":16,"key":"Adrenaline Potion"},{"floor":18,"key":"Block Potion"},{"floor":22,"key":"Weak Potion"},{"floor":28,"key":"Toxic Potion"},{"floor":29,"key":"Cursed Concoction"},{"floor":29,"key":"EssenceOfSteel"},{"floor":39,"key":"FearPotion"},{"floor":42,"key":"EntropicBrew"},{"floor":45,"key":"EntropicBrew"},{"floor":46,"key":"ColorlessPotion"},{"floor":54,"key":"Adrenaline Potion"}],"is_trial":false,"path_per_floor":["M","?","?","M","M","E","$","R","T","R","E","R","E","M","R","B",null,"M","?","?","?","M","E","R","M","T","$","E","?","R","$","R","B",null,"M","?","?","M","M","R","M","M","T","$","M","M","R","E","R","B",null,"R","$","E","B",null],"character_chosen":"KOISHI","items_purchased":["Koishi:SprinkleStarAndHeart","Koishi:BramblyRoseGarden","Guide Book","Whetstone","Koishi:MassHysteria","Koishi:SubterraneanRose","Koishi:HeartAttack","Gremlin Food","Koishi:TremblingHands","Koishi:TeethAndClaws"],"campfire_rested":1,"item_purchase_floors":[7,7,27,27,27,31,31,44,44,53],"current_hp_per_floor":[60,60,60,60,60,60,60,60,60,60,56,56,52,46,46,43,79,74,74,74,80,84,77,89,81,81,81,78,34,82,82,97,92,118,120,120,120,125,114,130,123,115,115,115,122,129,150,159,159,144,173,173,173,180,104],"gold":37,"neow_bonus":"THREE_ENEMY_KILL","is_daily":false,"chose_seed":false,"campfire_upgraded":9,"win_rate":0.0,"timestamp":1609622477,"path_taken":["M","?","?","M","?","E","$","R","T","R","E","R","E","M","R","BOSS","M","?","?","?","M","E","R","?","T","$","E","?","R","$","R","BOSS","M","?","?","M","M","R","M","M","T","$","?","M","R","E","R","BOSS","R","$","E","BOSS"],"items_purchased_type":["Card","Card","Relic","Relic","Card","Card","Card","Relic","Card","Relic"],"build_version":"2020-12-22","purchased_purges":1,"victory":true,"max_hp_per_floor":[60,60,60,60,60,60,60,60,60,60,62,62,65,67,67,79,79,85,85,85,87,89,101,101,101,101,101,112,112,112,112,112,118,118,122,122,122,125,130,130,142,146,146,146,150,154,154,159,159,173,173,173,173,180,257],"card_choices":[{"not_picked":["Koishi:StingingMind","Koishi:ParalyzingFear"],"picked":"Koishi:Prune","floor":1},{"not_picked":["Koishi:StingingMind","Koishi:CatchAndRose"],"picked":"Koishi:JumpScare","floor":4},{"not_picked":["Koishi:MindNumbingTerror","Koishi:UnseenTerror"],"picked":"Koishi:Whimsy","floor":5},{"not_picked":["Koishi:RacingHeart","Koishi:Prune"],"picked":"Koishi:PhantomStrike","floor":6},{"not_picked":["Koishi:Vanish","Koishi:Possession"],"picked":"Koishi:MindStellarRelief","floor":11},{"not_picked":["Koishi:ApparitionsStalkTheNight","Koishi:Vanish","Koishi:Prune"],"picked":"SKIP","floor":13},{"not_picked":["Koishi:LastRemote","Koishi:SpiritedAway"],"picked":"Koishi:DreadfulBlow","floor":14},{"not_picked":["Koishi:Heartbroken","Koishi:PerfectMindControl"],"picked":"Koishi:HeartStoppingHorror","floor":16},{"not_picked":["Koishi:BloodcurdlingScream","Koishi:FleetingPhantom"],"picked":"Koishi:UnconsciousUprising","floor":18},{"not_picked":["Koishi:RorschachInDanmaku","Koishi:UnconsciousUprising"],"picked":"Koishi:SubconsciousSweep","floor":21},{"not_picked":["Koishi:EmbersOfLove","Koishi:YoukaiPolygraph"],"picked":"Koishi:FreudianInstinct+1","floor":22},{"not_picked":["Koishi:Prune","Koishi:ApparitionsStalkTheNight"],"picked":"Koishi:EmbersOfLove","floor":23},{"not_picked":["Koishi:MindNumbingTerror","Koishi:BloodcurdlingScream"],"picked":"Koishi:JumpScare","floor":25},{"not_picked":["Koishi:Whimsy","Koishi:TremblingHands+1"],"picked":"Koishi:DNAsFlaw","floor":28},{"not_picked":["Koishi:EmbryosDream","Koishi:VengefulSpirit"],"picked":"Koishi:FidgetySnatcher+1","floor":29},{"not_picked":["Koishi:GrowingPain","Koishi:RuptureMind"],"picked":"Koishi:TerrifyingSpectre","floor":33},{"not_picked":["Koishi:GeneticsOfTheUnconscious+1","Koishi:HeartfeltFancy"],"picked":"Koishi:UnconsciousUprising","floor":35},{"not_picked":["Koishi:StrangeCloudFist","Koishi:PhantomBarrier"],"picked":"Koishi:ReflexRadar+1","floor":38},{"not_picked":["Koishi:DanmakuParanoia+1","Koishi:EmbryosDream","Koishi:SpiritedAway+1"],"picked":"SKIP","floor":39},{"not_picked":["Koishi:BloodcurdlingScream","Koishi:PhantomBarrier+1"],"picked":"Koishi:SprinkleStarAndHeart+1","floor":41},{"not_picked":["Koishi:SubconsciousSweep","Koishi:Jaunt+1"],"picked":"Koishi:SubterraneanRose+1","floor":42},{"not_picked":["Koishi:ParalyzingFear","Koishi:Catatonia"],"picked":"Koishi:BramblyRoseGarden+1","floor":45},{"not_picked":["Koishi:FreudianInstinct","Koishi:Prune"],"picked":"Koishi:IdleWhim+1","floor":46},{"not_picked":["Koishi:DreadfulBlow+1","Koishi:SilentAndRestless"],"picked":"Koishi:LastRemote+1","floor":48},{"not_picked":["Koishi:PhantomBarrier","Koishi:StrangeCloudFist+1"],"picked":"Koishi:HeartStoppingHorror","floor":54}],"player_experience":358965,"relics_obtained":[{"floor":6,"key":"Replay:Wax Seal"},{"floor":9,"key":"Pet Ghost"},{"floor":11,"key":"ReplayFunnel"},{"floor":13,"key":"Old Coin"},{"floor":21,"key":"Red Mask"},{"floor":23,"key":"Eternal Feather"},{"floor":28,"key":"Oddly Smooth Stone"},{"floor":29,"key":"Ancient Tea Set"},{"floor":36,"key":"Ring of Misfortune"},{"floor":36,"key":"Ring of Hypnosis"},{"floor":43,"key":"Omamori"},{"floor":48,"key":"Boot"},{"floor":54,"key":"Bronze Scales"}],"event_choices":[{"damage_healed":0,"gold_gain":0,"player_choice":"Ignored","damage_taken":0,"max_hp_gain":0,"max_hp_loss":0,"event_name":"Purifier","floor":3,"gold_loss":0},{"damage_healed":0,"gold_gain":0,"player_choice":"Simplicity","damage_taken":0,"max_hp_gain":0,"max_hp_loss":0,"event_name":"Back to Basics","floor":19,"gold_loss":0,"cards_upgraded":["Koishi:BasicStrike","Koishi:BasicStrike","Koishi:BasicStrike","Koishi:BasicStrike","Koishi:BasicDefend","Koishi:BasicDefend","Koishi:BasicDefend"]},{"damage_healed":0,"gold_gain":0,"player_choice":"Opened","damage_taken":0,"relics_obtained":["Kunai"],"max_hp_gain":0,"max_hp_loss":0,"event_name":"The Mausoleum","floor":20,"gold_loss":0},{"damage_healed":0,"gold_gain":0,"player_choice":"Fought Bandits","damage_taken":0,"max_hp_gain":0,"max_hp_loss":0,"event_name":"Masked Bandits","floor":21,"gold_loss":0},{"damage_healed":0,"gold_gain":0,"player_choice":"Upgraded","damage_taken":0,"max_hp_gain":0,"max_hp_loss":0,"event_name":"Upgrade Shrine","floor":37,"gold_loss":0,"cards_upgraded":["Koishi:TerrifyingSpectre"]}],"is_beta":false,"boss_relics":[{"not_picked":["Snecko Eye","Ring of Chaos"],"picked":"Runic Pyramid"},{"not_picked":["Fusion Hammer","Kintsugi"],"picked":"Philosopher\u0027s Stone"}],"items_purged_floors":[44],"is_endless":false,"potions_floor_spawned":[6,13,16,18,22,28,39,42,45,46,54],"ascension_level":2}}