{"host":"a5lz0e76zb3fcwkm","time":1609610208,"event":{"mods":["AchievementEnabler","BaseMod","Colored Map","Colored Powertips","Minty Spire (QoL Compilation)","StSLib","SuperFastMode"],"gold_per_floor":[112,112,187,187,203,237,237,267,291,291,291,320,378,391,391,470,470,488,413,433,433,358,358,385,385,410,439,439,31,47,74,74,148,148,168,180,195,210,210,244,254,282,282,582,582,610,660,671,671,671,671,671,671,12,38,38],"floor_reached":57,"playtime":1900,"items_purged":["Bash"],"score":3853,"play_id":"170169ba-1a7e-45ca-8902-15f0a7bef3c3","local_time":"20210103025648","is_ascension_mode":true,"campfire_choices":[{"data":"Impervious","floor":7,"key":"SMITH"},{"floor":10,"key":"RECALL"},{"data":"Sentinel","floor":15,"key":"SMITH"},{"data":"Shockwave","floor":23,"key":"SMITH"},{"data":"Fiend Fire","floor":32,"key":"SMITH"},{"data":"Feel No Pain","floor":45,"key":"SMITH"},{"data":"Second Wind","floor":49,"key":"SMITH"},{"data":"Flame Barrier","floor":53,"key":"SMITH"}],"circlet_count":0,"master_deck":["AscendersBane","Defend_R","Defend_R","Defend_R+1","Corruption+1","Limit Break+1","Impervious+1","Sentinel+1","Second Wind+1","Fiend Fire+1","Shockwave+1","Flame Barrier+1","Feel No Pain+1","Limit Break","Disarm+1","Flex","Intimidate","Bandage Up"],"relics":["Burning Blood","Dead Branch","Dead Branch","Bottled Tornado","Pen Nib","Toy Ornithopter","Blue Candle","War Paint","Thread and Needle","Busted Crown","Anchor","Dream Catcher","Juzu Bracelet","Potion Belt","Medical Kit","Self Forming Clay","SacredBark","Unceasing Top","Red Skull","MealTicket","Centennial Puzzle","Incense Burner","Pantograph","Lee\u0027s Waffle","Art of War"],"acts_visited":["Exordium","TheCity","TheBeyond","TheEnding"],"potions_floor_usage":[56,56,56],"damage_taken":[{"damage":0,"enemies":"2 Louse","floor":1,"turns":1},{"damage":2,"enemies":"Jaw Worm","floor":5,"turns":2},{"damage":0,"enemies":"3 Sentries","floor":6,"turns":3},{"damage":6,"enemies":"Gremlin Nob","floor":8,"turns":3},{"damage":3,"enemies":"Lagavulin","floor":12,"turns":5},{"damage":6,"enemies":"Gremlin Nob","floor":13,"turns":2},{"damage":0,"enemies":"Cultist","floor":14,"turns":2},{"damage":2,"enemies":"Slime Boss","floor":16,"turns":4},{"damage":0,"enemies":"Chosen","floor":18,"turns":3},{"damage":2,"enemies":"3 Byrds","floor":20,"turns":2},{"damage":0,"enemies":"Book of Stabbing","floor":24,"turns":2},{"damage":0,"enemies":"Slavers","floor":27,"turns":1},{"damage":0,"enemies":"Shelled Parasite and Fungi","floor":30,"turns":1},{"damage":0,"enemies":"Gremlin Leader","floor":31,"turns":3},{"damage":0,"enemies":"Champ","floor":33,"turns":2},{"damage":0,"enemies":"Orb Walker","floor":35,"turns":2},{"damage":0,"enemies":"3 Darklings","floor":36,"turns":2},{"damage":0,"enemies":"Transient","floor":37,"turns":3},{"damage":1,"enemies":"4 Shapes","floor":38,"turns":1},{"damage":0,"enemies":"Reptomancer","floor":40,"turns":2},{"damage":0,"enemies":"Spire Growth","floor":41,"turns":2},{"damage":0,"enemies":"Giant Head","floor":42,"turns":5},{"damage":0,"enemies":"Reptomancer","floor":46,"turns":2},{"damage":1,"enemies":"2 Orb Walkers","floor":47,"turns":2},{"damage":0,"enemies":"Transient","floor":48,"turns":4},{"damage":0,"enemies":"Donu and Deca","floor":50,"turns":6},{"damage":27,"enemies":"Awakened One","floor":51,"turns":5},{"damage":0,"enemies":"Shield and Spear","floor":55,"turns":3},{"damage":0,"enemies":"The Heart","floor":56,"turns":7}],"seed_played":"-1388933670220642177","potions_obtained":[{"floor":5,"key":"Ancient Potion"},{"floor":6,"key":"Dexterity Potion"},{"floor":30,"key":"Regen Potion"},{"floor":33,"key":"SpeedPotion"},{"floor":38,"key":"LiquidMemories"},{"floor":42,"key":"HeartOfIron"}],"is_trial":false,"path_per_floor":["M","?","?","?","M","E","R","E","T","R","T","E","?","M","R","B",null,"M","?","M","?","$","R","E","?","T","E","?","$","M","E","R","B",null,"M","M","M","M","?","E","M","E","T","?","R","E","?","M","R","B","B",null,"R","$","E","B",null],"character_chosen":"IRONCLAD","items_purchased":["Potion Belt","Medical Kit","Flame Barrier","Flex","Pantograph","Lee\u0027s Waffle","Intimidate","Bandage Up"],"campfire_rested":0,"item_purchase_floors":[29,29,29,54,54,54,54,54],"current_hp_per_floor":[56,56,45,45,49,55,55,55,55,55,55,58,58,64,64,68,73,75,75,75,54,54,54,60,60,60,66,66,66,72,78,78,80,80,80,80,80,80,76,76,76,76,76,76,76,76,76,76,76,76,55,71,71,83,83,83],"gold":38,"neow_bonus":"REMOVE_TWO","is_daily":false,"chose_seed":false,"campfire_upgraded":7,"win_rate":0.0,"timestamp":1609610208,"path_taken":["M","?","?","?","?","E","R","E","T","R","?","E","?","M","R","BOSS","M","?","M","?","$","R","E","?","T","E","?","$","M","E","R","BOSS","M","M","M","M","?","E","M","E","T","?","R","E","?","M","R","BOSS","BOSS","R","$","E","BOSS"],"items_purchased_type":["Relic","Relic","Card","Card","Relic","Relic","Card","Card"],"build_version":"2020-12-22","purchased_purges":1,"victory":true,"max_hp_per_floor":[75,75,75,75,75,75,75,75,75,75,75,75,75,75,75,75,75,75,75,75,80,80,80,80,80,80,80,80,80,80,80,80,80,80,80,80,80,80,76,76,76,76,76,76,76,76,76,76,76,76,76,76,76,83,83,83],"card_choices":[{"not_picked":["Clash","Iron Wave","Combust"],"picked":"SKIP","floor":1},{"not_picked":["Whirlwind","Twin Strike","Rage"],"picked":"SKIP","floor":5},{"not_picked":["Clash","Heavy Blade","Wild Strike"],"picked":"SKIP","floor":6},{"not_picked":["Fire Breathing","Heavy Blade","Limit Break"],"picked":"SKIP","floor":8},{"not_picked":["Clothesline","Carnage"],"picked":"Sentinel","floor":12},{"not_picked":["Thunderclap","Heavy Blade"],"picked":"Second Wind","floor":14},{"not_picked":["Double Tap","Berserk"],"picked":"Fiend Fire","floor":16},{"not_picked":[],"picked":"Shockwave","floor":18},{"not_picked":["Thunderclap"],"picked":"SKIP","floor":20},{"not_picked":["Clash"],"picked":"SKIP","floor":24},{"not_picked":["Dropkick"],"picked":"SKIP","floor":27},{"not_picked":[],"picked":"Feel No Pain","floor":30},{"not_picked":["Twin Strike"],"picked":"SKIP","floor":31},{"not_picked":[],"picked":"Limit Break","floor":33},{"not_picked":[],"picked":"Disarm+1","floor":35},{"not_picked":["Heavy Blade"],"picked":"SKIP","floor":36},{"not_picked":["Thunderclap"],"picked":"SKIP","floor":37},{"not_picked":["Wild Strike+1"],"picked":"SKIP","floor":38},{"not_picked":["Anger"],"picked":"SKIP","floor":40},{"not_picked":["Warcry"],"picked":"SKIP","floor":41},{"not_picked":["Iron Wave"],"picked":"SKIP","floor":42},{"not_picked":["Juggernaut"],"picked":"SKIP","floor":46},{"not_picked":["Rupture+1"],"picked":"SKIP","floor":48},{"not_picked":["Twin Strike+1"],"picked":"SKIP","floor":55}],"player_experience":1662042,"relics_obtained":[{"floor":6,"key":"Pen Nib"},{"floor":8,"key":"Toy Ornithopter"},{"floor":11,"key":"Blue Candle"},{"floor":12,"key":"War Paint"},{"floor":13,"key":"Thread and Needle"},{"floor":24,"key":"Anchor"},{"floor":26,"key":"Dream Catcher"},{"floor":27,"key":"Juzu Bracelet"},{"floor":31,"key":"Self Forming Clay"},{"floor":40,"key":"Unceasing Top"},{"floor":42,"key":"Red Skull"},{"floor":43,"key":"MealTicket"},{"floor":46,"key":"Centennial Puzzle"},{"floor":47,"key":"Incense Burner"},{"floor":55,"key":"Art of War"}],"event_choices":[{"damage_healed":0,"gold_gain":0,"cards_transformed":["Strike_R"],"player_choice":"Change","damage_taken":0,"max_hp_gain":0,"max_hp_loss":0,"event_name":"Living Wall","floor":2,"gold_loss":0,"cards_obtained":["Limit Break"]},{"damage_healed":0,"gold_gain":75,"player_choice":"Gather Gold","damage_taken":11,"max_hp_gain":0,"max_hp_loss":0,"event_name":"World of Goop","floor":3,"gold_loss":0},{"damage_healed":0,"gold_gain":0,"cards_transformed":["Strike_R"],"player_choice":"Transformed","damage_taken":0,"max_hp_gain":0,"max_hp_loss":0,"event_name":"Transmorgrifier","floor":4,"gold_loss":0,"cards_obtained":["Impervious"]},{"damage_healed":0,"gold_gain":30,"player_choice":"Searched \u00272\u0027 times","damage_taken":0,"max_hp_gain":0,"max_hp_loss":0,"event_name":"Dead Adventurer","floor":13,"gold_loss":0},{"cards_removed":["Strike_R"],"damage_healed":0,"gold_gain":0,"player_choice":"Gave Gold","damage_taken":0,"max_hp_gain":0,"max_hp_loss":0,"event_name":"Beggar","floor":19,"gold_loss":75},{"damage_healed":0,"gold_gain":0,"player_choice":"Shed Blood","damage_taken":26,"max_hp_gain":5,"max_hp_loss":0,"event_name":"Forgotten Altar","floor":21,"gold_loss":0},{"damage_healed":0,"gold_gain":0,"player_choice":"Ignored","damage_taken":0,"max_hp_gain":0,"max_hp_loss":0,"event_name":"Ghosts","floor":25,"gold_loss":0},{"cards_removed":["Defend_R"],"damage_healed":0,"gold_gain":0,"player_choice":"Elegance","damage_taken":0,"max_hp_gain":0,"max_hp_loss":0,"event_name":"Back to Basics","floor":28,"gold_loss":0},{"damage_healed":0,"gold_gain":0,"player_choice":"Max HP","damage_taken":0,"max_hp_gain":0,"max_hp_loss":4,"event_name":"Winding Halls","floor":39,"gold_loss":0},{"damage_healed":0,"gold_gain":300,"player_choice":"Gold","damage_taken":0,"max_hp_gain":0,"max_hp_loss":0,"event_name":"Wheel of Change","floor":44,"gold_loss":0},{"damage_healed":0,"gold_gain":0,"player_choice":"Fight","damage_taken":0,"max_hp_gain":0,"max_hp_loss":0,"event_name":"Mysterious Sphere","floor":47,"gold_loss":0}],"is_beta":false,"boss_relics":[{"not_picked":["Sozu","Velvet Choker"],"picked":"Busted Crown"},{"not_picked":["Pandora\u0027s Box","SlaversCollar"],"picked":"SacredBark"}],"items_purged_floors":[22],"is_endless":false,"potions_floor_spawned":[5,6,8,13,16,18,24,30,33,36,37,38,42],"ascension_level":20}}