{"host":"vsdszi3rnxsdp24p","time":1609612340,"event":{"mods":["AchievementEnabler","BaseMod","Colored Map","Colored Powertips","Hermit","Highlight Path","Minty Spire (QoL Compilation)","Quick Restart","Relic Sorter","Relic Stats","StSLib","SuperFastMode","Synergy Search","The Cursed","The Mystic"],"gold_per_floor":[116,116,116,131,148,148,182,182,182,195,195,213,228,244,244,343,343,355,280,280,261,272,272,286,286,286,301,312,312,2,2,2],"floor_reached":31,"playtime":1316,"items_purged":[],"score":265,"play_id":"833b8c3b-163b-47f5-b0e5-b018fd09dd56","local_time":"20210102193220","is_ascension_mode":false,"campfire_choices":[{"floor":6,"key":"REST"},{"data":"Apotheosis","floor":8,"key":"SMITH"},{"data":"Static Discharge","floor":11,"key":"SMITH"},{"floor":15,"key":"REST"},{"floor":23,"key":"REST"},{"floor":25,"key":"REST"}],"circlet_count":0,"master_deck":["Defend_B","Defend_B","Defend_B","Defend_B","Zap","Dualcast","Apotheosis+1","Turbo","Static Discharge+1","Chill","Heatsinks","Cold Snap","Cold Snap","White Noise","Capacitor","Creative AI","Tempest","Pain","Chaos","Darkness","Fission","Turbo","Bite","Bite","Bite","Bite","Bite","Turbo","Melter","Static Discharge","Tempest"],"relics":["FrozenCore","Nunchaku","Spirit Poop","Boot","The Courier","WarpedTongs","Juzu Bracelet"],"acts_visited":["Exordium","TheCity"],"potions_floor_usage":[12,21,24,27],"damage_taken":[{"damage":11,"enemies":"Jaw Worm","floor":1,"turns":2},{"damage":0,"enemies":"Cultist","floor":4,"turns":2},{"damage":5,"enemies":"Small Slimes","floor":5,"turns":4},{"damage":16,"enemies":"3 Sentries","floor":7,"turns":8},{"damage":12,"enemies":"Blue Slaver","floor":10,"turns":3},{"damage":5,"enemies":"Gremlin Gang","floor":12,"turns":4},{"damage":3,"enemies":"Lots of Slimes","floor":13,"turns":4},{"damage":2,"enemies":"2 Fungi Beasts","floor":14,"turns":3},{"damage":32,"enemies":"Slime Boss","floor":16,"turns":10},{"damage":10,"enemies":"Spheric Guardian","floor":18,"turns":7},{"damage":14,"enemies":"2 Thieves","floor":21,"turns":4},{"damage":16,"enemies":"Snake Plant","floor":22,"turns":5},{"damage":29,"enemies":"3 Cultists","floor":24,"turns":5},{"damage":19,"enemies":"Cultist and Chosen","floor":27,"turns":8},{"damage":15,"enemies":"Centurion and Healer","floor":28,"turns":8},{"damage":18,"enemies":"Shelled Parasite and Fungi","floor":31,"turns":1}],"seed_played":"-4415677222961743287","potions_obtained":[{"floor":1,"key":"BlessingOfTheForge"},{"floor":7,"key":"SteroidPotion"},{"floor":16,"key":"FocusPotion"},{"floor":18,"key":"Swift Potion"},{"floor":21,"key":"Fire Potion"}],"is_trial":false,"path_per_floor":["M","?","?","M","M","R","E","R","T","M","R","M","M","M","R","B",null,"M","?","?","M","M","R","M","R","T","M","M","?","$","M"],"character_chosen":"DEFECT","items_purchased":["Turbo","Melter","Static Discharge","Tempest","Juzu Bracelet"],"campfire_rested":4,"item_purchase_floors":[30,30,30,30,30],"current_hp_per_floor":[43,43,43,43,38,60,44,44,44,32,32,27,24,22,44,12,75,65,65,65,51,35,57,28,50,50,31,16,16,16,0,0],"gold":2,"neow_bonus":"RANDOM_COLORLESS_2","is_daily":false,"chose_seed":false,"campfire_upgraded":2,"win_rate":0.0,"timestamp":1609612340,"path_taken":["M","?","?","M","M","R","E","R","T","M","R","?","M","M","R","BOSS","M","?","?","?","M","R","M","R","T","?","M","?","$","M"],"items_purchased_type":["Card","Card","Card","Card","Relic"],"build_version":"2020-12-22","purchased_purges":0,"victory":false,"max_hp_per_floor":[75,75,75,75,75,75,75,75,75,75,75,75,75,75,75,75,75,75,75,75,75,75,75,75,75,75,75,75,52,52,52,52],"relic_stats":{"Nunchaku":[8],"counters":[16,78],"Juzu Bracelet":0,"Boot":[3],"obtain_stats":[{"Nunchaku":2,"Spirit Poop":3,"The Courier":9,"Juzu Bracelet":30,"Cracked Core":0,"Boot":7,"FrozenCore":17,"WarpedTongs":20},{"Nunchaku":1,"Spirit Poop":1,"The Courier":4,"Juzu Bracelet":15,"Cracked Core":0,"Boot":4,"FrozenCore":9,"WarpedTongs":10},{"Nunchaku":2,"Spirit Poop":2,"The Courier":16,"Juzu Bracelet":77,"Cracked Core":0,"Boot":16,"FrozenCore":40,"WarpedTongs":47}],"FrozenCore":[18],"WarpedTongs":[28]},"card_choices":[{"not_picked":["Transmutation","Violence"],"picked":"Apotheosis","floor":0},{"not_picked":["Beam Cell","Rebound"],"picked":"Turbo","floor":1},{"not_picked":["Coolheaded","Reprogram"],"picked":"Static Discharge","floor":4},{"not_picked":["Steam","Recycle"],"picked":"Chill","floor":5},{"not_picked":["BootSequence","Turbo"],"picked":"Heatsinks","floor":7},{"not_picked":["BootSequence","Scrape"],"picked":"Cold Snap","floor":10},{"not_picked":["Streamline","Compile Driver"],"picked":"Cold Snap","floor":12},{"not_picked":["Force Field","Gash"],"picked":"White Noise","floor":13},{"not_picked":["Reboot","Ball Lightning"],"picked":"Capacitor","floor":14},{"not_picked":["Buffer","Biased Cognition"],"picked":"Creative AI","floor":16},{"not_picked":["Blizzard","Recycle"],"picked":"Tempest","floor":18},{"not_picked":["Cold Snap+1","Beam Cell"],"picked":"Chaos","floor":21},{"not_picked":["Steam","Hologram"],"picked":"Darkness","floor":22},{"not_picked":["Doom and Gloom","Barrage"],"picked":"Fission","floor":24},{"not_picked":["Gash","Streamline","Steam"],"picked":"SKIP","floor":27},{"not_picked":["Rebound+1","Barrage"],"picked":"Turbo","floor":28}],"player_experience":117490,"relics_obtained":[{"floor":7,"key":"Boot"},{"floor":9,"key":"The Courier"}],"event_choices":[{"damage_healed":0,"gold_gain":0,"player_choice":"Box","damage_taken":0,"relics_obtained":["Nunchaku"],"max_hp_gain":0,"max_hp_loss":0,"event_name":"Big Fish","floor":2,"gold_loss":0,"cards_obtained":["Regret"]},{"cards_removed":["Regret"],"damage_healed":0,"gold_gain":0,"player_choice":"Offered Curse","damage_taken":0,"relics_obtained":["Spirit Poop"],"max_hp_gain":0,"max_hp_loss":0,"event_name":"Bonfire Elementals","floor":3,"gold_loss":0},{"cards_removed":["Strike_B"],"damage_healed":0,"gold_gain":0,"player_choice":"Gave Gold","damage_taken":0,"max_hp_gain":0,"max_hp_loss":0,"event_name":"Beggar","floor":19,"gold_loss":75},{"damage_healed":0,"gold_gain":0,"player_choice":"Rummage","damage_taken":0,"relics_obtained":["WarpedTongs"],"max_hp_gain":0,"max_hp_loss":0,"event_name":"Accursed Blacksmith","floor":20,"gold_loss":0,"cards_obtained":["Pain"]},{"damage_healed":0,"gold_gain":0,"player_choice":"Became a vampire","damage_taken":0,"max_hp_gain":0,"max_hp_loss":23,"event_name":"Vampires","floor":29,"gold_loss":0,"cards_obtained":["Bite","Bite","Bite","Bite","Bite"]}],"is_beta":false,"boss_relics":[{"not_picked":["Sozu","Runic Dome"],"picked":"FrozenCore"}],"items_purged_floors":[],"is_endless":false,"potions_floor_spawned":[1,7,12,16,18,21],"killed_by":"Shelled Parasite and Fungi","ascension_level":0}}