{"host":"gbop6m4qugddaz18","time":1609608627,"event":{"mods":["2.2 Compatiblity","BaseMod","Better Third Choice","Block Reminder","Downfall","GifTheSpireLib","Highlight Path","Minty Spire (QoL Compilation)","Replay The Spire","StSLib"],"gold_per_floor":[116,135,135,135,154,183,203,235,235,248,248,266,49,74,74,174,174,144,144],"floor_reached":18,"playtime":1320,"items_purged":["Regret"],"score":278,"play_id":"d0c7e5c8-d9df-417b-b772-24ed1bd87a8f","local_time":"20210102123027","is_ascension_mode":true,"campfire_choices":[{"data":"Infinite Blades","floor":11.0,"key":"SMITH"},{"floor":15.0,"key":"REST"}],"circlet_count":0,"master_deck":["Strike_G","Strike_G","Strike_G","Strike_G","Strike_G","Defend_G","Defend_G","Defend_G","Defend_G","Defend_G","Survivor","Neutralize","Dodge and Roll","Cloak And Dagger+1","Apotheosis+1","Poisoned Stab","Accuracy","Cloak And Dagger+1","Blade Dance","Infinite Blades+1","Underhanded Strike","A Thousand Cuts","Flying Knee","Adrenaline"],"relics":["Ring of the Serpent","NeowsBlessing","Counterbalance","TungstenRod","Replay:Bottled Eggs","InkBottle","Divine Protection","Replay:Grab Bag","Sozu","Replay:Bronze Core","Black Star"],"acts_visited":["Exordium","TheCity"],"potions_floor_usage":[],"damage_taken":[{"damage":0.0,"enemies":"Cultist","floor":1.0,"turns":1.0},{"damage":0.0,"enemies":"Jaw Worm","floor":2.0,"turns":1.0},{"damage":0.0,"enemies":"2 Louse","floor":5.0,"turns":1.0},{"damage":6.0,"enemies":"Gremlin Nob","floor":6.0,"turns":4.0},{"damage":2.0,"enemies":"Blue Slaver","floor":7.0,"turns":5.0},{"damage":22.0,"enemies":"Lagavulin","floor":8.0,"turns":10.0},{"damage":5.0,"enemies":"Exordium Thugs","floor":10.0,"turns":4.0},{"damage":7.0,"enemies":"Large Slime","floor":12.0,"turns":4.0},{"damage":13.0,"enemies":"3 Sentries","floor":14.0,"turns":4.0},{"damage":0.0,"enemies":"Fading Forest","floor":16.0,"turns":11.0},{"damage":0,"enemies":"2 Thieves","floor":18,"turns":2}],"seed_played":"-7982844807584351527","potions_obtained":[{"floor":5.0,"key":"hexamod:EctoCoolerPotion"},{"floor":8.0,"key":"CunningPotion"},{"floor":12.0,"key":"Slimebound:ThreeZeroPotion"}],"is_trial":false,"path_per_floor":["M","M","?","?","M","E","M","E","T","M","R","M","$","E","R","B",null,"M"],"character_chosen":"THE_SILENT","items_purchased":["A Thousand Cuts"],"campfire_rested":1,"item_purchase_floors":[13],"current_hp_per_floor":[70,70,70,70,70,64,62,40,40,35,35,28,28,15,36,44,70,70,70],"gold":144,"neow_bonus":"THREE_ENEMY_KILL","is_daily":false,"chose_seed":false,"campfire_upgraded":1,"win_rate":0.0,"timestamp":1609608627,"path_taken":["M","?","?","?","M","E","M","E","T","M","R","M","$","E","R","BOSS","M"],"items_purchased_type":["Card"],"build_version":"2020-12-22","purchased_purges":1,"victory":false,"max_hp_per_floor":[70,70,70,70,70,70,70,70,70,70,70,70,70,70,70,70,70,70,70],"card_choices":[{"not_picked":["Deflect","Dagger Throw"],"picked":"Dodge and Roll","floor":1.0},{"not_picked":["Slice","Hidden Blade"],"picked":"Cloak And Dagger","floor":2.0},{"not_picked":["Backflip","All Out Attack"],"picked":"Poisoned Stab","floor":5.0},{"not_picked":["Setup","Quick Slash"],"picked":"Accuracy","floor":6.0},{"not_picked":["Dodge and Roll","Setup"],"picked":"Cloak And Dagger","floor":7.0},{"not_picked":["Catalyst","Bane","Blade Dance"],"picked":"SKIP","floor":8.0},{"not_picked":["Catalyst","Bane"],"picked":"Blade Dance","floor":8.0},{"not_picked":["ReplayTheSpireMod:Scrap Shanks","Predator"],"picked":"Infinite Blades","floor":10.0},{"not_picked":["Setup","Toxin Wave"],"picked":"Underhanded Strike","floor":12.0},{"not_picked":["Dagger Throw","Sucker Punch"],"picked":"Flying Knee","floor":14.0},{"not_picked":["ReplayTheSpireMod:Necrosis","Night Terror"],"picked":"Adrenaline","floor":16.0}],"player_experience":587942,"relics_obtained":[{"floor":6.0,"key":"TungstenRod"},{"floor":8.0,"key":"Replay:Bottled Eggs"},{"floor":9.0,"key":"InkBottle"},{"floor":14.0,"key":"Divine Protection"}],"event_choices":[{"damage_healed":0.0,"max_hp_gain":0.0,"max_hp_loss":0.0,"gold_gain":0.0,"event_name":"Big Fish","player_choice":"Box","floor":3.0,"gold_loss":0.0,"damage_taken":0.0,"relics_obtained":["Counterbalance"],"cards_obtained":["Regret"]},{"damage_healed":70.0,"max_hp_gain":0.0,"max_hp_loss":70.0,"gold_gain":0.0,"event_name":"betterThird:BetterShining","player_choice":"Embrace","floor":4.0,"gold_loss":0.0,"damage_taken":0.0}],"is_beta":false,"boss_relics":[{"not_picked":["Velvet Choker","Snecko Scales"],"picked":"Replay:Grab Bag"},{"not_picked":["Abe\u0027s Treasure","ReplayTheSpireMod:Onyx Gauntlets"],"picked":"Sozu"},{"not_picked":["Replay:Wanted Poster","Coffee Dripper"],"picked":"Replay:Bronze Core"},{"not_picked":["Pandora\u0027s Box","SlaversCollar"],"picked":"Ring of the Serpent"},{"not_picked":["Astrolabe","Kintsugi"],"picked":"Black Star"}],"items_purged_floors":[13],"is_endless":false,"potions_floor_spawned":[5,8,12,14],"killed_by":"2 Thieves","ascension_level":4}}