{"host":"n2cffu8lp3cvc20r","time":1609630651,"event":{"mods":["Aspiration","BaseMod","Colored Map","Colored Powertips","DeckTracker","Highlight Path","Hubris","Infinite Spire","Minty Spire (QoL Compilation)","Quick Restart","Random Character Button","Relic Sorter","Replay The Spire","StSLib","SuperFastMode","Synergy Search","The Cursed","The Disciple","The Jungle","The Runesmith"],"gold_per_floor":[115,126,146,146,165,165,165,165],"floor_reached":7,"playtime":631,"items_purged":[],"score":43,"play_id":"67c2e62f-2e1a-4083-9d2c-6f41f2754e5d","local_time":"20210102233731","is_ascension_mode":false,"campfire_choices":[{"floor":6,"key":"REST"}],"circlet_count":0,"master_deck":["Runesmith:Strike_RS","Runesmith:Strike_RS","Runesmith:Strike_RS","Runesmith:Strike_RS","Runesmith:Defend_RS","Runesmith:Defend_RS","Runesmith:Defend_RS","Runesmith:Defend_RS","Runesmith:CraftFirestone","Runesmith:Fortify","Runesmith:Grindstone"],"relics":["Runesmith:BrokenRuby","hubris:Icosahedron","aspiration:Nostalgia","Iron Core"],"acts_visited":["Exordium"],"potions_floor_usage":[5],"damage_taken":[{"damage":1,"enemies":"Cultist","floor":1,"turns":3},{"damage":1,"enemies":"2 Louse","floor":2,"turns":3},{"damage":4,"enemies":"Jaw Worm","floor":3,"turns":4},{"damage":44,"enemies":"Exordium Thugs","floor":5,"turns":6},{"damage":46,"enemies":"3 Sentries","floor":7,"turns":8}],"seed_played":"2124749251593983175","potions_obtained":[{"floor":1,"key":"Toxic Potion"}],"is_trial":false,"path_per_floor":["M","M","M","?","M","R","E"],"character_chosen":"RUNESMITH_CLASS","items_purchased":[],"campfire_rested":1,"item_purchase_floors":[],"current_hp_per_floor":[69,68,64,64,20,41,0,0],"gold":165,"neow_bonus":"NOSTALGIA","is_daily":false,"chose_seed":false,"campfire_upgraded":0,"win_rate":0.0,"timestamp":1609630651,"path_taken":["M","M","?","?","M","R","E"],"items_purchased_type":[],"build_version":"2020-12-22","purchased_purges":0,"victory":false,"max_hp_per_floor":[70,70,70,70,70,70,70,70],"card_choices":[{"not_picked":["Anger","Turbo","Runesmith:NegativeSpace"],"picked":"SKIP","floor":1},{"not_picked":["Cold Snap","Hologram"],"picked":"Runesmith:Grindstone","floor":2},{"not_picked":["Runesmith:Augment","Flex","Runesmith:CraftMagma"],"picked":"SKIP","floor":3},{"not_picked":["Runesmith:Repurpose","Clash","Runesmith:LastStand"],"picked":"SKIP","floor":5}],"player_experience":289824,"relics_obtained":[],"event_choices":[],"is_beta":false,"boss_relics":[],"items_purged_floors":[],"is_endless":false,"potions_floor_spawned":[1],"killed_by":"3 Sentries","ascension_level":0}}