{"host":"qhhcmep1unj6mpf7","time":1609596573,"event":{"mods":["2.2 Compatiblity","AchievementEnabler","BaseMod","Colored Map","DeckTracker","Highlight Path","Keyboard Shortcuts","Minty Spire (QoL Compilation)","Permanent Neow","Quick Restart","Random Character Button","StSLib","SuperFastMode","everything is the same but u backflip on backflip"],"gold_per_floor":[116,116,62,74,90,90,165,165,191,191,191,191,205,221,221,221,221],"floor_reached":16,"playtime":488,"items_purged":[],"score":108,"play_id":"e493b97e-3e8e-47d9-9db0-d5494b739ee3","local_time":"20210102230933","is_ascension_mode":true,"campfire_choices":[{"data":"Prepared","floor":6.0,"key":"SMITH"},{"data":"Deadly Poison","floor":8.0,"key":"SMITH"},{"data":"Setup","floor":10.0,"key":"SMITH"},{"data":"Neutralize","floor":12,"key":"SMITH"},{"floor":15,"key":"REST"}],"circlet_count":0,"master_deck":["Strike_G","Strike_G","Strike_G","Strike_G","Defend_G","Defend_G","Defend_G","Defend_G","Defend_G","Survivor","Neutralize+1","Corpse Explosion","Setup+1","Prepared+1","Deadly Poison+1","Acrobatics"],"relics":["Ring of the Snake"],"acts_visited":["Exordium"],"potions_floor_usage":[16],"damage_taken":[{"damage":0.0,"enemies":"2 Louse","floor":1.0,"turns":2.0},{"damage":4.0,"enemies":"Small Slimes","floor":4.0,"turns":3.0},{"damage":8.0,"enemies":"Jaw Worm","floor":5.0,"turns":5.0},{"damage":9,"enemies":"Blue Slaver","floor":13,"turns":4},{"damage":17,"enemies":"Large Slime","floor":14,"turns":6},{"damage":46,"enemies":"Hexaghost","floor":16,"turns":9}],"seed_played":"1690966278500968870","potions_obtained":[{"floor":4.0,"key":"Dexterity Potion"},{"floor":14,"key":"LiquidBronze"}],"is_trial":false,"path_per_floor":["M","?","$","M","M","R","?","R","T","R","?","R","M","M","R","B"],"character_chosen":"THE_SILENT","items_purchased":["Prepared"],"campfire_rested":1,"item_purchase_floors":[3],"current_hp_per_floor":[70,70,70,66,58,58,47,47,47,47,47,47,38,21,42,0,0],"gold":221,"neow_bonus":"ONE_RANDOM_RARE_CARD","is_daily":false,"chose_seed":false,"campfire_upgraded":4,"win_rate":0.0,"timestamp":1609596573,"path_taken":["M","?","$","M","M","R","?","R","T","R","?","R","M","M","R","BOSS"],"items_purchased_type":["Card"],"build_version":"2020-12-22","purchased_purges":0,"victory":false,"max_hp_per_floor":[70,70,70,70,70,70,70,70,70,70,70,70,70,70,70,70,70],"card_choices":[{"not_picked":["Blade Dance","Deflect"],"picked":"Setup","floor":1.0},{"not_picked":["Riddle With Holes","Cloak And Dagger","Dagger Throw"],"picked":"SKIP","floor":4.0},{"not_picked":["Quick Slash","PiercingWail"],"picked":"Deadly Poison","floor":5.0},{"not_picked":["Underhanded Strike","Slice","Quick Slash"],"picked":"SKIP","floor":13},{"not_picked":["Dodge and Roll","Deflect"],"picked":"Acrobatics","floor":14}],"player_experience":335804,"relics_obtained":[],"event_choices":[{"damage_healed":0.0,"max_hp_gain":0.0,"max_hp_loss":0.0,"gold_gain":0.0,"event_name":"The Cleric","player_choice":"Leave","floor":2.0,"gold_loss":0.0,"damage_taken":0.0},{"damage_healed":0.0,"max_hp_gain":0.0,"max_hp_loss":0.0,"gold_gain":75.0,"event_name":"World of Goop","player_choice":"Gather Gold","floor":7.0,"gold_loss":0.0,"damage_taken":11.0},{"cards_removed":["Strike_G"],"damage_healed":0,"gold_gain":0,"player_choice":"Forget","damage_taken":0,"max_hp_gain":0,"max_hp_loss":0,"event_name":"Living Wall","floor":11,"gold_loss":0}],"is_beta":false,"boss_relics":[],"items_purged_floors":[],"is_endless":false,"potions_floor_spawned":[4,14],"killed_by":"Hexaghost","ascension_level":4}}