{"host":"ga4s3hj9m6nkn6gp","time":1609608652,"event":{"mods":["BaseMod","Colored Powertips","Minty Spire (QoL Compilation)","Relic Stats"],"gold_per_floor":[111,121,141,159,159,159,159,159],"floor_reached":7,"playtime":384,"items_purged":[],"score":86,"play_id":"b5b21dec-dbaa-48af-beec-2161f620b170","local_time":"20210102183052","is_ascension_mode":true,"campfire_choices":[{"data":"Underhanded Strike","floor":6,"key":"SMITH"}],"circlet_count":0,"master_deck":["AscendersBane","Strike_G","Strike_G","Strike_G","Strike_G","Strike_G","Defend_G","Defend_G","Defend_G","Defend_G","Defend_G","Survivor","Neutralize","Burst","Underhanded Strike+1","Quick Slash","Cloak And Dagger","Dodge and Roll"],"relics":["Ring of the Snake","Golden Idol"],"acts_visited":["Exordium"],"potions_floor_usage":[7,7],"damage_taken":[{"damage":6,"enemies":"Cultist","floor":1,"turns":5},{"damage":2,"enemies":"Jaw Worm","floor":2,"turns":5},{"damage":0,"enemies":"2 Louse","floor":3,"turns":3},{"damage":1,"enemies":"Exordium Wildlife","floor":4,"turns":4},{"damage":50,"enemies":"Lagavulin","floor":7,"turns":6}],"seed_played":"6586208880622153500","potions_obtained":[{"floor":1,"key":"SkillPotion"},{"floor":2,"key":"SneckoOil"}],"is_trial":false,"path_per_floor":["M","M","M","M","?","R","E"],"character_chosen":"THE_SILENT","items_purchased":[],"campfire_rested":0,"item_purchase_floors":[],"current_hp_per_floor":[53,51,51,50,50,50,0,0],"gold":159,"neow_bonus":"THREE_RARE_CARDS","is_daily":false,"chose_seed":false,"campfire_upgraded":1,"win_rate":0.0,"timestamp":1609608652,"path_taken":["M","M","M","M","?","R","E"],"items_purchased_type":[],"build_version":"2020-12-22","purchased_purges":0,"victory":false,"max_hp_per_floor":[60,60,60,60,54,54,54,54],"relic_stats":{"counters":[5,23],"Golden Idol":0,"obtain_stats":[{"Golden Idol":5,"Ring of the Snake":0},{"Golden Idol":4,"Ring of the Snake":0},{"Golden Idol":17,"Ring of the Snake":0}],"Ring of the Snake":[10]},"card_choices":[{"not_picked":["Doppelganger","Phantasmal Killer"],"picked":"Burst","floor":0.0},{"not_picked":["Crippling Poison","Sucker Punch"],"picked":"Underhanded Strike","floor":1},{"not_picked":["Prepared","Footwork"],"picked":"Quick Slash","floor":2},{"not_picked":["Prepared","Sucker Punch"],"picked":"Cloak And Dagger","floor":3},{"not_picked":["Heel Hook","Sucker Punch"],"picked":"Dodge and Roll","floor":4}],"player_experience":548932,"relics_obtained":[],"event_choices":[{"damage_healed":0,"gold_gain":0,"player_choice":"Lose Max HP","damage_taken":0,"relics_obtained":["Golden Idol"],"max_hp_gain":0,"max_hp_loss":6,"event_name":"Golden Idol","floor":5,"gold_loss":0}],"is_beta":false,"boss_relics":[],"items_purged_floors":[],"is_endless":false,"potions_floor_spawned":[1,2],"killed_by":"Lagavulin","ascension_level":20}}