{"host":"56ghxnzsglgdq727","time":1609596205,"event":{"mods":["AchievementEnabler","BaseMod","Downfall","Minty Spire (QoL Compilation)","StSLib"],"gold_per_floor":[99,109,284,284,296,296,348,364,121,150,150,35,35,20,37,37,37],"floor_reached":16,"playtime":705,"items_purged":["Doubt","Regret"],"score":103,"play_id":"c77cf8e8-38ee-4483-8c7f-973892f1c7c7","local_time":"20210102090325","is_ascension_mode":true,"campfire_choices":[{"data":"sneckomod:Unknown","floor":1,"key":"SMITH"},{"data":"sneckomod:Unknown","floor":6,"key":"SMITH"},{"data":"sneckomod:MorePower","floor":13,"key":"SMITH"}],"circlet_count":0,"master_deck":["sneckomod:Strike","sneckomod:Strike","sneckomod:Strike","sneckomod:Defend","sneckomod:Defend","sneckomod:Defend","sneckomod:TailWhip","sneckomod:SnekBite","sneckomod:Unknown+1","sneckomod:Unknown+1","sneckomod:SerpentIdol","sneckomod:UnknownClassRED","sneckomod:UnknownUncommonSkill","sneckomod:MorePower+1","sneckomod:Unknown2Cost+1","sneckomod:UnknownRarePower","sneckomod:UnknownUncommonAttack+1","sneckomod:UnknownDexterity+1","sneckomod:WideSting"],"relics":["SacredBark","Regal Pillow","Juzu Bracelet","Art of War"],"acts_visited":["Exordium"],"potions_floor_usage":[8,10,12,16],"damage_taken":[{"damage":9,"enemies":"Small Slimes","floor":2,"turns":3},{"damage":6,"enemies":"2 Louse","floor":5,"turns":1},{"damage":0,"enemies":"Cultist","floor":8,"turns":1},{"damage":2,"enemies":"downfall:FleeingMerchant","floor":9,"turns":4},{"damage":44,"enemies":"3 Sentries","floor":10,"turns":5},{"damage":7,"enemies":"downfall:FleeingMerchant","floor":12,"turns":4},{"damage":19,"enemies":"downfall:FleeingMerchant","floor":14,"turns":4},{"damage":0,"enemies":"Large Slime","floor":15,"turns":7},{"damage":28,"enemies":"downfall:Defect","floor":16,"turns":4}],"seed_played":"7545869878706182957","potions_obtained":[{"floor":5,"key":"DistilledChaos"},{"floor":8,"key":"Strength Potion"},{"floor":11,"key":"downfall:CursedFountainPotion"},{"floor":15,"key":"champ:CounterPotion"}],"is_trial":false,"path_per_floor":["R","M","?","?","M","R","T","M","$","E","?","$","R","$","M","B"],"character_chosen":"THE_SNECKO","items_purchased":["Juzu Bracelet"],"campfire_rested":0,"item_purchase_floors":[9],"current_hp_per_floor":[90,81,81,81,75,75,75,75,73,41,41,34,34,19,19,0,0],"gold":37,"neow_bonus":"BOSS_RELIC","is_daily":false,"chose_seed":false,"campfire_upgraded":3,"win_rate":0.0,"timestamp":1609596205,"path_taken":["R","M","?","?","M","R","T","M","$","E","?","$","R","$","M","BOSS"],"items_purchased_type":["Relic"],"build_version":"2020-12-22","purchased_purges":2,"victory":false,"max_hp_per_floor":[90,90,90,90,90,90,90,90,90,90,90,90,90,90,90,90,90],"card_choices":[{"not_picked":["sneckomod:SoulRoll","sneckomod:SoulDraw","sneckomod:ImprovisedGuard"],"picked":"SKIP","floor":2},{"not_picked":["sneckomod:QuickMove","sneckomod:UnknownBlock"],"picked":"sneckomod:SerpentIdol","floor":5},{"not_picked":["sneckomod:UnknownBlock","sneckomod:SoulDraw"],"picked":"sneckomod:UnknownClassRED","floor":8},{"not_picked":["sneckomod:SoulRoll","sneckomod:DiceBlock"],"picked":"sneckomod:UnknownUncommonSkill","floor":9},{"not_picked":["sneckomod:PureSnecko","sneckomod:CheapStock"],"picked":"sneckomod:MorePower","floor":10},{"not_picked":["sneckomod:UnknownEthereal+1","sneckomod:UnknownStrike+1"],"picked":"sneckomod:Unknown2Cost+1","floor":12},{"not_picked":["sneckomod:UnknownBlock","sneckomod:Nope"],"picked":"sneckomod:UnknownRarePower","floor":12},{"not_picked":["sneckomod:UnknownEthereal+1","sneckomod:UnknownUncommonSkill+1"],"picked":"sneckomod:UnknownUncommonAttack+1","floor":14},{"not_picked":["sneckomod:UnknownWeak","sneckomod:DiceBlock","sneckomod:ImprovisedAttack"],"picked":"SKIP","floor":14},{"not_picked":["sneckomod:UnknownClassBLUE+1","sneckomod:UnknownEthereal+1"],"picked":"sneckomod:UnknownDexterity+1","floor":15},{"not_picked":["sneckomod:Unknown1Cost","sneckomod:UnknownClassSLIMEBOUND"],"picked":"sneckomod:WideSting","floor":15}],"player_experience":92394,"relics_obtained":[{"floor":10,"key":"Art of War"}],"event_choices":[{"damage_healed":0,"gold_gain":0,"player_choice":"Box","damage_taken":0,"relics_obtained":["Regal Pillow"],"max_hp_gain":0,"max_hp_loss":0,"event_name":"Big Fish","floor":4,"gold_loss":0,"cards_obtained":["Regret"]}],"is_beta":false,"boss_relics":[],"items_purged_floors":[9,12],"is_endless":false,"potions_floor_spawned":[5,8,15],"killed_by":"downfall:Defect","ascension_level":1}}