{"host":"kzgs6j41p44kseun","time":1609555347,"event":{"mods":["AchievementEnabler","Aspiration","BaseMod","Better Third Choice","Colored Powertips","Conspire","Downfall","Hero for Fun","Highlight Path","Hubris","Minty Spire (QoL Compilation)","StSLib","The Saiyan","Yuri Mod"],"gold_per_floor":[117,134,134,134,152,152,172,172,172,199,199,7,24,40,40,135,135,151,137,88,104,104],"floor_reached":21,"playtime":1524,"items_purged":["Night Terror"],"score":183,"play_id":"ec74e8e9-72be-4b57-8f54-c86396291c28","local_time":"20210101204227","is_ascension_mode":false,"campfire_choices":[{"floor":6,"key":"RECALL"},{"data":"yuri:Virus","floor":8,"key":"SMITH"},{"data":"yuri:HoldBack","floor":15,"key":"SMITH"}],"circlet_count":0,"master_deck":["yuri:yuriStrike","yuri:yuriStrike","yuri:yuriStrike","yuri:yuriStrike","yuri:yuriDefend","yuri:yuriDefend","yuri:yuriDefend","yuri:Oolong","yuri:yuriStab","yuri:CalmingAura","Phantasmal Killer+1","yuri:BookRed","yuri:Virus+1","yuri:ChibiInvasion","yuri:GrowingInsanity","yuri:GlitchedStrike","yuri:HoldBack+1","yuri:Torment","yuri:DuplicateCode+1","yuri:Virus+1","yuri:Torment+1","yuri:BrokenCode+1","yuri:SturdyUniform","yuri:RecklessStrike","yuri:Stalk"],"relics":["yuri:yuriKnife","hubris:Reverence","Astrolabe"],"acts_visited":["Exordium","TheCity"],"potions_floor_usage":[16,16,16],"damage_taken":[{"damage":2,"enemies":"Jaw Worm","floor":1,"turns":5},{"damage":1,"enemies":"2 Louse","floor":2,"turns":2},{"damage":1,"enemies":"Cultist","floor":5,"turns":3},{"damage":10,"enemies":"Large Slime","floor":7,"turns":2},{"damage":27,"enemies":"Lagavulin","floor":10,"turns":8},{"damage":14,"enemies":"conspire:2 RoseBushes","floor":13,"turns":4},{"damage":3,"enemies":"3 Louse","floor":14,"turns":2},{"damage":25,"enemies":"Slime Boss","floor":16,"turns":9},{"damage":20,"enemies":"Spheric Guardian","floor":18,"turns":6},{"damage":33,"enemies":"2 Thieves","floor":19,"turns":5},{"damage":42,"enemies":"3 Cultists","floor":21,"turns":5}],"seed_played":"7168896018382362917","potions_obtained":[{"floor":4,"key":"BlessingOfTheForge"},{"floor":4,"key":"PowerPotion"},{"floor":4,"key":"AttackPotion"},{"floor":21,"key":"FearPotion"}],"is_trial":false,"path_per_floor":["M","M","?","?","M","R","M","R","T","E","?","$","M","M","R","B",null,"M","M","$","M"],"character_chosen":"YURI","items_purchased":["yuri:GrowingInsanity","yuri:GlitchedStrike","yuri:RecklessStrike"],"campfire_rested":0,"item_purchase_floors":[12,12,20],"current_hp_per_floor":[87,87,87,87,86,86,76,76,76,56,56,56,49,48,48,30,88,76,50,50,15,15],"gold":104,"neow_bonus":"TEN_PERCENT_HP_BONUS","is_daily":false,"chose_seed":false,"campfire_upgraded":2,"win_rate":0.0,"timestamp":1609555347,"path_taken":["M","M","?","?","M","R","?","R","T","E","?","$","M","M","R","BOSS","M","?","$","M"],"items_purchased_type":["Card","Card","Card"],"build_version":"2020-12-22","purchased_purges":1,"victory":false,"max_hp_per_floor":[88,88,88,88,88,88,88,88,88,88,88,88,88,88,88,88,88,88,88,88,88,88],"card_choices":[{"not_picked":["yuri:DebugCard","yuri:InduceGlitch"],"picked":"yuri:Stare","floor":1},{"not_picked":["yuri:ThrowingKnives","yuri:Stare"],"picked":"yuri:CalmingAura","floor":2},{"not_picked":["yuri:AdaptiveAI","yuri:DebugCard"],"picked":"yuri:BookRed","floor":5},{"not_picked":["yuri:DeepBreathing","yuri:GlitchedStrike"],"picked":"yuri:Virus","floor":7},{"not_picked":["yuri:GlitchedStrike","yuri:WickedSlash"],"picked":"yuri:ChibiInvasion","floor":10},{"not_picked":["yuri:yuriQuickStrike","yuri:CorruptHitbox"],"picked":"yuri:InsanityDefense","floor":13},{"not_picked":["yuri:HeavierStrike","yuri:TPose"],"picked":"yuri:HoldBack","floor":14},{"not_picked":["yuri:JumpScare","yuri:ExploitStrike"],"picked":"yuri:Torment","floor":16},{"not_picked":["yuri:yuriQuickStrike+1","yuri:ThrowingKnives+1"],"picked":"yuri:BrokenCode+1","floor":18},{"not_picked":["yuri:CalmingAura+1","yuri:MPose"],"picked":"yuri:SturdyUniform","floor":19},{"not_picked":["yuri:WickedSlash","yuri:UnstableStrike"],"picked":"yuri:Stalk","floor":21}],"player_experience":101024,"relics_obtained":[{"floor":10,"key":"hubris:Reverence"}],"event_choices":[{"damage_healed":0,"gold_gain":0,"player_choice":"Got Potions","damage_taken":0,"max_hp_gain":0,"max_hp_loss":0,"event_name":"Lab","floor":4,"gold_loss":0},{"damage_healed":0,"gold_gain":0,"player_choice":"Upgraded","damage_taken":0,"max_hp_gain":0,"max_hp_loss":0,"event_name":"Upgrade Shrine","floor":11,"gold_loss":0,"cards_upgraded":["Phantasmal Killer"]}],"is_beta":false,"boss_relics":[{"not_picked":["hubris:HollowSoul","hubris:Backtick"],"picked":"Astrolabe"}],"items_purged_floors":[12],"is_endless":false,"potions_floor_spawned":[10,13,14,21],"killed_by":"3 Cultists","ascension_level":0}}