{"host":"1qe75caem8li7mer","time":1609618492,"event":{"mods":["BaseMod","Colored Map","Minty Spire (QoL Compilation)","Relic Stats","StSLib"],"gold_per_floor":[113,133,408,419,429,429,444,473,473,18,32,32,61,78,78,179,179,197,185,155,155,155],"floor_reached":21,"playtime":1184,"items_purged":["Regret"],"score":290,"play_id":"f40b57e7-c7f3-4de8-8efa-5934d9655ce0","local_time":"20210102211452","is_ascension_mode":true,"campfire_choices":[{"data":"Sweeping Beam","floor":6,"key":"SMITH"},{"floor":12,"key":"REST"},{"floor":15,"key":"REST"}],"circlet_count":0,"master_deck":["AscendersBane","Strike_B","Strike_B","Strike_B","Strike_B","Defend_B","Defend_B","Defend_B","Defend_B","Zap","Dualcast","Buffer","Beam Cell","Sweeping Beam+1","Conserve Battery","Double Energy","Coolheaded","Defragment","Cold Snap","FTL","Go for the Eyes","Capacitor","Echo Form","Rebound+1"],"relics":["Cracked Core","Orichalcum","Bottled Tornado","Bag of Marbles","Omamori","MealTicket","Snecko Eye"],"acts_visited":["Exordium","TheCity"],"potions_floor_usage":[8,13,13,16,19],"damage_taken":[{"damage":2,"enemies":"Jaw Worm","floor":1,"turns":3},{"damage":0,"enemies":"Cultist","floor":2,"turns":4},{"damage":2,"enemies":"2 Louse","floor":4,"turns":3},{"damage":12,"enemies":"Lots of Slimes","floor":5,"turns":4},{"damage":4,"enemies":"Red Slaver","floor":7,"turns":4},{"damage":25,"enemies":"Lagavulin","floor":8,"turns":8},{"damage":4,"enemies":"Looter","floor":11,"turns":4},{"damage":35,"enemies":"Gremlin Nob","floor":13,"turns":6},{"damage":0,"enemies":"Blue Slaver","floor":14,"turns":4},{"damage":7,"enemies":"Slime Boss","floor":16,"turns":10},{"damage":15,"enemies":"Shell Parasite","floor":18,"turns":9},{"damage":28,"enemies":"2 Thieves","floor":19,"turns":4},{"damage":26,"enemies":"Shelled Parasite and Fungi","floor":21,"turns":4}],"seed_played":"-3197546195001604987","potions_obtained":[{"floor":1,"key":"EssenceOfSteel"},{"floor":5,"key":"AttackPotion"},{"floor":7,"key":"Regen Potion"},{"floor":11,"key":"SpeedPotion"},{"floor":13,"key":"Energy Potion"},{"floor":19,"key":"FearPotion"},{"floor":20,"key":"FearPotion"},{"floor":20,"key":"LiquidMemories"}],"is_trial":false,"path_per_floor":["M","M","?","M","M","R","M","E","T","$","M","R","E","M","R","B",null,"M","M","?","M"],"character_chosen":"DEFECT","items_purchased":["Defragment","Bag of Marbles","Cold Snap","Omamori"],"campfire_rested":2,"item_purchase_floors":[10,10,10,10],"current_hp_per_floor":[66,66,66,64,52,52,48,23,23,23,19,41,21,21,43,36,65,50,22,22,0,0],"gold":155,"neow_bonus":"ONE_RANDOM_RARE_CARD","is_daily":false,"chose_seed":false,"campfire_upgraded":1,"win_rate":0.0,"timestamp":1609618492,"path_taken":["M","M","?","M","M","R","M","E","T","$","?","R","E","M","R","BOSS","M","M","?","?"],"items_purchased_type":["Card","Relic","Card","Relic"],"build_version":"2020-12-22","purchased_purges":1,"victory":false,"max_hp_per_floor":[75,75,75,75,75,75,75,75,75,75,75,75,75,75,75,75,75,75,75,75,75,75],"relic_stats":{"counters":[13,67],"Snecko Eye":[34,25,34,33],"MealTicket":0,"Orichalcum":[84],"obtain_stats":[{"Snecko Eye":17,"MealTicket":13,"Bag of Marbles":10,"Omamori":10,"Orichalcum":8,"Bottled Tornado":9,"Cracked Core":0},{"Snecko Eye":10,"MealTicket":8,"Bag of Marbles":6,"Omamori":6,"Orichalcum":6,"Bottled Tornado":6,"Cracked Core":0},{"Snecko Eye":50,"MealTicket":36,"Bag of Marbles":26,"Omamori":26,"Orichalcum":26,"Bottled Tornado":26,"Cracked Core":0}]},"card_choices":[{"not_picked":["Hologram","Consume"],"picked":"Beam Cell","floor":1},{"not_picked":["Go for the Eyes","Rebound"],"picked":"Sweeping Beam","floor":2},{"not_picked":["Sweeping Beam","Undo"],"picked":"Conserve Battery","floor":4},{"not_picked":["Stack","Rainbow"],"picked":"Double Energy","floor":5},{"not_picked":["Reprogram","Stack","Chaos"],"picked":"SKIP","floor":7},{"not_picked":["Steam","Auto Shields"],"picked":"Coolheaded","floor":8},{"not_picked":["Sunder","Gash"],"picked":"FTL","floor":11},{"not_picked":["Turbo","Streamline"],"picked":"Go for the Eyes","floor":13},{"not_picked":["Stack","Chill"],"picked":"Capacitor","floor":14},{"not_picked":["Machine Learning","Core Surge"],"picked":"Echo Form","floor":16},{"not_picked":["Hello World","Redo"],"picked":"Rebound+1","floor":18},{"not_picked":["Undo","Rebound","Lockon"],"picked":"SKIP","floor":19}],"player_experience":1033652,"relics_obtained":[{"floor":8,"key":"Orichalcum"},{"floor":9,"key":"Bottled Tornado"},{"floor":13,"key":"MealTicket"}],"event_choices":[{"damage_healed":0,"gold_gain":275,"player_choice":"Desecrate","damage_taken":0,"max_hp_gain":0,"max_hp_loss":0,"event_name":"Golden Shrine","floor":3,"gold_loss":0,"cards_obtained":["Regret"]},{"damage_healed":0,"gold_gain":0,"player_choice":"Bought 2 Potions","damage_taken":0,"max_hp_gain":0,"max_hp_loss":0,"event_name":"The Woman in Blue","floor":20,"gold_loss":0}],"is_beta":false,"boss_relics":[{"not_picked":["Coffee Dripper","Empty Cage"],"picked":"Snecko Eye"}],"items_purged_floors":[10],"is_endless":false,"potions_floor_spawned":[1,5,7,11,13,19],"killed_by":"Shelled Parasite and Fungi","ascension_level":10}}