{"host":"j1mbkraw8apv6ejx","time":1609592798,"event":{"mods":["Aspiration","BaseMod","Colored Map","Colored Powertips","DeckTracker","Highlight Path","Hubris","Infinite Spire","Minty Spire (QoL Compilation)","Quick Restart","Random Character Button","Relic Sorter","Replay The Spire","StSLib","SuperFastMode","Synergy Search","The Cursed","The Disciple","The Jungle","The Runesmith"],"gold_per_floor":[112,112,131,150,168,202,202,202,214,214,239,239,239],"floor_reached":12,"playtime":734,"items_purged":[],"score":80,"play_id":"3ae9d561-9f6a-46d9-b1f2-aeef390695e8","local_time":"20210102140638","is_ascension_mode":false,"campfire_choices":[{"data":"Catalyst","floor":10,"key":"SMITH"}],"circlet_count":0,"master_deck":["Strike_G","Strike_G","Strike_G","Strike_G","Strike_G","Defend_G","Defend_G","Defend_G","Defend_G","Defend_G","Survivor","Neutralize","Corpse Explosion","Catalyst+1","Backflip","Hidden Blade","Deadly Poison","Deadly Poison"],"relics":["Ring of the Snake","Gremlin Food","Bronze Scales"],"acts_visited":["Exordium"],"potions_floor_usage":[],"damage_taken":[{"damage":0,"enemies":"Small Slimes","floor":1,"turns":3},{"damage":15,"enemies":"infinitespire:Voidling","floor":3,"turns":5},{"damage":10,"enemies":"Cultist","floor":4,"turns":5},{"damage":8,"enemies":"Blue Slaver","floor":5,"turns":4},{"damage":18,"enemies":"Gremlin Nob","floor":6,"turns":4},{"damage":23,"enemies":"Large Slime","floor":9,"turns":8},{"damage":4,"enemies":"3 Sentries","floor":12,"turns":1}],"seed_played":"-1374989920140237515","potions_obtained":[{"floor":3,"key":"Adrenaline Potion"},{"floor":5,"key":"Energy Potion"},{"floor":9,"key":"AttackPotion"}],"is_trial":false,"path_per_floor":["M","?","M","M","M","E","PTL","PTL","M","R","T","E"],"character_chosen":"THE_SILENT","items_purchased":[],"campfire_rested":0,"item_purchase_floors":[],"current_hp_per_floor":[70,70,62,52,44,26,26,26,3,3,3,0,0],"gold":239,"neow_bonus":"ONE_RANDOM_RARE_CARD","is_daily":false,"chose_seed":false,"campfire_upgraded":1,"win_rate":0.0,"timestamp":1609592798,"path_taken":["M","?","M","M","?","E","PTL","PTL","M","R","T","E"],"items_purchased_type":[],"build_version":"2020-12-22","purchased_purges":0,"victory":false,"max_hp_per_floor":[70,70,70,70,70,70,70,70,70,70,70,70,70],"card_choices":[{"not_picked":["Outmaneuver","Deadly Poison"],"picked":"Catalyst","floor":1},{"not_picked":["PiercingWail","Crippling Poison"],"picked":"Hidden Blade","floor":3},{"not_picked":["PiercingWail","Dagger Throw","hubris:SlightOfHand"],"picked":"SKIP","floor":4},{"not_picked":["Finisher","Outmaneuver","Acrobatics"],"picked":"SKIP","floor":5},{"not_picked":["Hidden Blade","Draining Mist"],"picked":"Deadly Poison","floor":6},{"not_picked":["Dagger Spray","Choke"],"picked":"Deadly Poison","floor":9}],"player_experience":146223,"relics_obtained":[{"floor":6,"key":"Gremlin Food"},{"floor":11,"key":"Bronze Scales"}],"event_choices":[{"damage_healed":0,"gold_gain":0,"player_choice":"1 cards matched","damage_taken":0,"max_hp_gain":0,"max_hp_loss":0,"event_name":"Match and Keep!","floor":2,"gold_loss":0,"cards_obtained":["Backflip"]},{"damage_healed":0,"gold_gain":0,"player_choice":"1 cards matched","damage_taken":0,"max_hp_gain":0,"max_hp_loss":0,"event_name":"Match and Keep!","floor":2,"gold_loss":0,"cards_obtained":["Backflip"]}],"is_beta":false,"boss_relics":[],"items_purged_floors":[],"is_endless":false,"potions_floor_spawned":[3,5,9],"killed_by":"3 Sentries","ascension_level":0}}