{"host":"minbhrtlkaoly5f0","time":1609599078,"event":{"mods":["Act Like it!","BaseMod","Colored Map","Colored Powertips","Lobotomy","LobotomyExtend","Luminous","Minty Spire (QoL Compilation)","Quick Restart","StSLib"],"gold_per_floor":[119,135,135,151,151,151,165,165,189,20,20,12,12,29,29,29,29],"floor_reached":16,"playtime":642,"items_purged":["SpecialBullet"],"score":92,"play_id":"50f325f8-e516-479b-913a-6e85d2028f85","local_time":"20210102225118","is_ascension_mode":false,"campfire_choices":[{"floor":15,"key":"REST"}],"circlet_count":0,"master_deck":["SpecialBullet","SpecialBullet","SpecialBullet","SpecialBullet","SpecialBullet","SpecialBullet","SpecialBullet","InformationCode","ExtractionCode","RecordCode","WristCuter","OldLady","GreenStem+1","GreedKing","RapturousDream","WallGazer","Soda","ControlCode","LittleHelper","BloodyDesire","RedEyes","Impatience","SpiderBud","Penitence","TT2Protocol","Woodsman","SolemnVow"],"relics":["CogitoBucket","Potion Belt","LetterFromLob","Bag of Marbles"],"acts_visited":["Exordium"],"potions_floor_usage":[],"damage_taken":[{"damage":7,"enemies":"Small Slimes","floor":1,"turns":3},{"damage":7,"enemies":"2 Louse","floor":2,"turns":2},{"damage":0,"enemies":"Cultist","floor":4,"turns":4},{"damage":31,"enemies":"Large Slime","floor":7,"turns":7},{"damage":20,"enemies":"Exordium Thugs","floor":12,"turns":4},{"damage":18,"enemies":"Gremlin Gang","floor":14,"turns":6},{"damage":36,"enemies":"Hexaghost","floor":16,"turns":4}],"seed_played":"6815849079143844477","potions_obtained":[],"is_trial":false,"path_per_floor":["M","M","?","M","?","R","M","R","T","$","R","M","R","M","R","B"],"character_chosen":"Angela","items_purchased":["Impatience"],"campfire_rested":1,"item_purchase_floors":[10],"current_hp_per_floor":[63,56,56,56,70,70,43,43,43,43,43,23,23,10,31,0,0],"gold":29,"neow_bonus":"RANDOM_COMMON_RELIC","is_daily":false,"chose_seed":false,"campfire_upgraded":0,"win_rate":0.0,"timestamp":1609599078,"path_taken":["M","M","?","M","?","R","M","R","T","$","R","M","R","M","R","BOSS"],"items_purchased_type":["Card"],"build_version":"2020-12-22","purchased_purges":1,"victory":false,"max_hp_per_floor":[70,70,70,70,70,70,70,70,70,70,70,70,70,70,70,70,70],"card_choices":[{"not_picked":["Tough"],"picked":"WristCuter","floor":1},{"not_picked":["Scorched","FairyFestival"],"picked":"OldLady","floor":1},{"not_picked":["SwordSharpenedByTears"],"picked":"GreenStem","floor":1},{"not_picked":["ShyLook","LaLuna"],"picked":"GreedKing","floor":2},{"not_picked":["Lantern"],"picked":"RapturousDream","floor":2},{"not_picked":["OSAHOGD","Laetitia"],"picked":"WallGazer","floor":4},{"not_picked":["CUTE"],"picked":"Soda","floor":4},{"not_picked":["Wellcheers","ShyLook"],"picked":"LittleHelper","floor":7},{"not_picked":["CUTE"],"picked":"BloodyDesire","floor":7},{"not_picked":["Hornet"],"picked":"RedEyes","floor":7},{"not_picked":["BeautyBeast","Laetitia"],"picked":"SpiderBud","floor":12},{"not_picked":["Logging"],"picked":"Penitence","floor":12},{"not_picked":["CUTE","SomewhereSpear"],"picked":"SKIP","floor":12},{"not_picked":["GalaxyChild","HappyTeddy"],"picked":"Woodsman","floor":14},{"not_picked":["Harmony"],"picked":"SolemnVow","floor":14},{"not_picked":["Noise","Gaze"],"picked":"SKIP","floor":14}],"player_experience":23836,"relics_obtained":[{"floor":1,"key":"LetterFromLob"},{"floor":9,"key":"Bag of Marbles"}],"event_choices":[{"damage_healed":0,"gold_gain":0,"player_choice":"Grow","damage_taken":0,"max_hp_gain":0,"max_hp_loss":0,"event_name":"Living Wall","floor":3,"gold_loss":0,"cards_upgraded":["GreenStem"]},{"damage_healed":23,"gold_gain":0,"player_choice":"Banana","damage_taken":0,"max_hp_gain":0,"max_hp_loss":0,"event_name":"Big Fish","floor":5,"gold_loss":0}],"is_beta":false,"boss_relics":[],"items_purged_floors":[10],"is_endless":false,"potions_floor_spawned":[],"killed_by":"Hexaghost","ascension_level":0}}