{"host":"96n0ernxosh90i3w","time":1609621928,"event":{"mods":["AchievementEnabler","BaseMod","Colored Powertips","Hubris","Infinite Spire","Minty Spire (QoL Compilation)","Replay The Spire","StSLib"],"gold_per_floor":[123,123,123,156,61,61,104,104,130,130,130,130,0,0,0,195,195,364,364,364,547,547,547,798,798,798],"floor_reached":25,"playtime":912,"items_purged":[],"score":387,"play_id":"fcdcbf84-c0a8-4e93-913c-7da57193a4f5","local_time":"20210102161208","is_ascension_mode":false,"campfire_choices":[{"floor":6,"key":"REST"},{"data":"Chill","floor":8,"key":"SMITH"},{"data":"Ball Lightning","floor":10,"key":"SMITH"},{"data":"Static Discharge","floor":12,"key":"SMITH"},{"data":"Whirlwind","floor":15,"key":"SMITH"},{"floor":23,"key":"REST"}],"circlet_count":0,"master_deck":["Strike_B+1","Strike_B+1","Strike_B+1","Strike_B+1","Defend_B+1","Defend_B+1","Defend_B+1","Defend_B+1","Zap+1","hubris:Greed","hubris:Greed","Sweeping Beam","Regret","hubris:Greed","hubris:Greed","Ball Lightning+1","Ball Lightning","Static Discharge+1","hubris:Greed","hubris:Greed","Chill+1","Bash","Whirlwind+1","Go for the Eyes","Capacitor","hubris:Greed","hubris:Greed","hubris:Greed","hubris:Greed","hubris:Greed","hubris:Greed","hubris:Greed","hubris:Greed","hubris:Greed","hubris:Greed","hubris:Greed","hubris:Greed","Meteor Strike","hubris:Greed","hubris:Greed","hubris:Greed","hubris:Greed","hubris:Greed","hubris:Greed","hubris:Greed","hubris:Greed","hubris:Greed","hubris:Greed","hubris:Greed","hubris:Greed","Coolheaded+1","Ghostly","Ghostly","Ghostly","Ghostly","Ghostly","hubris:Greed","hubris:Greed","hubris:Greed","Sweeping Beam","hubris:Greed","hubris:Greed","hubris:Greed","hubris:Greed","hubris:Greed","hubris:Greed","hubris:Greed","hubris:Greed","hubris:Greed","hubris:Greed","hubris:Greed","hubris:Greed","hubris:Greed","hubris:Greed","Ball Lightning","hubris:Greed","hubris:Greed","hubris:Greed","hubris:Greed","hubris:Greed","hubris:Greed","hubris:Greed","hubris:Greed","hubris:Greed"],"relics":["Ice Cream","hubris:RGBLights","War Paint","Iron Core","hubris:ScarierMask"],"acts_visited":["Exordium","TheCity"],"potions_floor_usage":[7],"damage_taken":[{"damage":4,"enemies":"2 Louse","floor":1,"turns":3},{"damage":13,"enemies":"Small Slimes","floor":4,"turns":4},{"damage":3,"enemies":"Jaw Worm","floor":7,"turns":3},{"damage":52,"enemies":"Hexaghost","floor":16,"turns":9},{"damage":33,"enemies":"Chosen","floor":18,"turns":4},{"damage":8,"enemies":"2 Thieves","floor":21,"turns":2},{"damage":20,"enemies":"Cultist and Chosen","floor":24,"turns":5},{"damage":49,"enemies":"Snecko","floor":25,"turns":5}],"seed_played":"5961944426241813279","potions_obtained":[{"floor":1,"key":"PowerPotion"},{"floor":16,"key":"FairyPotion"},{"floor":18,"key":"SteroidPotion"},{"floor":21,"key":"Energy Potion"}],"is_trial":false,"path_per_floor":["M","?","?","M","$","R","M","R","T","R","?","R","$","?","R","B",null,"M","?","?","M","?","R","M","M"],"character_chosen":"DEFECT","items_purchased":["Ball Lightning","Static Discharge","Whirlwind","Go for the Eyes"],"campfire_rested":2,"item_purchase_floors":[5,5,13,13],"current_hp_per_floor":[71,71,71,58,58,75,72,72,72,72,72,72,72,72,72,20,75,42,42,37,29,29,37,17,0,0],"gold":798,"neow_bonus":"ONE_RARE_RELIC","is_daily":false,"chose_seed":false,"campfire_upgraded":4,"win_rate":0.0,"timestamp":1609621928,"path_taken":["M","?","?","M","$","R","M","R","T","R","?","R","?","?","R","BOSS","M","?","?","M","?","R","M","?"],"items_purchased_type":["Card","Card","Card","Card"],"build_version":"2020-12-22","purchased_purges":0,"victory":false,"max_hp_per_floor":[75,75,75,75,75,75,75,75,75,75,75,75,75,75,75,75,75,75,75,37,37,37,37,37,37,37],"card_choices":[{"not_picked":["Rebound","Panic Button"],"picked":"Sweeping Beam","floor":1},{"not_picked":["ReplayTheSpireMod:System Scan","Skim"],"picked":"Ball Lightning","floor":4},{"not_picked":["Glacier","Sweeping Beam"],"picked":"Chill","floor":7},{"not_picked":["Limit Break","ReplayTheSpireMod:Fabricate Wheel"],"picked":"Meteor Strike","floor":16},{"not_picked":["BasicCrystalCard","Fusion"],"picked":"Coolheaded+1","floor":18},{"not_picked":["Static Discharge","ReplayTheSpireMod:System Scan+1"],"picked":"Sweeping Beam","floor":21},{"not_picked":["Hologram","Go for the Eyes"],"picked":"Ball Lightning","floor":24}],"player_experience":226831,"relics_obtained":[{"floor":9,"key":"War Paint"}],"event_choices":[{"damage_healed":0,"gold_gain":0,"player_choice":"Box","damage_taken":0,"relics_obtained":["hubris:RGBLights"],"max_hp_gain":0,"max_hp_loss":0,"event_name":"Big Fish","floor":2,"gold_loss":0,"cards_obtained":["Regret"]},{"damage_healed":0,"gold_gain":0,"player_choice":"Simplicity","damage_taken":0,"max_hp_gain":0,"max_hp_loss":0,"event_name":"Back to Basics","floor":19,"gold_loss":0,"cards_upgraded":["Strike_B","Strike_B","Strike_B","Strike_B","Defend_B","Defend_B"]},{"damage_healed":0,"gold_gain":0,"player_choice":"Became a Ghost","damage_taken":0,"max_hp_gain":0,"max_hp_loss":38,"event_name":"Ghosts","floor":20,"gold_loss":0,"cards_obtained":["Ghostly","Ghostly","Ghostly","Ghostly","Ghostly"]},{"cards_removed":["hubris:Greed"],"damage_healed":0,"gold_gain":0,"player_choice":"Purged","damage_taken":0,"max_hp_gain":0,"max_hp_loss":0,"event_name":"Purifier","floor":22,"gold_loss":0}],"is_beta":false,"boss_relics":[{"not_picked":["hubris:Stopwatch","Empty Cage"],"picked":"hubris:ScarierMask"}],"items_purged_floors":[],"is_endless":false,"potions_floor_spawned":[1,16,18,21],"killed_by":"Snecko","ascension_level":0}}