{"host":"vumwfieg2b2mnrfl","time":1609550291,"event":{"mods":["AchievementEnabler","BaseMod","Minty Spire (QoL Compilation)","Rare Cards Sparkle","Relic Stats"],"gold_per_floor":[114,133,133,133,144,176,176,203,203,213,213,64,79,79,79,183,183,199,114,114,125,50,50,81,81,81,90,133,167,191,201,201,307,307,328,43,265,315,340,340,353,383,431,431,457,471,491,491,491,491,491,491,30,58,58],"floor_reached":56,"playtime":2577,"items_purged":["Force Field+1","Auto Shields+1"],"score":1826,"play_id":"b7a83190-290d-4d24-9c9c-5d0fec22be76","local_time":"20210101191811","is_ascension_mode":true,"campfire_choices":[{"floor":7,"key":"REST"},{"floor":11,"key":"REST"},{"data":"Blizzard","floor":15,"key":"SMITH"},{"data":"Self Repair","floor":23,"key":"SMITH"},{"floor":27,"key":"REST"},{"data":"Capacitor","floor":32,"key":"SMITH"},{"data":"Electrodynamics","floor":40,"key":"SMITH"},{"data":"Coolheaded","floor":44,"key":"SMITH"},{"floor":49,"key":"RECALL"},{"data":"Coolheaded","floor":52,"key":"SMITH"}],"circlet_count":0,"master_deck":["Zap","Dualcast","Coolheaded+1","Coolheaded+1","Glacier","Coolheaded+1","Conserve Battery+1","Blizzard+1","Consume+1","Amplify+1","Electrodynamics+1","Genetic Algorithm+1","Meteor Strike","Force Field+1","Echo Form","Self Repair+1","Double Energy+1","Fusion+1","Seek+1","Defragment+1","Capacitor+1","Hologram+1","Thunder Strike","Chill+1","Loop"],"relics":["Cracked Core","NeowsBlessing","Meat on the Bone","Toxic Egg 2","Question Card","Sundial","DataDisk","Pandora\u0027s Box","Mango","Dream Catcher","Ancient Tea Set","CeramicFish","Red Mask","MealTicket","Busted Crown","Gambling Chip","CaptainsWheel","HornCleat","PreservedInsect","Omamori","Happy Flower","Oddly Smooth Stone","Bottled Tornado"],"acts_visited":["Exordium","TheCity","TheBeyond","TheEnding"],"potions_floor_usage":[6,33,45,50,55,55],"damage_taken":[{"damage":0,"enemies":"Small Slimes","floor":1,"turns":1},{"damage":0,"enemies":"Jaw Worm","floor":2,"turns":1},{"damage":0,"enemies":"2 Louse","floor":5,"turns":1},{"damage":14,"enemies":"Lagavulin","floor":6,"turns":10},{"damage":58,"enemies":"Gremlin Nob","floor":8,"turns":7},{"damage":1,"enemies":"Exordium Wildlife","floor":10,"turns":8},{"damage":5,"enemies":"Blue Slaver","floor":13,"turns":5},{"damage":15,"enemies":"The Guardian","floor":16,"turns":17},{"damage":32,"enemies":"2 Thieves","floor":18,"turns":3},{"damage":11,"enemies":"Spheric Guardian","floor":21,"turns":6},{"damage":32,"enemies":"Slavers","floor":24,"turns":5},{"damage":0,"enemies":"Masked Bandits","floor":28,"turns":1},{"damage":3,"enemies":"Gremlin Leader","floor":29,"turns":8},{"damage":10,"enemies":"Centurion and Healer","floor":30,"turns":7},{"damage":0,"enemies":"Snecko","floor":31,"turns":5},{"damage":15,"enemies":"Automaton","floor":33,"turns":8},{"damage":0,"enemies":"3 Shapes","floor":35,"turns":2},{"damage":10,"enemies":"Mind Bloom Boss Battle","floor":38,"turns":8},{"damage":12,"enemies":"3 Darklings","floor":41,"turns":5},{"damage":30,"enemies":"Nemesis","floor":42,"turns":7},{"damage":0,"enemies":"Reptomancer","floor":45,"turns":5},{"damage":7,"enemies":"Sphere and 2 Shapes","floor":46,"turns":5},{"damage":0,"enemies":"4 Shapes","floor":47,"turns":2},{"damage":0,"enemies":"Donu and Deca","floor":50,"turns":4},{"damage":33,"enemies":"Shield and Spear","floor":54,"turns":6},{"damage":40,"enemies":"The Heart","floor":55,"turns":12}],"seed_played":"-3554592035930970257","potions_obtained":[{"floor":2,"key":"ColorlessPotion"},{"floor":10,"key":"Fire Potion"},{"floor":18,"key":"PowerPotion"},{"floor":30,"key":"PowerPotion"},{"floor":35,"key":"Dexterity Potion"},{"floor":45,"key":"Fruit Juice"},{"floor":46,"key":"Strength Potion"},{"floor":54,"key":"Strength Potion"}],"is_trial":false,"path_per_floor":["M","M","?","?","M","E","R","E","T","M","R","$","M","$","R","B",null,"M","?","?","M","$","R","E","T","T","R","?","E","M","M","R","B",null,"M","$","?","?","T","R","M","E","T","R","E","M","M","?","R","B",null,"R","$","E","B",null],"character_chosen":"DEFECT","items_purchased":["DataDisk","Gambling Chip","Loop","Happy Flower","Oddly Smooth Stone"],"campfire_rested":3,"item_purchase_floors":[12,36,53,53,53],"current_hp_per_floor":[68,68,56,41,41,39,61,15,15,26,48,48,43,43,43,40,66,60,74,57,65,65,65,45,45,45,73,73,90,90,94,94,89,93,93,94,94,94,94,94,92,82,82,82,97,99,99,94,94,94,98,98,99,86,68],"gold":58,"neow_bonus":"THREE_ENEMY_KILL","is_daily":false,"chose_seed":false,"campfire_upgraded":6,"win_rate":0.0,"timestamp":1609550291,"path_taken":["M","M","?","?","M","E","R","E","T","M","R","$","M","?","R","BOSS","M","?","?","M","?","R","E","?","T","R","?","E","?","M","R","BOSS","M","$","?","?","?","R","M","E","T","R","E","?","?","?","R","BOSS","R","$","E","BOSS"],"items_purchased_type":["Relic","Relic","Card","Relic","Relic"],"build_version":"2020-12-22","purchased_purges":2,"victory":true,"max_hp_per_floor":[75,75,75,75,75,75,75,75,75,75,75,75,75,75,75,75,75,75,89,94,94,94,94,94,94,94,94,94,94,94,94,94,94,94,94,94,94,94,94,94,94,94,94,94,99,99,99,99,99,99,99,99,99,99,99],"relic_stats":{"Happy Flower":[6],"counters":[26,149],"CeramicFish":63,"PreservedInsect":139,"Question Card":22,"Dream Catcher":1,"Busted Crown":20,"Sundial":[26],"Gambling Chip":[28],"Pandora\u0027s Box":["Electrodynamics","Genetic Algorithm","Meteor Strike","Force Field","Force Field","Echo Form","Self Repair","Auto Shields"],"MealTicket":2,"obtain_stats":[{"NeowsBlessing":0,"Happy Flower":53,"CeramicFish":26,"Oddly Smooth Stone":53,"Mango":19,"PreservedInsect":43,"Omamori":45,"Bottled Tornado":54,"Question Card":8,"Ancient Tea Set":25,"DataDisk":12,"Dream Catcher":24,"CaptainsWheel":38,"Busted Crown":34,"HornCleat":42,"Sundial":9,"Gambling Chip":36,"Pandora\u0027s Box":17,"MealTicket":29,"Red Mask":28,"Toxic Egg 2":6,"Cracked Core":0,"Meat on the Bone":3},{"NeowsBlessing":0,"Happy Flower":24,"CeramicFish":11,"Oddly Smooth Stone":24,"Mango":9,"PreservedInsect":20,"Omamori":21,"Bottled Tornado":25,"Question Card":5,"Ancient Tea Set":11,"DataDisk":6,"Dream Catcher":11,"CaptainsWheel":18,"Busted Crown":16,"HornCleat":20,"Sundial":5,"Gambling Chip":17,"Pandora\u0027s Box":8,"MealTicket":13,"Red Mask":12,"Toxic Egg 2":4,"Cracked Core":0,"Meat on the Bone":2},{"NeowsBlessing":0,"Happy Flower":131,"CeramicFish":64,"Oddly Smooth Stone":131,"Mango":53,"PreservedInsect":115,"Omamori":120,"Bottled Tornado":137,"Question Card":20,"Ancient Tea Set":64,"DataDisk":28,"Dream Catcher":64,"CaptainsWheel":103,"Busted Crown":93,"HornCleat":115,"Sundial":20,"Gambling Chip":95,"Pandora\u0027s Box":50,"MealTicket":73,"Red Mask":65,"Toxic Egg 2":13,"Cracked Core":0,"Meat on the Bone":2}],"Meat on the Bone":96},"card_choices":[{"not_picked":["Darkness","Conserve Battery"],"picked":"Coolheaded","floor":1},{"not_picked":["Steam","Stack"],"picked":"Coolheaded","floor":2},{"not_picked":["Consume","Rebound"],"picked":"Glacier","floor":5},{"not_picked":["Scrape","Stack+1"],"picked":"Coolheaded+1","floor":6},{"not_picked":["Aggregate+1","Sweeping Beam"],"picked":"Conserve Battery+1","floor":8},{"not_picked":["Turbo+1","Undo+1","Rebound"],"picked":"Blizzard","floor":10},{"not_picked":["Sweeping Beam","Undo+1","Reboot+1"],"picked":"Consume+1","floor":13},{"not_picked":["Multi-Cast+1","Meteor Strike","Machine Learning"],"picked":"Amplify+1","floor":16},{"not_picked":["Auto Shields+1","Steam+1","Beam Cell"],"picked":"Double Energy+1","floor":18},{"not_picked":["Coolheaded+1","Compile Driver","Streamline"],"picked":"Fusion+1","floor":21},{"not_picked":["Sweeping Beam","Chill+1","Rebound","Scrape"],"picked":"SKIP","floor":24},{"not_picked":["Beam Cell","Conserve Battery+1","Chaos+1"],"picked":"Seek+1","floor":27},{"not_picked":["Rebound+1","Steam+1","Steam Power+1"],"picked":"Defragment+1","floor":28},{"not_picked":["Scrape","Sweeping Beam+1","Gash+1"],"picked":"Capacitor","floor":29},{"not_picked":["Rip and Tear+1","Barrage","Leap+1"],"picked":"Hologram+1","floor":30},{"not_picked":["Skim+1","Aggregate+1","Reprogram+1","Steam+1"],"picked":"SKIP","floor":31},{"not_picked":["Rainbow+1","Meteor Strike","Electrodynamics"],"picked":"Thunder Strike","floor":33},{"not_picked":["Go for the Eyes+1"],"picked":"Chill+1","floor":35},{"not_picked":["Conserve Battery+1","Beam Cell+1"],"picked":"SKIP","floor":41},{"not_picked":["Hello World+1","Cold Snap+1"],"picked":"SKIP","floor":42},{"not_picked":["Recycle+1","Chill+1"],"picked":"SKIP","floor":45},{"not_picked":["Conserve Battery+1","Cold Snap"],"picked":"SKIP","floor":46},{"not_picked":["Compile Driver+1","Beam Cell+1"],"picked":"SKIP","floor":47},{"not_picked":["Steam+1","Stack+1"],"picked":"SKIP","floor":54}],"player_experience":344421,"relics_obtained":[{"floor":6,"key":"Toxic Egg 2"},{"floor":8,"key":"Question Card"},{"floor":9,"key":"Sundial"},{"floor":24,"key":"Dream Catcher"},{"floor":25,"key":"Ancient Tea Set"},{"floor":26,"key":"CeramicFish"},{"floor":28,"key":"Red Mask"},{"floor":29,"key":"MealTicket"},{"floor":38,"key":"CaptainsWheel"},{"floor":42,"key":"HornCleat"},{"floor":43,"key":"PreservedInsect"},{"floor":45,"key":"Omamori"},{"floor":54,"key":"Bottled Tornado"}],"event_choices":[{"damage_healed":0,"gold_gain":0,"player_choice":"Success","damage_taken":12,"relics_obtained":["Meat on the Bone"],"max_hp_gain":0,"max_hp_loss":0,"event_name":"Scrap Ooze","floor":3,"gold_loss":0},{"damage_healed":0,"gold_gain":0,"player_choice":"Entered Light","damage_taken":15,"max_hp_gain":0,"max_hp_loss":0,"event_name":"Shining Light","floor":4,"gold_loss":0,"cards_upgraded":["Strike_B","Strike_B"]},{"damage_healed":0,"gold_gain":0,"player_choice":"Obtained Relic","damage_taken":0,"relics_obtained":["Mango"],"max_hp_gain":0,"max_hp_loss":0,"event_name":"Addict","floor":19,"gold_loss":85},{"damage_healed":0,"gold_gain":0,"player_choice":"Shed Blood","damage_taken":22,"max_hp_gain":5,"max_hp_loss":0,"event_name":"Forgotten Altar","floor":20,"gold_loss":0},{"damage_healed":0,"gold_gain":0,"player_choice":"Fought Bandits","damage_taken":0,"max_hp_gain":0,"max_hp_loss":0,"event_name":"Masked Bandits","floor":28,"gold_loss":0},{"damage_healed":0,"gold_gain":222,"player_choice":"Wore Mask","damage_taken":0,"max_hp_gain":0,"max_hp_loss":0,"event_name":"Tomb of Lord Red Mask","floor":37,"gold_loss":0},{"damage_healed":0,"gold_gain":0,"player_choice":"Fight","damage_taken":0,"max_hp_gain":0,"max_hp_loss":0,"event_name":"MindBloom","floor":38,"gold_loss":0},{"damage_healed":0,"gold_gain":0,"player_choice":"Memory 2","damage_taken":5,"max_hp_gain":0,"max_hp_loss":0,"event_name":"SensoryStone","floor":48,"gold_loss":0}],"is_beta":false,"boss_relics":[{"not_picked":["Black Star","Tiny House"],"picked":"Pandora\u0027s Box"},{"not_picked":["Snecko Eye","Nuclear Battery"],"picked":"Busted Crown"}],"items_purged_floors":[22,53],"is_endless":false,"potions_floor_spawned":[2,10,18,30,31,35,41,45,46,54],"ascension_level":9}}