{"host":"mytek2nu1hrzdnew","time":1609596078,"event":{"mods":["Aspiration","BaseMod","Conspire","Evolution","GifTheSpireLib","Gold Saver","Hubris","Minty Spire (QoL Compilation)","Replay The Spire","StSLib","Stuff the Spire","Uncapped"],"gold_per_floor":[368,381,394,95,113,139,152,181,208,220,248,260,285,307,319,434,446,477,489,514,537,50,84,84,112,183,387,403,403,419,430,430,430,430],"floor_reached":33,"playtime":1654,"items_purged":["Bash","Defend_R"],"score":328,"play_id":"8a319e12-4880-47f1-a9ee-7db33bb2bde5","local_time":"20210102090118","is_ascension_mode":false,"campfire_choices":[{"floor":10,"key":"REST"},{"data":"StuffTheSpire:RockThrow","floor":12,"key":"SMITH"},{"floor":24,"key":"REST"},{"floor":29,"key":"REST"},{"floor":32,"key":"REST"}],"circlet_count":0,"master_deck":["Thunderclap","Thunderclap","Thunderclap","Thunderclap","Armaments+1","Defend_R","StuffTheSpire:Slingshot","Spot Weakness","Panacea","StuffTheSpire:Slingshot","StuffTheSpire:RockThrow+1","Heavy Blade","ReplayTheSpireMod:Muscle Training","StuffTheSpire:RockThrow+1","Offering","Havoc","Replay:Undeath\u0027s Touch","Rampage+1","ReplayTheSpireMod:Scrap Shanks","StuffTheSpire:Slingshot","conspire:Purge","conspire:PoisonWeapons","Flex","Heavy Blade"],"relics":["Burning Blood","EVO:Axolotl","Red Skull","Bottled Lightning","Regal Pillow","MawBank","Black Star","hubris:PeanutButter","aspiration:Lifesprig","hubris:DisguiseKit","Dream Catcher","StuffTheSpire:Barrel","StuffTheSpire:ForceGauntlet"],"acts_visited":["Exordium","TheCity"],"potions_floor_usage":[5,21,23,23,33,33],"damage_taken":[{"damage":6,"enemies":"Jaw Worm","floor":1,"turns":4},{"damage":0,"enemies":"Cultist","floor":2,"turns":3},{"damage":0,"enemies":"2 Louse","floor":3,"turns":1},{"damage":0,"enemies":"Exordium Wildlife","floor":5,"turns":2},{"damage":28,"enemies":"Lagavulin","floor":6,"turns":6},{"damage":7,"enemies":"2 Fungi Beasts","floor":7,"turns":2},{"damage":19,"enemies":"Gremlin Nob","floor":8,"turns":4},{"damage":0,"enemies":"Gremlin Gang","floor":11,"turns":2},{"damage":7,"enemies":"Large Slime","floor":13,"turns":4},{"damage":2,"enemies":"Exordium Thugs","floor":14,"turns":3},{"damage":45,"enemies":"Hexaghost","floor":16,"turns":6},{"damage":42,"enemies":"Spheric Guardian","floor":18,"turns":6},{"damage":8,"enemies":"Shell Parasite","floor":20,"turns":3},{"damage":7,"enemies":"3 Cultists","floor":21,"turns":2},{"damage":16,"enemies":"Gremlin Leader","floor":23,"turns":3},{"damage":55,"enemies":"Book of Stabbing","floor":25,"turns":5},{"damage":7,"enemies":"Centurion and Healer","floor":28,"turns":2},{"damage":36,"enemies":"Snake Plant","floor":30,"turns":3},{"damage":3,"enemies":"Cultist and Chosen","floor":31,"turns":3},{"damage":98,"enemies":"hubris:MusketHawk","floor":33,"turns":6}],"seed_played":"-7939168602149806067","potions_obtained":[{"floor":2,"key":"DuplicationPotion"},{"floor":3,"key":"Fire Potion"},{"floor":5,"key":"CultistPotion"},{"floor":13,"key":"Energy Potion"},{"floor":25,"key":"AttackPotion"},{"floor":30,"key":"SkillPotion"},{"floor":31,"key":"Dexterity Potion"}],"is_trial":false,"path_per_floor":["M","M","M","$","M","E","M","E","T","R","M","R","M","M","R","B",null,"M","?","M","M","$","E","R","E","T","?","M","R","M","M","R","B"],"character_chosen":"IRONCLAD","items_purchased":["Red Skull","Panacea","hubris:PeanutButter","FairyPotion","Replay:Undeath\u0027s Touch"],"campfire_rested":4,"item_purchase_floors":[4,4,22,22,22],"current_hp_per_floor":[80,80,80,80,80,58,57,44,44,80,80,80,79,80,80,41,80,44,36,34,33,33,23,62,13,13,24,23,62,32,35,74,0,0],"gold":430,"neow_bonus":"UPGRADE_CARD","is_daily":false,"chose_seed":false,"campfire_upgraded":1,"win_rate":0.0,"timestamp":1609596078,"path_taken":["M","M","M","$","M","E","M","E","T","R","M","R","M","M","R","BOSS","M","?","M","?","$","E","R","E","T","?","M","R","M","M","R","BOSS"],"items_purchased_type":["Relic","Card","Relic","Potion","Card"],"build_version":"2020-12-22","purchased_purges":2,"victory":false,"max_hp_per_floor":[80,80,80,80,80,80,80,80,80,80,80,80,80,80,80,80,80,80,80,80,80,80,80,80,80,80,80,80,80,80,80,80,80,80],"card_choices":[{"not_picked":["Bloodletting","Life Link"],"picked":"StuffTheSpire:Slingshot","floor":1},{"not_picked":["Perfected Strike","Intimidate","Warcry"],"picked":"SKIP","floor":2},{"not_picked":["Whirlwind","StuffTheSpire:Incineration"],"picked":"Spot Weakness","floor":3},{"not_picked":["hubris:ReadiedAction","Limit Break","Perfected Strike"],"picked":"SKIP","floor":5},{"not_picked":["Demon Form","Seeing Red"],"picked":"StuffTheSpire:Slingshot","floor":6},{"not_picked":["hubris:ReadiedAction","Clash","Clothesline"],"picked":"SKIP","floor":7},{"not_picked":["hubris:StunningStrike","Pommel Strike","Defy Death"],"picked":"SKIP","floor":8},{"not_picked":["Hemokinesis","Warcry"],"picked":"StuffTheSpire:RockThrow","floor":11},{"not_picked":["Dark Embrace","Clothesline"],"picked":"Heavy Blade","floor":13},{"not_picked":["Twin Strike","Intimidate"],"picked":"ReplayTheSpireMod:Muscle Training","floor":14},{"not_picked":["Battle Trance","Warcry"],"picked":"StuffTheSpire:RockThrow+1","floor":18},{"not_picked":["Anger+1","Twin Strike"],"picked":"Offering","floor":20},{"not_picked":["Carnage+1","StuffTheSpire:Pyroclast"],"picked":"Havoc","floor":21},{"not_picked":["Wild Strike","Battle Trance"],"picked":"Rampage+1","floor":23},{"not_picked":["Armaments","Seeing Red","Clash"],"picked":"ReplayTheSpireMod:Scrap Shanks","floor":25},{"not_picked":["ReplayTheSpireMod:LeadingStrike","Twin Strike","Deadly Poison"],"picked":"StuffTheSpire:Slingshot","floor":27},{"not_picked":["Whirlwind","Intimidate","Expertise"],"picked":"conspire:Purge","floor":28},{"not_picked":["Iron Wave+1","ReplayReversal","Pommel Strike"],"picked":"conspire:PoisonWeapons","floor":29},{"not_picked":["Warcry","Massacre","Shrug It Off","Sucker Punch"],"picked":"SKIP","floor":30},{"not_picked":["Havoc","Metallicize","Slice"],"picked":"Flex","floor":31},{"not_picked":["Blood for Blood+1","Dropkick","Deadly Poison"],"picked":"Heavy Blade","floor":32}],"player_experience":975170,"relics_obtained":[{"floor":6,"key":"Bottled Lightning"},{"floor":8,"key":"Regal Pillow"},{"floor":9,"key":"MawBank"},{"floor":23,"key":"aspiration:Lifesprig"},{"floor":23,"key":"hubris:DisguiseKit"},{"floor":25,"key":"Dream Catcher"},{"floor":25,"key":"StuffTheSpire:Barrel"},{"floor":26,"key":"StuffTheSpire:ForceGauntlet"}],"event_choices":[{"damage_healed":0,"gold_gain":0,"player_choice":"Damaged","damage_taken":8,"max_hp_gain":0,"max_hp_loss":0,"event_name":"Wheel of Change","floor":19,"gold_loss":0}],"is_beta":false,"boss_relics":[{"not_picked":["hubris:BlackHole","aspiration:FutureDiary"],"picked":"Black Star"}],"items_purged_floors":[4,22],"is_endless":false,"potions_floor_spawned":[2,3,5,6,13,14,16,21,25,30,31],"killed_by":"hubris:MusketHawk","ascension_level":0}}