{"host":"ft2xazkv7v30fddt","time":1609571581,"event":{"mods":["AchievementEnabler","Act Like it!","Aspiration","Astrologer","Bard","BaseMod","Better Altar","Better Match","Better Note","Better Sensory Stone","Better Skull","CapriCore","Chen","Colored Powertips","Downfall","Elementarium","Energized Spire","Gensokyo","GifTheSpireLib","Gremlin Mod","Hallownest","Hermit","Hubris","Infinite Spire","KinomotoSakuraMod(????)","Koishi","Marisa????????","Minty Spire (QoL Compilation)","Pale of the Ancients","Permanent Neow","Potionbrewer","Prisma Mod","Replay The Spire","StSLib","Stuff the Spire","The Blackbeard","The Bladedancer","The Construct","The Cursed","The Forsaken","The Gatherer","The Hayseed","The Immortal","The Runesmith","The Servant 0.9.4","The Showman","The Vixen","TheArtist","TheSwordswoman","Wandering Minibosses","thorton","vexMod"],"gold_per_floor":[215,215,145,145,162,162,179,179,234,234,62,62,78,90,90,164,164,176,31,47,47,47,47,59,59,59],"floor_reached":25,"playtime":1452,"items_purged":[],"score":372,"play_id":"bb029dfd-cb2f-407a-9f2f-e7909ea1d97e","local_time":"20210102151301","is_ascension_mode":true,"campfire_choices":[{"data":"Chen:Kimontonkou","floor":6,"key":"SMITH"},{"data":"Chen:SurpriseAttack","floor":8,"key":"SMITH"},{"floor":12,"key":"REST"},{"data":"Chen:SelfConfidence","floor":15,"key":"SMITH"},{"data":"Chen:Panic","floor":23,"key":"SMITH"}],"circlet_count":0,"master_deck":["AscendersBane","Chen:Strike","Chen:Strike+1","Chen:Strike","Chen:Strike","Chen:Strike","Chen:Defend","Chen:Defend","Chen:Defend+1","Chen:Defend","Chen:GlitterPoke","Chen:SurpriseAttack+1","Chen:Kimontonkou+1","Chen:Catseye+1","Chen:Salvo+1","Chen:SelfConfidence+1","Chen:StudySharpen","Chen:Panic+1","Chen:Clarity+1"],"relics":["Chen:Catnip","Happy Flower","hubris:Towel","Guardian:PocketSentry","Replay:Wax Seal","energizedSpire:CursedPentagram","Guide Book","Gensokyo:SongOfSouls","Frozen Eye"],"acts_visited":["Gensokyo:Gensokyo","Gensokyo:Gensokyoer"],"potions_floor_usage":[14,25],"damage_taken":[{"damage":4,"enemies":"Gensokyo:3_Fairies","floor":1,"turns":4},{"damage":0,"enemies":"Gensokyo:Python","floor":5,"turns":3},{"damage":0,"enemies":"Gensokyo:Gryphon","floor":7,"turns":3},{"damage":5,"enemies":"Gensokyo:Kitsune","floor":13,"turns":2},{"damage":0,"enemies":"Gensokyo:5_Fairies","floor":14,"turns":4},{"damage":12,"enemies":"Gensokyo:Reimu","floor":16,"turns":7},{"damage":0,"enemies":"Gensokyo:2_Gloops","floor":18,"turns":4},{"damage":10,"enemies":"Gensokyo:CosmicMonolith","floor":20,"turns":4},{"damage":23,"enemies":"Gensokyo:Mirror_and_Dog","floor":24,"turns":3},{"damage":24,"enemies":"Gensokyo:Koishi","floor":25,"turns":4}],"seed_played":"9192228738286478974","potions_obtained":[{"floor":7,"key":"EssenceOfSteel"},{"floor":16,"key":"BlessingOfTheForge"},{"floor":20,"key":"Guardian:BlockOnCardUsePotion"}],"is_trial":false,"path_per_floor":["M","?","?","?","M","R","M","R","T","?","$","R","M","M","R","B",null,"M","COS","M","?","?","R","M","E"],"character_chosen":"CHEN","items_purchased":["Chen:Salvo","Chen:SelfConfidence"],"campfire_rested":1,"item_purchase_floors":[11,11],"current_hp_per_floor":[55,55,55,55,55,55,55,55,55,27,27,46,41,41,41,29,56,56,56,46,46,47,47,24,0,0],"gold":59,"neow_bonus":"HUNDRED_GOLD","is_daily":false,"chose_seed":false,"campfire_upgraded":4,"win_rate":0.0,"timestamp":1609571581,"path_taken":["M","?","?","?","M","R","M","R","T","?","$","R","M","?","R","BOSS","M","COS","M","?","?","R","M","E"],"items_purchased_type":["Card","Card"],"build_version":"2020-12-22","purchased_purges":0,"victory":false,"max_hp_per_floor":[65,65,65,65,65,65,65,65,65,65,65,65,65,65,65,65,65,65,65,65,65,65,65,65,65,65],"card_choices":[{"not_picked":["Chen:Instinct","Chen:Scratch"],"picked":"Chen:SurpriseAttack","floor":1},{"not_picked":["Chen:Tear","Chen:Adaptability"],"picked":"Chen:Kimontonkou","floor":5},{"not_picked":["Chen:Barrier","Chen:Sidestep"],"picked":"Chen:Catseye","floor":7},{"not_picked":["Chen:SurpriseAttack","Chen:SelfConfidence"],"picked":"Chen:StudySharpen","floor":13},{"not_picked":["Chen:Sidestep","Chen:FinalSpellCard"],"picked":"Chen:Panic","floor":14},{"not_picked":["Chen:Stability","Chen:DazzleFlash"],"picked":"Chen:Clarity","floor":16},{"not_picked":["Chen:Sweep","Chen:StudySharpen","Chen:Honk"],"picked":"SKIP","floor":18},{"not_picked":["Chen:FollowUp","Chen:Sneak","Chen:Assault"],"picked":"SKIP","floor":20},{"not_picked":["Chen:Flit","Chen:Instinct","Chen:Tear"],"picked":"SKIP","floor":24},{"not_picked":["Chen:Flit","Chen:Instinct","Chen:Tear"],"picked":"SKIP","floor":24}],"player_experience":1667719,"relics_obtained":[{"floor":9,"key":"Guardian:PocketSentry"}],"event_choices":[{"damage_healed":0,"gold_gain":0,"player_choice":"UP RE ","damage_taken":32,"relics_obtained":["Replay:Wax Seal"],"max_hp_gain":0,"max_hp_loss":0,"event_name":"betterSkull:BetterSkull","floor":10,"gold_loss":0,"cards_upgraded":["Chen:Catseye"]},{"damage_healed":1,"gold_gain":0,"player_choice":"LEAVE ","damage_taken":0,"relics_obtained":[],"max_hp_gain":0,"max_hp_loss":0,"event_name":"betterSkull:BetterSkull","floor":22,"gold_loss":0,"cards_upgraded":[]}],"is_beta":false,"boss_relics":[{"not_picked":["vexMod:FluxCapacitor","hubris:ScarierMask"],"picked":"energizedSpire:CursedPentagram"}],"items_purged_floors":[],"is_endless":false,"potions_floor_spawned":[7,16,20,24],"killed_by":"Gensokyo:Koishi","ascension_level":19}}