{"host":"82vjcvwyw2j7afb1","time":1609596960,"event":{"mods":["BaseMod","Colored Map","DeckTracker","Keyboard Shortcuts","Minty Spire (QoL Compilation)","Permanent Neow","Quick Restart","StSLib","SuperFastMode","everything is the same but u backflip on backflip"],"gold_per_floor":[115,9,9,26,26,26,51,51,75,118,130,167,196,208,220,333,345,371,399,421,433,459,471,516,547,559,571,598,623,635,647,659,671,671],"floor_reached":33,"playtime":1344,"items_purged":[],"score":357,"play_id":"6accadda-f2d6-462c-aa1c-15fe83afa8ba","local_time":"20210102231600","is_ascension_mode":true,"campfire_choices":[{"data":"Bash","floor":6.0,"key":"SMITH"},{"data":"Seeing Red","floor":8.0,"key":"SMITH"},{"data":"Heavy Blade","floor":15.0,"key":"SMITH"},{"floor":23.0,"key":"REST"},{"floor":27,"key":"REST"},{"floor":30,"key":"REST"},{"floor":32,"key":"REST"}],"circlet_count":0,"master_deck":["Strike_R","Strike_R","Strike_R","Strike_R","Strike_R","Defend_R","Defend_R","Defend_R","Defend_R","Bash+1","Armaments","Seeing Red+1","Pummel","Impatience","Flex","Perfected Strike","Spot Weakness","Flex","Heavy Blade+1","Parasite","Battle Trance+1","Twin Strike+1","Flex","Bloodletting+1"],"relics":["Burning Blood","NeowsBlessing","Lizard Tail","MawBank","Bag of Preparation","Busted Crown","Nloth\u0027s Gift","Oddly Smooth Stone","Bronze Scales","MutagenicStrength"],"acts_visited":["Exordium","TheCity"],"potions_floor_usage":[28,33],"damage_taken":[{"damage":0.0,"enemies":"2 Louse","floor":1.0,"turns":1.0},{"damage":0.0,"enemies":"Cultist","floor":4.0,"turns":1.0},{"damage":0.0,"enemies":"3 Sentries","floor":7.0,"turns":2.0},{"damage":17.0,"enemies":"Lagavulin","floor":10.0,"turns":7.0},{"damage":20.0,"enemies":"3 Sentries","floor":12.0,"turns":5.0},{"damage":6.0,"enemies":"Small Slimes","floor":13.0,"turns":3.0},{"damage":10.0,"enemies":"Slime Boss","floor":16.0,"turns":7.0},{"damage":27.0,"enemies":"Spheric Guardian","floor":18.0,"turns":4.0},{"damage":4.0,"enemies":"3 Byrds","floor":19.0,"turns":4.0},{"damage":27.0,"enemies":"Snecko","floor":20.0,"turns":4.0},{"damage":53.0,"enemies":"Centurion and Healer","floor":22.0,"turns":7.0},{"damage":53.0,"enemies":"Slavers","floor":24.0,"turns":5.0},{"damage":6,"enemies":"Cultist and Chosen","floor":25,"turns":4},{"damage":16,"enemies":"3 Cultists","floor":28,"turns":4},{"damage":37,"enemies":"Shelled Parasite and Fungi","floor":29,"turns":4},{"damage":70,"enemies":"Automaton","floor":33,"turns":6}],"seed_played":"4504176048452115350","potions_obtained":[{"floor":4.0,"key":"Fire Potion"},{"floor":13.0,"key":"SkillPotion"},{"floor":16.0,"key":"BloodPotion"},{"floor":18.0,"key":"SkillPotion"},{"floor":19.0,"key":"Weak Potion"},{"floor":24.0,"key":"ElixirPotion"},{"floor":25,"key":"Explosive Potion"}],"is_trial":false,"path_per_floor":["M","$","?","M","$","R","E","R","T","E","$","E","M","?","R","B",null,"M","M","M","?","M","R","E","M","T","R","M","M","R","?","R","B"],"character_chosen":"IRONCLAD","items_purchased":["Seeing Red","Pummel"],"campfire_rested":4,"item_purchase_floors":[2,2],"current_hp_per_floor":[80,80,80,80,80,80,80,80,80,69,69,55,55,75,75,71,80,59,61,40,40,9,33,30,30,30,54,44,13,37,37,61,0,0],"gold":671,"neow_bonus":"THREE_ENEMY_KILL","is_daily":false,"chose_seed":false,"campfire_upgraded":3,"win_rate":0.0,"timestamp":1609596960,"path_taken":["M","$","?","M","?","R","E","R","T","E","$","E","M","?","R","BOSS","M","M","M","?","M","R","E","?","T","R","M","M","R","?","R","BOSS"],"items_purchased_type":["Card","Card"],"build_version":"2020-12-22","purchased_purges":0,"victory":false,"max_hp_per_floor":[80,80,80,80,80,80,80,80,80,80,80,80,80,80,80,80,80,80,80,80,80,80,80,80,80,80,80,80,80,80,80,80,80,80],"card_choices":[{"not_picked":["Body Slam","True Grit"],"picked":"Armaments","floor":1.0},{"not_picked":["Sword Boomerang","Brutality"],"picked":"Flex","floor":4.0},{"not_picked":["Uppercut","Rage"],"picked":"Perfected Strike","floor":7.0},{"not_picked":["Cleave","Shrug It Off"],"picked":"Spot Weakness","floor":10.0},{"not_picked":["Second Wind","Sword Boomerang"],"picked":"Flex","floor":12.0},{"not_picked":["Reckless Charge","Thunderclap"],"picked":"Heavy Blade","floor":13.0},{"not_picked":["Feel No Pain"],"picked":"SKIP","floor":18.0},{"not_picked":[],"picked":"Battle Trance+1","floor":19.0},{"not_picked":[],"picked":"Twin Strike+1","floor":20.0},{"not_picked":["Iron Wave"],"picked":"SKIP","floor":22.0},{"not_picked":[],"picked":"Flex","floor":24.0},{"not_picked":["Havoc"],"picked":"SKIP","floor":25},{"not_picked":[],"picked":"Bloodletting+1","floor":28},{"not_picked":["Clothesline"],"picked":"SKIP","floor":29}],"player_experience":45583,"relics_obtained":[{"floor":7.0,"key":"Lizard Tail"},{"floor":9.0,"key":"MawBank"},{"floor":10.0,"key":"Bag of Preparation"},{"floor":12.0,"key":"Potion Belt"},{"floor":24.0,"key":"Oddly Smooth Stone"},{"floor":26,"key":"Bronze Scales"}],"event_choices":[{"damage_healed":0.0,"max_hp_gain":0.0,"max_hp_loss":0.0,"gold_gain":0.0,"event_name":"Match and Keep!","player_choice":"1 cards matched","floor":3.0,"gold_loss":0.0,"damage_taken":0.0,"cards_obtained":["Impatience"]},{"damage_healed":20.0,"max_hp_gain":0.0,"max_hp_loss":0.0,"gold_gain":0.0,"event_name":"Mushrooms","player_choice":"Healed and dodged fight","floor":14.0,"gold_loss":0.0,"damage_taken":0.0,"cards_obtained":["Parasite"]},{"damage_healed":0.0,"max_hp_gain":0.0,"max_hp_loss":0.0,"gold_gain":0.0,"event_name":"N\u0027loth","player_choice":"Traded Relic","floor":21.0,"relics_lost":["Potion Belt"],"gold_loss":0.0,"damage_taken":0.0,"relics_obtained":["Nloth\u0027s Gift"]},{"damage_healed":0,"gold_gain":0,"player_choice":"Inject Mutagens","damage_taken":0,"relics_obtained":["MutagenicStrength"],"max_hp_gain":0,"max_hp_loss":0,"event_name":"Drug Dealer","floor":31,"gold_loss":0}],"is_beta":false,"boss_relics":[{"not_picked":["Snecko Eye","Sozu"],"picked":"Busted Crown"}],"items_purged_floors":[],"is_endless":false,"potions_floor_spawned":[4,13,16,18,19,24,25],"killed_by":"Automaton","ascension_level":3}}