{"host":"utqe55yv0jihe4d6","time":1609622237,"event":{"mods":["2.2 Compatiblity","AchievementEnabler","BaseMod","Block Reminder","Colored Map","Colored Powertips","Minty Spire (QoL Compilation)","Quick Restart","Rare Cards Sparkle","Relic Stats","SuperFastMode"],"gold_per_floor":[13,13,13,13,24,24,56,56,56,89,107,126,126,161,161,233,233,253,10,10,28,41,72,72,90,90,115,215,230,240,273,273,347,347,360,360,373,386,402,436,436,462,462,462,462,494,507,532,532,532,532,532,532,87,119,119,119],"floor_reached":56,"playtime":2273,"items_purged":["Strike_R","Strike_R"],"score":2365,"play_id":"b4128d0c-1350-4ca6-96cd-c259e4dd90ec","local_time":"20210102161717","is_ascension_mode":true,"campfire_choices":[{"data":"Whirlwind","floor":6.0,"key":"SMITH"},{"data":"Sword Boomerang","floor":8.0,"key":"SMITH"},{"data":"Heavy Blade","floor":15.0,"key":"SMITH"},{"data":"Spot Weakness","floor":24.0,"key":"SMITH"},{"data":"Bash","floor":32.0,"key":"SMITH"},{"data":"Demon Form","floor":41.0,"key":"SMITH"},{"floor":49,"key":"RECALL"},{"data":"Double Tap","floor":53,"key":"SMITH"}],"circlet_count":0,"master_deck":["AscendersBane","Strike_R","Defend_R","Defend_R","Defend_R","Defend_R","Bash+1","Whirlwind+1","Sword Boomerang+1","Spot Weakness+1","Inflame","Heavy Blade+1","Double Tap+1","Flame Barrier","Dual Wield","Impervious","Pommel Strike","Offering","Dark Embrace","Evolve","Demon Form+1","Dark Shackles","Pommel Strike+1","Uppercut+1","Reaper","Inflame","Dual Wield","Heavy Blade","Evolve+1"],"relics":["Burning Blood","TungstenRod","Blue Candle","Ginger","Bag of Marbles","Orichalcum","Sozu","Vajra","InkBottle","Pear","Anchor","Magic Flower","Mummified Hand","Shuriken","Black Star","Juzu Bracelet","Strawberry","Singing Bowl","Kunai","Letter Opener","Happy Flower","Bag of Preparation","PreservedInsect","Chemical X","Bird Faced Urn","Bottled Flame"],"acts_visited":["Exordium","TheCity","TheBeyond","TheEnding"],"potions_floor_usage":[55],"damage_taken":[{"damage":6.0,"enemies":"Jaw Worm","floor":1.0,"turns":6.0},{"damage":3.0,"enemies":"Small Slimes","floor":5.0,"turns":4.0},{"damage":7.0,"enemies":"Gremlin Nob","floor":7.0,"turns":3.0},{"damage":28.0,"enemies":"Lagavulin","floor":10.0,"turns":6.0},{"damage":0.0,"enemies":"2 Louse","floor":11.0,"turns":2.0},{"damage":5.0,"enemies":"Lots of Slimes","floor":12.0,"turns":3.0},{"damage":7.0,"enemies":"Gremlin Nob","floor":14.0,"turns":3.0},{"damage":37.0,"enemies":"The Guardian","floor":16.0,"turns":10.0},{"damage":0.0,"enemies":"3 Byrds","floor":18.0,"turns":3.0},{"damage":0.0,"enemies":"Spheric Guardian","floor":21.0,"turns":2.0},{"damage":0.0,"enemies":"Centurion and Healer","floor":22.0,"turns":5.0},{"damage":16.0,"enemies":"Gremlin Leader","floor":23.0,"turns":5.0},{"damage":0.0,"enemies":"Snake Plant","floor":25.0,"turns":2.0},{"damage":12.0,"enemies":"Book of Stabbing","floor":27.0,"turns":3.0},{"damage":2.0,"enemies":"Colosseum Slavers","floor":28.0,"turns":2.0},{"damage":0.0,"enemies":"Colosseum Nobs","floor":28.0,"turns":3.0},{"damage":5.0,"enemies":"Cultist and Chosen","floor":29.0,"turns":3.0},{"damage":16.0,"enemies":"Snecko","floor":30.0,"turns":3.0},{"damage":26.0,"enemies":"Gremlin Leader","floor":31.0,"turns":4.0},{"damage":5.0,"enemies":"Champ","floor":33.0,"turns":5.0},{"damage":14.0,"enemies":"Orb Walker","floor":35.0,"turns":3.0},{"damage":13.0,"enemies":"3 Darklings","floor":37.0,"turns":4.0},{"damage":5.0,"enemies":"Jaw Worm Horde","floor":38.0,"turns":3.0},{"damage":15.0,"enemies":"Writhing Mass","floor":39.0,"turns":5.0},{"damage":5.0,"enemies":"Reptomancer","floor":40.0,"turns":3.0},{"damage":14,"enemies":"Giant Head","floor":42,"turns":5},{"damage":39,"enemies":"Nemesis","floor":46,"turns":3},{"damage":17,"enemies":"Sphere and 2 Shapes","floor":47,"turns":5},{"damage":5,"enemies":"Giant Head","floor":48,"turns":4},{"damage":38,"enemies":"Time Eater","floor":50,"turns":6},{"damage":93,"enemies":"Awakened One","floor":51,"turns":9},{"damage":6,"enemies":"Shield and Spear","floor":55,"turns":4},{"damage":117,"enemies":"The Heart","floor":56,"turns":5}],"seed_played":"-8779090349673388411","potions_obtained":[{"floor":1.0,"key":"Fire Potion"},{"floor":10.0,"key":"Block Potion"},{"floor":16.0,"key":"FearPotion"}],"is_trial":false,"path_per_floor":["M","?","?","$","M","R","E","R","T","E","M","M","?","E","R","B",null,"M","$","?","M","M","E","R","M","T","E","?","M","M","E","R","B",null,"M","?","M","M","M","E","R","E","T","?","?","E","M","E","R","B","B",null,"R","$","E","B"],"character_chosen":"IRONCLAD","items_purchased":["Vajra","Inflame","Dual Wield","Heavy Blade","Chemical X"],"campfire_rested":0,"item_purchase_floors":[19,54,54,54,54],"current_hp_per_floor":[68,68,62,62,65,65,64,64,64,42,48,49,49,48,48,17,61,67,67,67,73,75,65,65,71,81,75,85,85,78,61,61,65,80,75,66,62,66,60,71,71,66,66,66,66,38,94,98,98,98,79,93,93,93,98,0,0],"gold":119,"neow_bonus":"ONE_RARE_RELIC","is_daily":false,"chose_seed":false,"campfire_upgraded":7,"win_rate":0.0,"timestamp":1609622237,"path_taken":["M","?","?","?","M","R","E","R","T","E","?","M","?","E","R","BOSS","M","$","?","M","M","E","R","?","T","E","?","M","M","E","R","BOSS","M","?","M","M","M","E","R","E","T","?","?","E","M","E","R","BOSS","BOSS","R","$","E","BOSS"],"items_purchased_type":["Relic","Card","Card","Card","Relic"],"build_version":"2020-12-22","purchased_purges":2,"victory":false,"max_hp_per_floor":[75,75,75,75,75,75,75,75,75,75,75,75,75,75,75,75,75,75,75,75,75,75,75,75,75,85,85,85,85,85,85,85,85,85,85,85,85,85,85,92,92,92,92,92,92,94,96,98,98,98,98,98,98,98,98,98,98],"relic_stats":{"Singing Bowl":6,"Happy Flower":[11],"counters":[33,136],"Blue Candle":[0],"Magic Flower":[100],"PreservedInsect":77,"Juzu Bracelet":1,"Bag of Preparation":[8],"Ginger":[19],"Letter Opener":[25],"Orichalcum":[216],"Burning Blood":212,"Sozu":8,"Mummified Hand":[96],"Shuriken":[19],"Bird Faced Urn":[18],"Black Star":5,"Kunai":[11],"Chemical X":[4],"obtain_stats":[{"Singing Bowl":42,"Vajra":19,"Magic Flower":28,"Juzu Bracelet":40,"Bag of Preparation":48,"Ginger":9,"Burning Blood":0,"Sozu":17,"Mummified Hand":28,"Strawberry":40,"Kunai":42,"Chemical X":54,"InkBottle":23,"Pear":26,"Happy Flower":46,"Blue Candle":7,"PreservedInsect":48,"Letter Opener":46,"Orichalcum":14,"Anchor":27,"Bottled Flame":55,"Shuriken":31,"Bird Faced Urn":55,"Bag of Marbles":10,"Black Star":34,"TungstenRod":0},{"Singing Bowl":26,"Vajra":9,"Magic Flower":16,"Juzu Bracelet":25,"Bag of Preparation":29,"Ginger":3,"Burning Blood":0,"Sozu":8,"Mummified Hand":16,"Strawberry":25,"Kunai":26,"Chemical X":31,"InkBottle":12,"Pear":13,"Happy Flower":27,"Blue Candle":3,"PreservedInsect":29,"Letter Opener":27,"Orichalcum":7,"Anchor":14,"Bottled Flame":32,"Shuriken":19,"Bird Faced Urn":32,"Bag of Marbles":4,"Black Star":20,"TungstenRod":0},{"Singing Bowl":100,"Vajra":40,"Magic Flower":62,"Juzu Bracelet":95,"Bag of Preparation":112,"Ginger":13,"Burning Blood":0,"Sozu":37,"Mummified Hand":62,"Strawberry":95,"Kunai":100,"Chemical X":127,"InkBottle":52,"Pear":54,"Happy Flower":103,"Blue Candle":13,"PreservedInsect":112,"Letter Opener":103,"Orichalcum":27,"Anchor":57,"Bottled Flame":131,"Shuriken":72,"Bird Faced Urn":131,"Bag of Marbles":19,"Black Star":77,"TungstenRod":0}],"TungstenRod":123,"InkBottle":[32]},"card_choices":[{"not_picked":["Clothesline","Perfected Strike"],"picked":"Inflame","floor":1.0},{"not_picked":["Cleave","Headbutt"],"picked":"Whirlwind","floor":5.0},{"not_picked":["Metallicize","Thunderclap"],"picked":"Sword Boomerang","floor":7.0},{"not_picked":["Battle Trance","Infernal Blade"],"picked":"Spot Weakness","floor":10.0},{"not_picked":["Rampage","Armaments","Headbutt"],"picked":"SKIP","floor":11.0},{"not_picked":["Hemokinesis","Wild Strike"],"picked":"Inflame","floor":12.0},{"not_picked":["Twin Strike","Double Tap"],"picked":"Heavy Blade","floor":14.0},{"not_picked":["Brutality","Fiend Fire"],"picked":"Double Tap","floor":16.0},{"not_picked":["Pommel Strike","Wild Strike"],"picked":"Flame Barrier","floor":18.0},{"not_picked":["Heavy Blade","Warcry"],"picked":"Impervious","floor":21.0},{"not_picked":["Infernal Blade","Spot Weakness+1","Thunderclap"],"picked":"SKIP","floor":22.0},{"not_picked":["Rage","Clash+1","Second Wind"],"picked":"SKIP","floor":23.0},{"not_picked":["Flex","Thunderclap"],"picked":"Pommel Strike","floor":25.0},{"not_picked":["Combust","Limit Break"],"picked":"Offering","floor":27.0},{"not_picked":["Warcry+1","Armaments"],"picked":"Dark Embrace","floor":28.0},{"not_picked":["Headbutt","Dual Wield+1"],"picked":"Evolve","floor":29.0},{"not_picked":["Thunderclap","Heavy Blade","Armaments"],"picked":"SKIP","floor":30.0},{"not_picked":["Double Tap","Hemokinesis+1","Spot Weakness"],"picked":"SKIP","floor":31.0},{"not_picked":["Limit Break","Berserk"],"picked":"Demon Form","floor":33.0},{"not_picked":["Infernal Blade","Thunderclap","Combust+1"],"picked":"SKIP","floor":35.0},{"not_picked":["Blind","Trip"],"picked":"Dark Shackles","floor":36.0},{"not_picked":["Iron Wave+1","Sword Boomerang"],"picked":"Pommel Strike+1","floor":37.0},{"not_picked":["Thunderclap+1","Searing Blow","Iron Wave+1"],"picked":"SKIP","floor":38.0},{"not_picked":["Perfected Strike","Heavy Blade"],"picked":"Uppercut","floor":39.0},{"not_picked":["Entrench","Sword Boomerang","Combust"],"picked":"SKIP","floor":40.0},{"not_picked":["Clothesline","Rampage"],"picked":"Reaper","floor":42},{"not_picked":["Wild Strike+1","Flex","Metallicize"],"picked":"Singing Bowl","floor":46},{"not_picked":["Hemokinesis+1","Thunderclap","Pommel Strike"],"picked":"Singing Bowl","floor":47},{"not_picked":["Warcry","Combust","Anger+1"],"picked":"Singing Bowl","floor":48},{"not_picked":["Sever Soul+1","Dark Embrace"],"picked":"Evolve+1","floor":55}],"player_experience":2916074,"relics_obtained":[{"floor":7.0,"key":"Blue Candle"},{"floor":9.0,"key":"Ginger"},{"floor":10.0,"key":"Bag of Marbles"},{"floor":14.0,"key":"Orichalcum"},{"floor":23.0,"key":"InkBottle"},{"floor":26.0,"key":"Pear"},{"floor":27.0,"key":"Anchor"},{"floor":28.0,"key":"Magic Flower"},{"floor":28.0,"key":"Mummified Hand"},{"floor":31.0,"key":"Shuriken"},{"floor":40.0,"key":"Juzu Bracelet"},{"floor":40.0,"key":"Strawberry"},{"floor":42,"key":"Singing Bowl"},{"floor":42,"key":"Kunai"},{"floor":46,"key":"Letter Opener"},{"floor":46,"key":"Happy Flower"},{"floor":48,"key":"Bag of Preparation"},{"floor":48,"key":"PreservedInsect"},{"floor":55,"key":"Bird Faced Urn"},{"floor":55,"key":"Bottled Flame"}],"event_choices":[{"damage_healed":0.0,"max_hp_gain":0.0,"max_hp_loss":0.0,"gold_gain":0.0,"event_name":"Living Wall","player_choice":"Grow","floor":2.0,"gold_loss":0.0,"damage_taken":0.0,"cards_upgraded":["Inflame"]},{"cards_removed":["Strike_R"],"damage_healed":0.0,"max_hp_gain":0.0,"max_hp_loss":0.0,"gold_gain":0.0,"event_name":"Golden Wing","player_choice":"Card Removal","floor":3.0,"gold_loss":0.0,"damage_taken":7.0},{"damage_healed":0.0,"max_hp_gain":0.0,"max_hp_loss":0.0,"gold_gain":0.0,"event_name":"Liars Game","player_choice":"Ignored","floor":13.0,"gold_loss":0.0,"damage_taken":0.0},{"damage_healed":0.0,"max_hp_gain":0.0,"max_hp_loss":0.0,"gold_gain":0.0,"cards_transformed":["Strike_R"],"event_name":"Transmorgrifier","player_choice":"Transformed","floor":20.0,"gold_loss":0.0,"damage_taken":0.0,"cards_obtained":["Dual Wield"]},{"damage_healed":0.0,"max_hp_gain":0.0,"max_hp_loss":0.0,"gold_gain":0.0,"event_name":"Colosseum","player_choice":"Fight","floor":28.0,"gold_loss":0.0,"damage_taken":0.0},{"damage_healed":0.0,"max_hp_gain":0.0,"max_hp_loss":0.0,"gold_gain":0.0,"event_name":"Colosseum","player_choice":"Fought Nobs","floor":28.0,"gold_loss":0.0,"damage_taken":0.0},{"damage_healed":0.0,"max_hp_gain":0.0,"max_hp_loss":0.0,"gold_gain":0.0,"event_name":"SensoryStone","player_choice":"Memory 3","floor":36.0,"gold_loss":0.0,"damage_taken":10.0},{"damage_healed":0,"gold_gain":0,"player_choice":"Forge","damage_taken":0,"max_hp_gain":0,"max_hp_loss":0,"event_name":"Accursed Blacksmith","floor":44,"gold_loss":0,"cards_upgraded":["Uppercut"]},{"cards_removed":["Inflame"],"damage_healed":0,"gold_gain":0,"player_choice":"Removed Power","damage_taken":0,"max_hp_gain":0,"max_hp_loss":0,"event_name":"Falling","floor":45,"gold_loss":0}],"is_beta":false,"boss_relics":[{"not_picked":["Runic Cube","Fusion Hammer"],"picked":"Sozu"},{"not_picked":["Black Blood","Coffee Dripper"],"picked":"Black Star"}],"items_purged_floors":[19,54],"is_endless":false,"potions_floor_spawned":[1,10,16,22,25,29,30,31,37,38,40],"killed_by":"The Heart","ascension_level":20}}