{"host":"oiai0qxasotny765","time":1609613841,"event":{"mods":["2.2 Compatiblity","AchievementEnabler","BaseMod","Colored Map","Minty Spire (QoL Compilation)","Permanent Neow","Relic Stats","StSLib","SuperFastMode","everything is the same but u backflip on backflip"],"gold_per_floor":[20,20,30,30,30,30,55,71,125,135,164,15,45,56,56,159,159,176,101,26,37,55,55,82,36,62,72,84,99,99,115,115,217,217,234,134,134,9,9,339,339,368,368,416,67,98,108,124,124,124],"floor_reached":51,"playtime":1729,"items_purged":["Regret","Headbutt","Inflame","Intimidate"],"score":1377,"play_id":"957c2574-757f-4bda-9c54-2aa43bfff6f1","local_time":"20210103035721","is_ascension_mode":true,"campfire_choices":[{"data":"Uppercut","floor":6,"key":"SMITH"},{"data":"Body Slam","floor":15,"key":"SMITH"},{"data":"Offering","floor":23,"key":"SMITH"},{"data":"Exhume","floor":32,"key":"SMITH"},{"data":"Evolve","floor":41,"key":"SMITH"},{"data":"Feel No Pain","floor":49,"key":"SMITH"}],"circlet_count":0,"master_deck":["AscendersBane","Uppercut+1","Feel No Pain","Fire Breathing","Second Wind+1","Impervious","Shockwave","Seeing Red","Body Slam+1","Offering+1","Fire Breathing","Feel No Pain+1","Exhume+1","Dropkick+1","Evolve+1","Shrug It Off+1","Power Through","Battle Trance","Flash of Steel"],"relics":["Burning Blood","Bird Faced Urn","Dream Catcher","Orichalcum","Potion Belt","CaptainsWheel","TheAbacus","Self Forming Clay","Pandora\u0027s Box","Matryoshka","Eternal Feather","MealTicket","Mark of Pain","Old Coin","Whetstone","Toy Ornithopter","Paper Frog","Prayer Wheel","PrismaticShard","War Paint"],"acts_visited":["Exordium","TheCity","TheBeyond"],"potions_floor_usage":[22,28,33,33,50],"damage_taken":[{"damage":19.0,"enemies":"Jaw Worm","floor":1.0,"turns":6.0},{"damage":6.0,"enemies":"2 Louse","floor":3.0,"turns":3.0},{"damage":2,"enemies":"Cultist","floor":8,"turns":3},{"damage":2,"enemies":"Looter","floor":10,"turns":3},{"damage":12,"enemies":"3 Sentries","floor":11,"turns":6},{"damage":10,"enemies":"Gremlin Nob","floor":13,"turns":5},{"damage":11,"enemies":"3 Louse","floor":14,"turns":3},{"damage":40,"enemies":"Hexaghost","floor":16,"turns":10},{"damage":5,"enemies":"Chosen","floor":18,"turns":4},{"damage":23,"enemies":"3 Byrds","floor":21,"turns":6},{"damage":15,"enemies":"Shelled Parasite and Fungi","floor":22,"turns":4},{"damage":26,"enemies":"Gremlin Leader","floor":24,"turns":4},{"damage":30,"enemies":"Snake Plant","floor":27,"turns":2},{"damage":11,"enemies":"Chosen and Byrds","floor":28,"turns":6},{"damage":14,"enemies":"Snecko","floor":29,"turns":5},{"damage":12,"enemies":"Snake Plant","floor":31,"turns":3},{"damage":27,"enemies":"Automaton","floor":33,"turns":6},{"damage":12,"enemies":"3 Darklings","floor":35,"turns":3},{"damage":12,"enemies":"Nemesis","floor":40,"turns":6},{"damage":22,"enemies":"Giant Head","floor":42,"turns":3},{"damage":12,"enemies":"2 Orb Walkers","floor":44,"turns":2},{"damage":12,"enemies":"Nemesis","floor":46,"turns":3},{"damage":12,"enemies":"Orb Walker","floor":47,"turns":2},{"damage":12,"enemies":"4 Shapes","floor":48,"turns":2},{"damage":12,"enemies":"Donu and Deca","floor":50,"turns":4}],"seed_played":"-961842352582432474","potions_obtained":[{"floor":11,"key":"Block Potion"},{"floor":13,"key":"Explosive Potion"},{"floor":16,"key":"Fire Potion"},{"floor":18,"key":"Explosive Potion"},{"floor":21,"key":"BloodPotion"},{"floor":22,"key":"BloodPotion"},{"floor":28,"key":"AttackPotion"},{"floor":31,"key":"EntropicBrew"},{"floor":35,"key":"Strength Potion"},{"floor":48,"key":"GamblersBrew"}],"is_trial":false,"path_per_floor":["M","?","M","T","?","R","T","M","T","M","E","$","E","M","R","B",null,"M","$","?","M","M","R","E","$","T","M","M","M","$","M","R","B",null,"M","$","?","$","?","E","R","E","T","?","$","E","M","M","R","B",null],"character_chosen":"IRONCLAD","items_purchased":["TheAbacus","Shrug It Off","Swift Potion","PrismaticShard"],"campfire_rested":0,"item_purchase_floors":[12,25,45,45],"current_hp_per_floor":[59,59,59,59,59,59,59,67,67,73,71,71,67,66,66,36,69,74,74,74,65,68,68,58,58,58,46,67,71,80,80,80,61,75,80,80,80,80,76,74,76,64,64,68,76,76,76,76,76,76],"gold":124,"neow_bonus":"REMOVE_TWO","is_daily":false,"chose_seed":false,"campfire_upgraded":6,"win_rate":0.0,"timestamp":1609613841,"path_taken":["M","?","M","?","?","R","?","M","T","?","E","?","E","M","R","BOSS","M","$","?","M","M","R","E","$","T","M","M","M","$","M","R","BOSS","M","$","?","$","?","E","R","E","T","?","$","E","M","M","R","BOSS"],"items_purchased_type":["Relic","Card","Potion","Relic"],"build_version":"2020-12-22","purchased_purges":4,"victory":true,"max_hp_per_floor":[80,80,80,80,80,80,80,80,80,80,80,80,80,80,80,80,80,80,80,80,80,80,80,80,80,80,80,80,80,80,80,80,80,80,80,80,80,80,76,76,76,76,76,76,76,76,76,76,76,76],"relic_stats":{"counters":[25,104],"Self Forming Clay":[168],"Eternal Feather":2,"Whetstone":["Dropkick"],"Orichalcum":[90],"War Paint":["Shrug It Off","Second Wind"],"Burning Blood":150,"Dream Catcher":0,"TheAbacus":[264],"Bird Faced Urn":[147],"Pandora\u0027s Box":["Fire Breathing","Intimidate","Inflame","Feel No Pain","Exhume","Headbutt"],"MealTicket":17,"Prayer Wheel":2,"obtain_stats":[{"Potion Belt":9,"Self Forming Clay":13,"Eternal Feather":26,"Whetstone":42,"Orichalcum":7,"War Paint":46,"PrismaticShard":45,"Burning Blood":0,"Old Coin":40,"Dream Catcher":5,"CaptainsWheel":11,"TheAbacus":12,"Matryoshka":24,"Bird Faced Urn":4,"Pandora\u0027s Box":17,"MealTicket":26,"Prayer Wheel":44,"Mark of Pain":34,"Toy Ornithopter":43,"Paper Frog":43},{"Potion Belt":3,"Self Forming Clay":6,"Eternal Feather":12,"Whetstone":20,"Orichalcum":2,"War Paint":22,"PrismaticShard":21,"Burning Blood":0,"Old Coin":19,"Dream Catcher":2,"CaptainsWheel":5,"TheAbacus":5,"Matryoshka":12,"Bird Faced Urn":2,"Pandora\u0027s Box":8,"MealTicket":12,"Prayer Wheel":21,"Mark of Pain":17,"Toy Ornithopter":20,"Paper Frog":20},{"Potion Belt":12,"Self Forming Clay":26,"Eternal Feather":57,"Whetstone":91,"Orichalcum":9,"War Paint":96,"PrismaticShard":93,"Burning Blood":0,"Old Coin":88,"Dream Catcher":9,"CaptainsWheel":21,"TheAbacus":21,"Matryoshka":57,"Bird Faced Urn":9,"Pandora\u0027s Box":39,"MealTicket":57,"Prayer Wheel":93,"Mark of Pain":79,"Toy Ornithopter":91,"Paper Frog":91}],"Toy Ornithopter":0},"card_choices":[{"not_picked":["Wild Strike","Headbutt"],"picked":"Uppercut","floor":1.0},{"not_picked":["Feel No Pain","Metallicize"],"picked":"Fire Breathing","floor":3.0},{"not_picked":["Warcry","Pommel Strike"],"picked":"Second Wind","floor":8},{"not_picked":["Clash","Second Wind"],"picked":"Impervious","floor":10},{"not_picked":["Heavy Blade","Uppercut"],"picked":"Shockwave","floor":11},{"not_picked":["Rage","Cleave"],"picked":"Seeing Red","floor":13},{"not_picked":["Shrug It Off","Clash"],"picked":"Body Slam","floor":14},{"not_picked":["Demon Form","Reaper"],"picked":"Offering","floor":16},{"not_picked":["Havoc","Ghostly Armor"],"picked":"Dropkick","floor":18},{"not_picked":["Body Slam","Warcry"],"picked":"Evolve","floor":21},{"not_picked":["Sword Boomerang","Intimidate","Uppercut"],"picked":"SKIP","floor":22},{"not_picked":["Heavy Blade","Body Slam+1","Second Wind"],"picked":"SKIP","floor":24},{"not_picked":["Hemokinesis","Uppercut"],"picked":"Power Through","floor":27},{"not_picked":["Shockwave","Spot Weakness","Heavy Blade"],"picked":"SKIP","floor":28},{"not_picked":["Armaments","Anger","Heavy Blade"],"picked":"SKIP","floor":29},{"not_picked":["Twin Strike","Berserk","Wild Strike"],"picked":"SKIP","floor":31},{"not_picked":["True Grit+1","Rampage","Cleave+1"],"picked":"SKIP","floor":35},{"not_picked":["Perfected Strike","Dual Wield+1","Flex+1"],"picked":"SKIP","floor":40},{"not_picked":["Headbutt+1","Iron Wave"],"picked":"Battle Trance","floor":42},{"not_picked":["CutThroughFate+1","Leg Sweep+1","White Noise"],"picked":"SKIP","floor":46},{"not_picked":["Prostrate+1","Consecrate","Twin Strike"],"picked":"SKIP","floor":47},{"not_picked":["Streamline+1","The Bomb","White Noise"],"picked":"SKIP","floor":47},{"not_picked":["Turbo","Twin Strike"],"picked":"Flash of Steel","floor":48},{"not_picked":["Evaluate","Heatsinks","Sword Boomerang+1"],"picked":"SKIP","floor":48}],"player_experience":294106,"relics_obtained":[{"floor":4.0,"key":"Bird Faced Urn"},{"floor":7,"key":"Orichalcum"},{"floor":9,"key":"Potion Belt"},{"floor":11,"key":"CaptainsWheel"},{"floor":13,"key":"Self Forming Clay"},{"floor":24,"key":"Matryoshka"},{"floor":26,"key":"Eternal Feather"},{"floor":26,"key":"MealTicket"},{"floor":40,"key":"Old Coin"},{"floor":42,"key":"Whetstone"},{"floor":43,"key":"Toy Ornithopter"},{"floor":43,"key":"Paper Frog"},{"floor":44,"key":"Prayer Wheel"},{"floor":46,"key":"War Paint"}],"event_choices":[{"damage_healed":0.0,"max_hp_gain":0.0,"max_hp_loss":0.0,"gold_gain":0.0,"cards_transformed":["Strike_R"],"event_name":"Living Wall","player_choice":"Change","floor":2.0,"gold_loss":0.0,"damage_taken":0.0,"cards_obtained":["Feel No Pain"]},{"damage_healed":0,"gold_gain":0,"player_choice":"Box","damage_taken":0,"relics_obtained":["Dream Catcher"],"max_hp_gain":0,"max_hp_loss":0,"event_name":"Big Fish","floor":5,"gold_loss":0,"cards_obtained":["Regret"]},{"cards_removed":["Bash"],"damage_healed":0,"gold_gain":0,"player_choice":"Gave Gold","damage_taken":0,"max_hp_gain":0,"max_hp_loss":0,"event_name":"Beggar","floor":20,"gold_loss":75},{"damage_healed":0,"gold_gain":0,"player_choice":"Ignored","damage_taken":0,"max_hp_gain":0,"max_hp_loss":0,"event_name":"Tomb of Lord Red Mask","floor":37,"gold_loss":0},{"damage_healed":0,"gold_gain":0,"player_choice":"Max HP","damage_taken":0,"max_hp_gain":0,"max_hp_loss":4,"event_name":"Winding Halls","floor":39,"gold_loss":0},{"damage_healed":0,"gold_gain":0,"player_choice":"Fight","damage_taken":0,"max_hp_gain":0,"max_hp_loss":0,"event_name":"Mysterious Sphere","floor":44,"gold_loss":0}],"is_beta":false,"boss_relics":[{"not_picked":["Empty Cage","Cursed Key"],"picked":"Pandora\u0027s Box"},{"not_picked":["SlaversCollar","Black Star"],"picked":"Mark of Pain"}],"items_purged_floors":[19,36,38,45],"is_endless":false,"potions_floor_spawned":[11,13,16,18,21,22,28,31,35,47,48],"ascension_level":11}}