{"host":"i0avyit1s6jb1siw","time":1609606575,"event":{"mods":["BaseMod","DeckTracker","Dota2Spire","Highlight Path","Minty Spire (QoL Compilation)","Quick Restart","Replay The Spire","StSLib","SuperFastMode"],"gold_per_floor":[117,117,117,127,153,153,186,186,186,133,133,145,145,155,155,155,155],"floor_reached":16,"playtime":335,"items_purged":[],"score":196,"play_id":"45610baa-28fe-4beb-8178-b41158b1d88f","local_time":"20210102175615","is_ascension_mode":true,"campfire_choices":[{"floor":6,"key":"RECALL"},{"floor":8,"key":"REST"},{"floor":15,"key":"REST"}],"circlet_count":0,"master_deck":["AscendersBane","Strike_P","Strike_P","Strike_P","Strike_P","Defend_P","Defend_P","Defend_P","Defend_P","Eruption","Vigilance","MentalFortress","EmptyFist","TalkToTheHand","WheelKick"],"relics":["Fusion Hammer","Dota2Spire:PowerTreads","Ancient Tea Set","Toy Ornithopter","MealTicket"],"acts_visited":["Exordium"],"potions_floor_usage":[7],"damage_taken":[{"damage":7,"enemies":"2 Louse","floor":1,"turns":4},{"damage":0,"enemies":"Jaw Worm","floor":4,"turns":3},{"damage":33,"enemies":"Lagavulin","floor":7,"turns":9},{"damage":0,"enemies":"Cultist","floor":12,"turns":2},{"damage":22,"enemies":"Large Slime","floor":14,"turns":6},{"damage":35,"enemies":"Hexaghost","floor":16,"turns":9}],"seed_played":"7913784085020030985","potions_obtained":[{"floor":1,"key":"Dexterity Potion"},{"floor":4,"key":"Weak Potion"},{"floor":12,"key":"Strength Potion"}],"is_trial":false,"path_per_floor":["M","?","$","M","T","R","E","R","T","$","?","M","?","M","R","B"],"character_chosen":"WATCHER","items_purchased":["EmptyFist"],"campfire_rested":2,"item_purchase_floors":[10],"current_hp_per_floor":[54,54,54,54,54,54,21,41,41,41,36,36,36,14,34,0,0],"gold":155,"neow_bonus":"BOSS_RELIC","is_daily":false,"chose_seed":false,"campfire_upgraded":0,"win_rate":0.0,"timestamp":1609606575,"path_taken":["M","?","$","M","?","R","E","R","T","$","?","?","?","M","R","BOSS"],"items_purchased_type":["Card"],"build_version":"2020-12-22","purchased_purges":0,"victory":false,"max_hp_per_floor":[68,68,68,68,68,68,68,68,68,68,68,68,68,68,68,68,68],"card_choices":[{"not_picked":["EmptyMind","Replay:Vibes","Wallop"],"picked":"SKIP","floor":1},{"not_picked":["CutThroughFate","SashWhip"],"picked":"MentalFortress","floor":4},{"not_picked":["Worship","Protect","Prostrate"],"picked":"SKIP","floor":7},{"not_picked":["SignatureMove","FlyingSleeves","Perseverance"],"picked":"SKIP","floor":12},{"not_picked":["Vengeance","WindmillStrike"],"picked":"WheelKick","floor":14}],"player_experience":2163953,"relics_obtained":[{"floor":5,"key":"Dota2Spire:PowerTreads"},{"floor":7,"key":"Ancient Tea Set"},{"floor":9,"key":"Toy Ornithopter"}],"event_choices":[{"damage_healed":0,"gold_gain":0,"player_choice":"Success","damage_taken":5,"relics_obtained":["MealTicket"],"max_hp_gain":0,"max_hp_loss":0,"event_name":"Scrap Ooze","floor":11,"gold_loss":0},{"damage_healed":0,"gold_gain":0,"player_choice":"1 cards matched","damage_taken":0,"max_hp_gain":0,"max_hp_loss":0,"event_name":"Match and Keep!","floor":13,"gold_loss":0,"cards_obtained":["TalkToTheHand"]}],"is_beta":false,"boss_relics":[],"items_purged_floors":[],"is_endless":false,"potions_floor_spawned":[1,4,12,14],"killed_by":"Hexaghost","ascension_level":20}}