{"host":"37dk0reb6x0du8wx","time":1609607092,"event":{"mods":["BaseMod","Colored Map","DeckTracker","Minty Spire (QoL Compilation)","Quick Restart","StSLib","The Dragon Tamer"],"gold_per_floor":[114,114,114,39,49,49,75,94,94,125,144,156,182,192,192,293,293,303,303,303,323,16,16,33,33,33,33,33,46,146,146,146],"floor_reached":31,"playtime":884,"items_purged":["Defend_G","Strike_G"],"score":308,"play_id":"61f9c3ca-6230-4777-b223-e5d956f24f21","local_time":"20210103020452","is_ascension_mode":true,"campfire_choices":[{"data":"Envenom","floor":6,"key":"SMITH"},{"floor":15,"key":"REST"},{"data":"Deadly Poison","floor":23,"key":"SMITH"},{"data":"Bouncing Flask","floor":25,"key":"SMITH"},{"data":"Poisoned Stab","floor":27,"key":"SMITH"}],"circlet_count":0,"master_deck":["Strike_G","Strike_G","Strike_G","Defend_G","Defend_G","Defend_G","Defend_G","Survivor+1","Neutralize","Envenom+1","Deadly Poison+1","Poisoned Stab+1","Footwork","Crippling Poison+1","Writhe","Bouncing Flask+1","Deadly Poison+1","Deadly Poison"],"relics":["Ring of the Snake","NeowsBlessing","Shuriken","Bag of Marbles","Gremlin Horn","Mercury Hourglass","Sozu","Frozen Egg 2","Snake Skull","Matryoshka","Prayer Wheel","The Courier"],"acts_visited":["Exordium","TheCity"],"potions_floor_usage":[8,13,16],"damage_taken":[{"damage":0,"enemies":"Small Slimes","floor":1,"turns":1},{"damage":0,"enemies":"Cultist","floor":5,"turns":1},{"damage":0,"enemies":"Gremlin Nob","floor":7,"turns":1},{"damage":0,"enemies":"2 Louse","floor":8,"turns":4},{"damage":26,"enemies":"Lagavulin","floor":10,"turns":10},{"damage":8,"enemies":"Red Slaver","floor":11,"turns":5},{"damage":0,"enemies":"Looter","floor":12,"turns":3},{"damage":21,"enemies":"3 Sentries","floor":13,"turns":8},{"damage":2,"enemies":"Blue Slaver","floor":14,"turns":3},{"damage":7,"enemies":"Hexaghost","floor":16,"turns":8},{"damage":0,"enemies":"Chosen","floor":18,"turns":4},{"damage":1,"enemies":"3 Byrds","floor":21,"turns":4},{"damage":11,"enemies":"Snecko","floor":24,"turns":4},{"damage":19,"enemies":"Snake Plant","floor":29,"turns":4},{"damage":26,"enemies":"Colosseum Slavers","floor":30,"turns":4},{"damage":17,"enemies":"Colosseum Nobs","floor":30,"turns":4},{"damage":3,"enemies":"3 Cultists","floor":31,"turns":2}],"seed_played":"-3450263366761272338","potions_obtained":[{"floor":8,"key":"Fruit Juice"},{"floor":12,"key":"AttackPotion"},{"floor":13,"key":"LiquidBronze"}],"is_trial":false,"path_per_floor":["M","?","?","$","M","R","E","M","T","E","M","M","E","M","R","B",null,"M","?","?","M","$","R","M","R","T","R","$","M","?","M"],"character_chosen":"THE_SILENT","items_purchased":["Snake Skull","Deadly Poison"],"campfire_rested":1,"item_purchase_floors":[22,22],"current_hp_per_floor":[70,63,63,63,63,63,63,68,68,42,34,34,13,11,33,26,75,75,75,75,74,74,74,63,63,63,63,63,44,1,0,0],"gold":146,"neow_bonus":"THREE_ENEMY_KILL","is_daily":false,"chose_seed":false,"campfire_upgraded":4,"win_rate":0.0,"timestamp":1609607092,"path_taken":["M","?","?","$","M","R","E","M","T","E","?","M","E","M","R","BOSS","M","?","?","M","$","R","M","R","T","R","$","?","?","M"],"items_purchased_type":["Relic","Card"],"build_version":"2020-12-22","purchased_purges":2,"victory":false,"max_hp_per_floor":[70,70,70,70,70,70,70,75,75,75,75,75,75,75,75,75,75,75,75,75,75,75,75,75,75,75,75,75,75,75,75,75],"card_choices":[{"not_picked":["Cloak And Dagger","Deflect","Quick Slash"],"picked":"SKIP","floor":1},{"not_picked":["Envenom","Dagger Spray","Dagger Throw"],"picked":"SKIP","floor":5},{"not_picked":["Dagger Spray","Dagger Throw"],"picked":"Envenom","floor":5},{"not_picked":["Riddle With Holes","PiercingWail","Escape Plan"],"picked":"SKIP","floor":7},{"not_picked":["Quick Slash","Underhanded Strike","Outmaneuver"],"picked":"SKIP","floor":8},{"not_picked":["Bullet Time","Backflip"],"picked":"Deadly Poison","floor":10},{"not_picked":["Acrobatics","Choke"],"picked":"Poisoned Stab","floor":11},{"not_picked":["Quick Slash","Dodge and Roll","Dash"],"picked":"SKIP","floor":12},{"not_picked":["Accuracy","Acrobatics"],"picked":"Footwork","floor":13},{"not_picked":["Quick Slash","Tactician","Well Laid Plans"],"picked":"SKIP","floor":14},{"not_picked":["Dagger Throw","Flying Knee"],"picked":"Crippling Poison+1","floor":18},{"not_picked":["Deflect+1","Dash+1"],"picked":"Bouncing Flask","floor":21},{"not_picked":["Riddle With Holes","Sucker Punch","Cloak And Dagger"],"picked":"SKIP","floor":24},{"not_picked":["Terror","Slice","Dash"],"picked":"SKIP","floor":29},{"not_picked":["Poisoned Stab+1","Reflex"],"picked":"Deadly Poison","floor":30}],"player_experience":138061,"relics_obtained":[{"floor":7,"key":"Shuriken"},{"floor":9,"key":"Bag of Marbles"},{"floor":10,"key":"Gremlin Horn"},{"floor":13,"key":"Mercury Hourglass"},{"floor":26,"key":"Matryoshka"},{"floor":30,"key":"Prayer Wheel"},{"floor":30,"key":"The Courier"}],"event_choices":[{"cards_removed":["Strike_G"],"damage_healed":0,"gold_gain":0,"player_choice":"Card Removal","damage_taken":7,"max_hp_gain":0,"max_hp_loss":0,"event_name":"Golden Wing","floor":2,"gold_loss":0},{"damage_healed":0,"gold_gain":0,"player_choice":"Forge","damage_taken":0,"max_hp_gain":0,"max_hp_loss":0,"event_name":"Accursed Blacksmith","floor":3,"gold_loss":0,"cards_upgraded":["Survivor"]},{"damage_healed":0,"gold_gain":0,"player_choice":"Opened","damage_taken":0,"relics_obtained":["Frozen Egg 2"],"max_hp_gain":0,"max_hp_loss":0,"event_name":"The Mausoleum","floor":19,"gold_loss":0,"cards_obtained":["Writhe"]},{"damage_healed":0,"gold_gain":0,"player_choice":"Upgraded","damage_taken":0,"max_hp_gain":0,"max_hp_loss":0,"event_name":"Upgrade Shrine","floor":20,"gold_loss":0,"cards_upgraded":["Deadly Poison"]},{"damage_healed":0,"gold_gain":0,"player_choice":"Fight","damage_taken":0,"max_hp_gain":0,"max_hp_loss":0,"event_name":"Colosseum","floor":30,"gold_loss":0},{"damage_healed":0,"gold_gain":0,"player_choice":"Fought Nobs","damage_taken":0,"max_hp_gain":0,"max_hp_loss":0,"event_name":"Colosseum","floor":30,"gold_loss":0}],"is_beta":false,"boss_relics":[{"not_picked":["WristBlade","SacredBark"],"picked":"Sozu"}],"items_purged_floors":[4,22],"is_endless":false,"potions_floor_spawned":[8,12,13,18,21,30],"killed_by":"3 Cultists","ascension_level":2}}