{"host":"8vqjvqze17j4iyaj","time":1609626224,"event":{"mods":["Act Like it!","BaseMod","Chen","Colored Powertips","Duelist Mod","Elementarium","Gensokyo","GifTheSpireLib","Infinite Spire","Jorbs\u0027s Wanderer Trilogy","Koishi","Marisa????????","Minty Spire (QoL Compilation)","Rare Cards Sparkle","Reimu??????","Remilia??????","Replay The Spire","StSLib","The Animator","The Cursed","The Forsaken","The Servant 0.9.4","Wandering Minibosses"],"gold_per_floor":[117,17,17,0,28,28,23,23],"floor_reached":7,"playtime":423,"items_purged":[],"score":39,"play_id":"e6dc3d87-b83e-43f8-8fa4-dd63bbf11c3b","local_time":"20210102152344","is_ascension_mode":false,"campfire_choices":[{"data":"animator:IchigoKurosaki","floor":6,"key":"SMITH"}],"circlet_count":0,"master_deck":["animator:Strike_Konosuba","animator:Defend_Konosuba","animator:Strike","animator:Strike","animator:Strike","animator:Defend","animator:Defend","animator:Defend","animator:Kazuma","animator:Aqua","animator:IchigoKurosaki+1","animator:Darkness"],"relics":["animator:LivingPicture","animator:TheMissingPiece","animator:PurgingStone","CrazyTorch:ReiMu"],"acts_visited":["Gensokyo:Gensokyo"],"potions_floor_usage":[],"damage_taken":[{"damage":2,"enemies":"Gensokyo:Python","floor":1,"turns":5},{"damage":0,"enemies":"Gensokyo:3_Fairies","floor":4,"turns":5},{"damage":2,"enemies":"Gensokyo:2_Kodama","floor":5,"turns":6},{"damage":74,"enemies":"Gensokyo:Aya","floor":7,"turns":11}],"seed_played":"8377577066991589667","potions_obtained":[{"floor":1,"key":"Swift Potion"}],"is_trial":false,"path_per_floor":["M","?","COS","M","M","R","E"],"character_chosen":"THE_ANIMATOR","items_purchased":[],"campfire_rested":0,"item_purchase_floors":[],"current_hp_per_floor":[64,64,64,66,64,64,0,0],"gold":23,"neow_bonus":"RANDOM_COLORLESS","is_daily":false,"chose_seed":false,"campfire_upgraded":1,"win_rate":0.0,"timestamp":1609626224,"path_taken":["M","?","COS","?","M","R","E"],"items_purchased_type":[],"build_version":"2020-12-22","purchased_purges":0,"victory":false,"max_hp_per_floor":[66,66,66,66,66,66,66,66],"card_choices":[{"not_picked":["animator:MamizouFutatsuiwa","animator:MisaKurobane"],"picked":"animator:IchigoKurosaki","floor":0},{"not_picked":["animator:Shigure","animator:Ara","animator:Shinoa"],"picked":"SKIP","floor":1},{"not_picked":["animator:Azekura","animator:MumenRider","animator:Kaijin"],"picked":"SKIP","floor":4},{"not_picked":["animator:SakuraMatou","animator:MumenRider"],"picked":"animator:Darkness","floor":5}],"player_experience":291461,"relics_obtained":[],"event_choices":[],"is_beta":false,"boss_relics":[],"items_purged_floors":[],"is_endless":false,"potions_floor_spawned":[1],"killed_by":"Gensokyo:Aya","ascension_level":0}}