{"host":"sav7uxregyirlf69","time":1609550920,"event":{"mods":["AchievementEnabler","BaseMod","Colored Map","DeckTracker","Keyboard Shortcuts","Minty Spire (QoL Compilation)","READ ME - Guardian Mod","StSLib","SuperFastMode"],"gold_per_floor":[119,138,213,213,138,166,166,193,218,248,8,8,26,38,38,116,116,131,56,74,74,88,88,118,118,141,191,291,309,43,78,78,150,150,166,179,179,198,198,210,242,254,266,278,300,342,366,398,410,422,434,434],"floor_reached":51,"playtime":2391,"items_purged":["Strike_G","Strike_G"],"score":1705,"play_id":"c362e791-1cc2-41aa-ad85-af39f3457599","local_time":"20210102102840","is_ascension_mode":true,"campfire_choices":[{"data":"Deadly Poison","floor":7.0,"key":"SMITH"},{"data":"Concentrate","floor":12.0,"key":"SMITH"},{"data":"1","floor":15.0,"key":"LIFT"},{"data":"Reflex","floor":23.0,"key":"SMITH"},{"data":"Acrobatics","floor":32.0,"key":"SMITH"},{"data":"Acrobatics","floor":42.0,"key":"SMITH"},{"floor":44.0,"key":"RECALL"},{"data":"Footwork","floor":49.0,"key":"SMITH"}],"circlet_count":0,"master_deck":["AscendersBane","Strike_G","Defend_G","Defend_G","Defend_G","Defend_G","Defend_G","Survivor","Neutralize","Reflex","Deadly Poison+1","Adrenaline+1","Concentrate+1","Riddle With Holes","Reflex+1","Corpse Explosion","Acrobatics+1","Escape Plan","PiercingWail","Prepared+1","Crippling Poison","Malaise","Footwork+1","Acrobatics+1","Calculated Gamble","Backflip"],"relics":["Ring of the Snake","NeowsBlessing","Bronze Scales","Girya","Centennial Puzzle","Meat on the Bone","Medical Kit","Sozu","Mummified Hand","Turnip","InkBottle","TheAbacus","Ninja Scroll","SlaversCollar","MawBank","Nunchaku","Ornamental Fan"],"acts_visited":["Exordium","TheCity","TheBeyond"],"potions_floor_usage":[51],"damage_taken":[{"damage":0.0,"enemies":"Cultist","floor":1.0,"turns":1.0},{"damage":0.0,"enemies":"2 Louse","floor":2.0,"turns":1.0},{"damage":0.0,"enemies":"3 Sentries","floor":6.0,"turns":2.0},{"damage":19.0,"enemies":"Lagavulin","floor":8.0,"turns":7.0},{"damage":14.0,"enemies":"3 Sentries","floor":10.0,"turns":12.0},{"damage":2.0,"enemies":"Small Slimes","floor":13.0,"turns":3.0},{"damage":3.0,"enemies":"Looter","floor":14.0,"turns":2.0},{"damage":21.0,"enemies":"Hexaghost","floor":16.0,"turns":9.0},{"damage":13.0,"enemies":"Chosen","floor":18.0,"turns":4.0},{"damage":4.0,"enemies":"Spheric Guardian","floor":20.0,"turns":4.0},{"damage":21.0,"enemies":"Centurion and Healer","floor":22.0,"turns":3.0},{"damage":26.0,"enemies":"Gremlin Leader","floor":24.0,"turns":6.0},{"damage":15.0,"enemies":"Colosseum Slavers","floor":28.0,"turns":2.0},{"damage":12.0,"enemies":"Colosseum Nobs","floor":28.0,"turns":3.0},{"damage":0.0,"enemies":"Shelled Parasite and Fungi","floor":29.0,"turns":4.0},{"damage":9.0,"enemies":"Slavers","floor":31.0,"turns":3.0},{"damage":23.0,"enemies":"Champ","floor":33.0,"turns":12.0},{"damage":1.0,"enemies":"Orb Walker","floor":35.0,"turns":3.0},{"damage":0.0,"enemies":"3 Shapes","floor":36.0,"turns":2.0},{"damage":0.0,"enemies":"Writhing Mass","floor":38.0,"turns":5.0},{"damage":0.0,"enemies":"Maw","floor":40.0,"turns":5.0},{"damage":18.0,"enemies":"Giant Head","floor":41.0,"turns":6.0},{"damage":10.0,"enemies":"3 Darklings","floor":45.0,"turns":3.0},{"damage":17.0,"enemies":"Reptomancer","floor":46.0,"turns":5.0},{"damage":8.0,"enemies":"Spire Growth","floor":47.0,"turns":4.0},{"damage":0.0,"enemies":"Transient","floor":48.0,"turns":6.0},{"damage":0.0,"enemies":"Donu and Deca","floor":50.0,"turns":6.0},{"damage":54,"enemies":"Time Eater","floor":51,"turns":15}],"seed_played":"3570806723142436336","potions_obtained":[{"floor":1.0,"key":"Block Potion"},{"floor":6.0,"key":"Strength Potion"},{"floor":14.0,"key":"Fire Potion"},{"floor":16.0,"key":"Ancient Potion"}],"is_trial":false,"path_per_floor":["M","M","?","?","?","E","R","E","T","E","$","R","M","M","R","B",null,"M","?","M","?","M","R","E","?","T","?","?","M","$","E","R","B",null,"M","M","?","M","?","M","E","R","T","R","M","E","M","M","R","B","B"],"character_chosen":"THE_SILENT","items_purchased":["Medical Kit","TheAbacus"],"campfire_rested":0,"item_purchase_floors":[11,30],"current_hp_per_floor":[59,59,48,53,53,53,53,34,34,20,20,20,30,39,39,30,61,48,48,44,44,35,35,21,35,35,35,32,44,44,47,47,36,62,61,61,61,61,61,61,43,43,43,43,45,40,44,44,44,44,0,0],"gold":434,"neow_bonus":"THREE_ENEMY_KILL","is_daily":false,"chose_seed":false,"campfire_upgraded":6,"win_rate":0.0,"timestamp":1609550920,"path_taken":["M","?","?","?","?","E","R","E","T","E","$","R","M","M","R","BOSS","M","?","M","?","M","R","E","?","T","?","?","M","$","E","R","BOSS","M","M","?","M","?","M","E","R","T","R","?","E","M","M","R","BOSS","BOSS"],"items_purchased_type":["Relic","Relic"],"build_version":"2020-12-22","purchased_purges":2,"victory":false,"max_hp_per_floor":[66,66,66,71,71,71,71,71,71,71,71,71,71,71,71,71,71,71,71,71,71,71,71,71,71,71,71,71,71,71,71,71,71,71,71,71,71,71,71,71,71,71,71,71,71,71,71,71,71,71,71,71],"card_choices":[{"not_picked":["Escape Plan","Heel Hook"],"picked":"Reflex","floor":1.0},{"not_picked":["Poisoned Stab","Dagger Spray"],"picked":"Deadly Poison","floor":2.0},{"not_picked":["Accuracy","Blur"],"picked":"Adrenaline","floor":6.0},{"not_picked":["Outmaneuver","Riddle With Holes","Sucker Punch"],"picked":"SKIP","floor":8.0},{"not_picked":["Dagger Spray","Masterful Stab"],"picked":"Concentrate","floor":10.0},{"not_picked":["Cloak And Dagger","Deflect"],"picked":"Riddle With Holes","floor":13.0},{"not_picked":["Flying Knee","PiercingWail"],"picked":"Reflex","floor":14.0},{"not_picked":["Night Terror","Doppelganger"],"picked":"Corpse Explosion","floor":16.0},{"not_picked":["Caltrops","Bane"],"picked":"Acrobatics","floor":18.0},{"not_picked":["PiercingWail","Prepared"],"picked":"Escape Plan","floor":20.0},{"not_picked":["All Out Attack","Finisher","Accuracy"],"picked":"SKIP","floor":22.0},{"not_picked":["Accuracy","Dodge and Roll"],"picked":"PiercingWail","floor":24.0},{"not_picked":["Corpse Explosion","Blur"],"picked":"Prepared+1","floor":28.0},{"not_picked":["Masterful Stab","Prepared","Dagger Throw"],"picked":"SKIP","floor":29.0},{"not_picked":["Finisher","Setup"],"picked":"Crippling Poison","floor":31.0},{"not_picked":["Unload","Venomology"],"picked":"Malaise","floor":33.0},{"not_picked":["Accuracy","Cloak And Dagger"],"picked":"Footwork","floor":35.0},{"not_picked":["Underhanded Strike","Masterful Stab+1","Sucker Punch"],"picked":"SKIP","floor":36.0},{"not_picked":["Riddle With Holes+1","Escape Plan"],"picked":"Acrobatics","floor":38.0},{"not_picked":["Outmaneuver","Sucker Punch+1","Deflect"],"picked":"SKIP","floor":40.0},{"not_picked":["Quick Slash+1","Dash","Skewer"],"picked":"SKIP","floor":41.0},{"not_picked":["Outmaneuver","PiercingWail"],"picked":"Calculated Gamble","floor":45.0},{"not_picked":["Deadly Poison","Deflect","Finisher"],"picked":"SKIP","floor":46.0},{"not_picked":["Die Die Die","Expertise+1","Dodge and Roll"],"picked":"SKIP","floor":47.0},{"not_picked":["Skewer","Sucker Punch"],"picked":"Backflip","floor":48.0}],"player_experience":1102389,"relics_obtained":[{"floor":6.0,"key":"Bronze Scales"},{"floor":8.0,"key":"Girya"},{"floor":9.0,"key":"Centennial Puzzle"},{"floor":10.0,"key":"Meat on the Bone"},{"floor":24.0,"key":"Mummified Hand"},{"floor":28.0,"key":"Turnip"},{"floor":28.0,"key":"InkBottle"},{"floor":31.0,"key":"Ninja Scroll"},{"floor":41.0,"key":"MawBank"},{"floor":43.0,"key":"Nunchaku"},{"floor":46.0,"key":"Ornamental Fan"}],"event_choices":[{"damage_healed":0.0,"max_hp_gain":0.0,"max_hp_loss":0.0,"gold_gain":75.0,"event_name":"World of Goop","player_choice":"Gather Gold","floor":3.0,"gold_loss":0.0,"damage_taken":11.0},{"damage_healed":0.0,"max_hp_gain":5.0,"max_hp_loss":0.0,"gold_gain":0.0,"event_name":"Big Fish","player_choice":"Donut","floor":4.0,"gold_loss":0.0,"damage_taken":0.0},{"cards_removed":["Strike_G"],"damage_healed":0.0,"max_hp_gain":0.0,"max_hp_loss":0.0,"gold_gain":0.0,"event_name":"The Cleric","player_choice":"Card Removal","floor":5.0,"gold_loss":75.0,"damage_taken":0.0},{"cards_removed":["Strike_G"],"damage_healed":0.0,"max_hp_gain":0.0,"max_hp_loss":0.0,"gold_gain":0.0,"event_name":"Beggar","player_choice":"Gave Gold","floor":19.0,"gold_loss":75.0,"damage_taken":0.0},{"damage_healed":0.0,"max_hp_gain":0.0,"max_hp_loss":0.0,"gold_gain":0.0,"event_name":"Ghosts","player_choice":"Ignored","floor":21.0,"gold_loss":0.0,"damage_taken":0.0},{"damage_healed":14.0,"max_hp_gain":0.0,"max_hp_loss":0.0,"gold_gain":0.0,"event_name":"The Library","player_choice":"Heal","floor":25.0,"gold_loss":0.0,"damage_taken":0.0},{"damage_healed":0.0,"max_hp_gain":0.0,"max_hp_loss":0.0,"gold_gain":50.0,"event_name":"Nest","player_choice":"Stole From Cult","floor":27.0,"gold_loss":0.0,"damage_taken":0.0},{"damage_healed":0.0,"max_hp_gain":0.0,"max_hp_loss":0.0,"gold_gain":0.0,"event_name":"Colosseum","player_choice":"Fight","floor":28.0,"gold_loss":0.0,"damage_taken":0.0},{"damage_healed":0.0,"max_hp_gain":0.0,"max_hp_loss":0.0,"gold_gain":0.0,"event_name":"Colosseum","player_choice":"Fought Nobs","floor":28.0,"gold_loss":0.0,"damage_taken":0.0},{"damage_healed":0.0,"max_hp_gain":0.0,"max_hp_loss":0.0,"gold_gain":0.0,"event_name":"Tomb of Lord Red Mask","player_choice":"Ignored","floor":37.0,"gold_loss":0.0,"damage_taken":0.0},{"damage_healed":0.0,"max_hp_gain":0.0,"max_hp_loss":0.0,"gold_gain":0.0,"event_name":"Accursed Blacksmith","player_choice":"Forge","floor":39.0,"gold_loss":0.0,"damage_taken":0.0,"cards_upgraded":["Adrenaline"]}],"is_beta":false,"boss_relics":[{"not_picked":["Busted Crown","Ring of the Serpent"],"picked":"Sozu"},{"not_picked":["Snecko Eye","Cursed Key"],"picked":"SlaversCollar"}],"items_purged_floors":[11,30],"is_endless":false,"potions_floor_spawned":[1,6,14,16,20,22,24,29,31,36,38,46,47],"killed_by":"Time Eater","ascension_level":20}}