{"host":"5f0pnf5rh7wu8uig","time":1609584515,"event":{"mods":["Act Like it!","BaseMod","Challenge The Spire","Marked Mod","Minty Spire (QoL Compilation)","Relic Stats","Replay The Spire","Ryuuou龙王","Shop Mod","Spicy Shops","StSLib","TestMod","The Bug Knight","The Hierophant","UnlockEverythingMod","WarShipGirlsR/战舰少女R mod","Yakumo Yukari mod","篝火指南"],"gold_per_floor":[115,215,230,230,248,248,263,213,238,270,10,39,39,39,39,138,138,138,138],"floor_reached":18,"playtime":1335,"items_purged":["Defend_R"],"score":218,"play_id":"46c74eff-fb8a-43b6-877c-536df8014ee4","local_time":"20210102184835","is_ascension_mode":false,"campfire_choices":[{"data":"Bash","floor":6,"key":"SMITH"},{"data":"Searing Blow","floor":13,"key":"SMITH"},{"floor":15,"key":"DIG"}],"circlet_count":0,"master_deck":["Strike_R","Strike_R","Strike_R","Strike_R","Defend_R","Defend_R","Defend_R","Bash+1","Dual Wield","Thunderclap","Sword Boomerang","ReplayTheSpireMod:Corrosion Curse","Searing Blow+1","Pommel Strike"],"relics":["Burning Blood","testmod-TestBox","testmod-ChristmasGift","King of Hearts","Juzu Bracelet","Pet Ghost","Gremlin Horn","testmod-OneHitWonder","Replay:Baseball","Snecko Eye"],"acts_visited":["Exordium","TheCity"],"potions_floor_usage":[10,10,10,10,10,10,16],"damage_taken":[{"damage":0,"enemies":"2 Louse","floor":1,"turns":2},{"damage":4,"enemies":"Cultist","floor":3,"turns":4},{"damage":0,"enemies":"Small Slimes","floor":5,"turns":3},{"damage":10,"enemies":"Looter","floor":7,"turns":2},{"damage":38,"enemies":"Lagavulin","floor":10,"turns":10},{"damage":37,"enemies":"Gremlin Nob","floor":12,"turns":4},{"damage":0,"enemies":"Slime Boss","floor":16,"turns":4},{"damage":5,"enemies":"Spheric Guardian","floor":18,"turns":3}],"seed_played":"-4390201362723069654","potions_obtained":[{"floor":1,"key":"ColorlessPotion"},{"floor":3,"key":"AttackPotion"}],"is_trial":false,"path_per_floor":["M","?","M","?","M","R","M","?","T","E","$","E","R","?","R","B",null,"M"],"character_chosen":"IRONCLAD","items_purchased":["Searing Blow","Pet Ghost"],"campfire_rested":0,"item_purchase_floors":[11,11],"current_hp_per_floor":[88,88,88,88,88,88,85,85,85,87,87,59,59,59,59,84,88,83,83],"gold":138,"neow_bonus":"TEN_PERCENT_HP_BONUS","is_daily":false,"chose_seed":false,"campfire_upgraded":2,"win_rate":0.0,"timestamp":1609584515,"path_taken":["M","?","?","?","M","R","M","?","T","E","$","E","R","?","R","BOSS","M"],"items_purchased_type":["Card","Relic"],"build_version":"2020-12-22","purchased_purges":1,"victory":false,"max_hp_per_floor":[88,88,88,88,88,88,88,88,88,88,88,88,88,88,88,88,88,88,88],"relic_stats":{"Gremlin Horn":[0,0],"counters":[8,32],"Snecko Eye":[1,7,7,5],"Juzu Bracelet":0,"obtain_stats":[{"Replay:Baseball":15,"testmod-TestBox":0,"Gremlin Horn":12,"Snecko Eye":17,"King of Hearts":9,"Juzu Bracelet":10,"testmod-ChristmasGift":0,"Burning Blood":0,"Pet Ghost":11,"testmod-OneHitWonder":14},{"Replay:Baseball":6,"testmod-TestBox":0,"Gremlin Horn":6,"Snecko Eye":7,"King of Hearts":4,"Juzu Bracelet":5,"testmod-ChristmasGift":0,"Burning Blood":0,"Pet Ghost":5,"testmod-OneHitWonder":6},{"Replay:Baseball":25,"testmod-TestBox":0,"Gremlin Horn":25,"Snecko Eye":29,"King of Hearts":11,"Juzu Bracelet":21,"testmod-ChristmasGift":0,"Burning Blood":0,"Pet Ghost":21,"testmod-OneHitWonder":25}],"Burning Blood":25},"card_choices":[{"not_picked":["ReplayTheSpireMod:Limb From Limb","Rupture"],"picked":"Dual Wield","floor":1},{"not_picked":["Blood for Blood","Clothesline"],"picked":"Thunderclap","floor":3},{"not_picked":["ReplayTheSpireMod:Muscle Training","Anger"],"picked":"Sword Boomerang","floor":5},{"not_picked":["Fire Breathing","Headbutt"],"picked":"ReplayTheSpireMod:Corrosion Curse","floor":7},{"not_picked":["True Grit","Clash","Rage"],"picked":"SKIP","floor":10},{"not_picked":["Wild Strike","Fire Breathing"],"picked":"Pommel Strike","floor":12}],"player_experience":23810,"relics_obtained":[{"floor":9,"key":"King of Hearts"},{"floor":10,"key":"Juzu Bracelet"},{"floor":12,"key":"Gremlin Horn"},{"floor":15,"key":"Replay:Baseball"}],"event_choices":[{"damage_healed":0,"gold_gain":100,"player_choice":"Pray","damage_taken":0,"max_hp_gain":0,"max_hp_loss":0,"event_name":"Golden Shrine","floor":2,"gold_loss":0},{"damage_healed":0,"gold_gain":0,"player_choice":"Ignored","damage_taken":0,"max_hp_gain":0,"max_hp_loss":0,"event_name":"Liars Game","floor":4,"gold_loss":0},{"cards_removed":["Strike_R"],"damage_healed":0,"gold_gain":0,"player_choice":"Card Removal","damage_taken":0,"max_hp_gain":0,"max_hp_loss":0,"event_name":"The Cleric","floor":8,"gold_loss":50},{"damage_healed":0,"gold_gain":0,"player_choice":"Gave Potion","damage_taken":0,"relics_obtained":["testmod-OneHitWonder"],"max_hp_gain":0,"max_hp_loss":0,"event_name":"WeMeetAgain","floor":14,"gold_loss":0}],"is_beta":false,"boss_relics":[{"not_picked":["Electric Blood","testmod-TimeTraveler"],"picked":"Snecko Eye"}],"items_purged_floors":[11],"is_endless":false,"potions_floor_spawned":[1,3,16],"killed_by":"Spheric Guardian","ascension_level":0}}