{"host":"minbhrtlkaoly5f0","time":1609601654,"event":{"mods":["Act Like it!","BaseMod","Colored Map","Colored Powertips","Lobotomy","LobotomyExtend","Luminous","Minty Spire (QoL Compilation)","Quick Restart","StSLib"],"gold_per_floor":[119,131,146,321,338,338,338,363,363,363,124,141,141,41,41,41,41],"floor_reached":16,"playtime":538,"items_purged":["SpecialBullet","Doubt"],"score":100,"play_id":"f31451bb-aed2-49d4-838b-58f38f43eb23","local_time":"20210102233414","is_ascension_mode":false,"campfire_choices":[],"circlet_count":0,"master_deck":["SpecialBullet","SpecialBullet","SpecialBullet","SpecialBullet","SpecialBullet","SpecialBullet","SpecialBullet","InformationCode","SecurityCode","ControlCode","WallGazer","Regret_ego","Wingbeat","BigBird","ScreamingWedge","Parasite","CrumblingArmor","Parasite","Mercenary","Horn","SoundOfStar","Funeral","TT2Protocol","Parasite"],"relics":["CogitoBucket","NeowsBlessing","RabbitCall","LetterFromLob","Happy Flower","Letter Opener","AspirationHeart"],"acts_visited":["Exordium"],"potions_floor_usage":[16],"damage_taken":[{"damage":0,"enemies":"Small Slimes","floor":1,"turns":1},{"damage":0,"enemies":"2 Louse","floor":2,"turns":1},{"damage":2,"enemies":"Jaw Worm","floor":3,"turns":1},{"damage":14,"enemies":"2 Fungi Beasts","floor":5,"turns":3},{"damage":41,"enemies":"3 Sentries","floor":8,"turns":7},{"damage":8,"enemies":"Large Slime","floor":12,"turns":3},{"damage":43,"enemies":"The Guardian","floor":16,"turns":6}],"seed_played":"2148967261801677072","potions_obtained":[{"floor":1,"key":"BlessingOfTheForge"},{"floor":2,"key":"DistilledChaos"}],"is_trial":false,"path_per_floor":["M","M","M","?","M","R","?","E","T","R","$","M","R","$","R","B"],"character_chosen":"Angela","items_purchased":["SoundOfStar"],"campfire_rested":0,"item_purchase_floors":[11],"current_hp_per_floor":[70,70,70,70,64,64,64,31,31,31,31,41,41,41,41,0,0],"gold":41,"neow_bonus":"THREE_ENEMY_KILL","is_daily":false,"chose_seed":false,"campfire_upgraded":0,"win_rate":0.0,"timestamp":1609601654,"path_taken":["M","M","M","?","M","R","?","E","T","R","$","M","R","?","R","BOSS"],"items_purchased_type":["Card"],"build_version":"2020-12-22","purchased_purges":2,"victory":false,"max_hp_per_floor":[70,70,70,70,70,70,70,70,70,70,70,80,80,80,80,80,80],"card_choices":[{"not_picked":["PunishingBird","Wellcheers"],"picked":"WallGazer","floor":1},{"not_picked":["Loneliness"],"picked":"Regret_ego","floor":1},{"not_picked":["LaLuna","FieryBird"],"picked":"WhitesApple","floor":2},{"not_picked":["Spore"],"picked":"Wingbeat","floor":2},{"not_picked":["CherryBlossoms","RedShoes"],"picked":"BigBird","floor":3},{"not_picked":["BearPaw"],"picked":"ScreamingWedge","floor":3},{"not_picked":["Scarecrow","SpiderBud"],"picked":"CrumblingArmor","floor":5},{"not_picked":["FourthMatchFlame"],"picked":"BlackSwan_ego","floor":5},{"not_picked":["MHz","BeautyBeast"],"picked":"Mercenary","floor":8},{"not_picked":["WristCuter"],"picked":"Horn","floor":8},{"not_picked":["PunishingBird","Murderer"],"picked":"Funeral","floor":12},{"not_picked":["SomewhereSpear","Lantern"],"picked":"SKIP","floor":12}],"player_experience":23836,"relics_obtained":[{"floor":1,"key":"LetterFromLob"},{"floor":8,"key":"Happy Flower"},{"floor":9,"key":"Letter Opener"}],"event_choices":[{"damage_healed":0,"gold_gain":175,"player_choice":"AGREE","damage_taken":0,"max_hp_gain":0,"max_hp_loss":0,"event_name":"Liars Game","floor":4,"gold_loss":0,"cards_obtained":["Doubt"]},{"damage_healed":0,"gold_gain":0,"player_choice":"Ignored","damage_taken":0,"max_hp_gain":0,"max_hp_loss":0,"event_name":"Shining Light","floor":7,"gold_loss":0}],"is_beta":false,"boss_relics":[],"items_purged_floors":[11,14],"is_endless":false,"potions_floor_spawned":[1,2],"killed_by":"The Guardian","ascension_level":0}}