{"host":"Jin","time":1609600431,"event":{"mods":["BaseMod","Better Altar","Better Match","Better Note","Better Sensory Stone","Better Skull","Better Third Choice","Downfall","Highlight Path","Minty Spire (QoL Compilation)","Permanent Neow","Quick Restart","StSLib"],"gold_per_floor":[99,116,127,138,138,148,195,195,229,379,410,421,346,356,371,472,472,472,485,501,280,280,180,180,45,45,95,20,386,311,91,150,251,251,251,302,360,360,408,431,431,481,481,77,77,77,101,175,225,225,225,253,40,40,40],"floor_reached":56,"playtime":3924,"items_purged":["Slimebound:Strike_Slimebound","Slimebound:Strike_Slimebound","Slimebound:Defend_Slimebound","Slimebound:Defend_Slimebound","Slimebound:Defend_Slimebound+1","Slimebound:Defend_Slimebound+1"],"score":1305,"play_id":"88e1338f-e913-4461-a50e-fd40bc7eea58","local_time":"20210103001351","is_ascension_mode":false,"campfire_choices":[{"data":"Slimebound:CorrosiveSpit","floor":1.0,"key":"SMITH"},{"data":"Slimebound:OozeBath","floor":13.0,"key":"SMITH"},{"data":"Slimebound:GrowthPunch","floor":18.0,"key":"SMITH"},{"floor":28.0,"key":"RECALL"},{"data":"Slimebound:OozeBath","floor":30.0,"key":"SMITH"},{"data":"Slimebound:DuplicatedForm","floor":35,"key":"SMITH"},{"floor":43,"key":"REST"},{"data":"expansioncontent:StudyTheSpire","floor":45,"key":"SMITH"},{"data":"Slimebound:HauntingLick","floor":54,"key":"SMITH"}],"circlet_count":0,"master_deck":["Slimebound:Tackle+1","Slimebound:Split+1","Slimebound:CorrosiveSpit+1","Slimebound:GrowthPunch+1","Slimebound:LevelUp+1","Slimebound:SplitMire+1","Slimebound:Dissolve+1","Slimebound:OozeBath+1","Slimebound:AcidTongue+1","Slimebound:MegaLick+1","Slimebound:OneTwoCombo+1","Slimebound:DuplicatedForm+1","Slimebound:LeechingTouch+1","Slimebound:ComboTackle+1","Slimebound:Schlurp+1","Slimebound:OozeBath+1","Slimebound:FirmFortitude+1","Slimebound:FirmFortitude+1","Slimebound:Dissolve+1","Slimebound:Gluttony+1","Slimebound:TongueLash+1","expansioncontent:QuickStudy+1","Slimebound:LeechingTouch+1","Slimebound:DouseInSlime+1","Slimebound:RainOfGoop+1","Slimebound:SpikyOuterGoop","expansioncontent:StudyTheSpire+1","Slimebound:LeadByExample","Slimebound:HauntingLick+1","Slimebound:HauntingLick+1"],"relics":["Slimebound:AbsorbEndCombat","Smiling Mask","Vajra","Orichalcum","Black Star","Orrery","downfall:KnowingSkull","Pantograph","Old Coin","Membership Card","CaptainsWheel","Potion Belt","Sozu","Thread and Needle","Lantern","Darkstone Periapt","Blood Vial","Juzu Bracelet","OrangePellets","Pen Nib","Slimebound:AggressiveSlimeRelic","Regal Pillow","PreservedInsect","InkBottle","Happy Flower","Sling"],"acts_visited":["Exordium","TheCity","TheBeyond","TheEnding"],"potions_floor_usage":[],"damage_taken":[{"damage":8.0,"enemies":"Jaw Worm","floor":2.0,"turns":3.0},{"damage":7.0,"enemies":"Small Slimes","floor":3.0,"turns":3.0},{"damage":4.0,"enemies":"2 Louse","floor":4.0,"turns":4.0},{"damage":14.0,"enemies":"Red Slaver","floor":6.0,"turns":4.0},{"damage":21.0,"enemies":"Lagavulin","floor":9.0,"turns":6.0},{"damage":33.0,"enemies":"3 Sentries","floor":11.0,"turns":7.0},{"damage":11.0,"enemies":"Large Slime","floor":12.0,"turns":4.0},{"damage":12.0,"enemies":"Exordium Thugs","floor":14.0,"turns":3.0},{"damage":4.0,"enemies":"3 Louse","floor":15.0,"turns":2.0},{"damage":55.0,"enemies":"downfall:Defect","floor":16.0,"turns":9.0},{"damage":8.0,"enemies":"Chosen","floor":19.0,"turns":5.0},{"damage":22.0,"enemies":"Shell Parasite","floor":20.0,"turns":5.0},{"damage":14.0,"enemies":"downfall:FleeingMerchant","floor":21.0,"turns":4.0},{"damage":42.0,"enemies":"downfall:FleeingMerchant","floor":23.0,"turns":4.0},{"damage":32.0,"enemies":"downfall:FleeingMerchant","floor":25.0,"turns":4.0},{"damage":36.0,"enemies":"Sentry and Sphere","floor":27.0,"turns":4.0},{"damage":48.0,"enemies":"Slavers","floor":29.0,"turns":5.0},{"damage":22.0,"enemies":"downfall:FleeingMerchant","floor":31.0,"turns":3.0},{"damage":22.0,"enemies":"Snake Plant","floor":32.0,"turns":3.0},{"damage":57,"enemies":"downfall:Silent","floor":33,"turns":6},{"damage":13,"enemies":"Orb Walker","floor":36,"turns":3},{"damage":17,"enemies":"3 Shapes","floor":37,"turns":4},{"damage":24,"enemies":"2 Orb Walkers","floor":39,"turns":4},{"damage":53,"enemies":"Transient","floor":42,"turns":5},{"damage":0,"enemies":"Giant Head","floor":48,"turns":6},{"damage":22,"enemies":"Jaw Worm Horde","floor":49,"turns":3},{"damage":41,"enemies":"downfall:Ironclad","floor":50,"turns":5},{"damage":61,"enemies":"downfall:CharBossMerchant","floor":52,"turns":7},{"damage":49,"enemies":"downfall:NeowBoss","floor":55,"turns":17}],"seed_played":"-1766363020176682451","potions_obtained":[{"floor":3.0,"key":"EntropicBrew"},{"floor":4.0,"key":"Fire Potion"},{"floor":12.0,"key":"LiquidBronze"},{"floor":14.0,"key":"SkillPotion"},{"floor":15.0,"key":"Weak Potion"},{"floor":20.0,"key":"Strength Potion"},{"floor":27.0,"key":"champ:CounterPotion"},{"floor":29.0,"key":"Explosive Potion"},{"floor":33,"key":"Strength Potion"}],"is_trial":false,"path_per_floor":["R","M","M","M","?","M","T","?","E","?","E","M","R","M","M","B",null,"R","M","M","$","?","$","T","$","?","M","R","E","R","$","M","B",null,"R","M","M","?","?","T","T","M","R","$","R","?","?","E","M","B",null,"E","$","R","B",null],"character_chosen":"SLIMEBOUND","items_purchased":["Orrery","Slimebound:FirmFortitude","Slimebound:FirmFortitude","Slimebound:Dissolve","Membership Card","Slimebound:TongueLash","CaptainsWheel","Potion Belt","Fruit Juice","expansioncontent:QuickStudy","Slimebound:SpikyOuterGoop","expansioncontent:StudyTheSpire","Blood Vial","Juzu Bracelet","OrangePellets","Happy Flower","Sling","Slimebound:HauntingLick"],"campfire_rested":1,"item_purchase_floors":[21,23,25,25,31,31,31,31,31,31,44,44,44,44,44,53,53,53],"current_hp_per_floor":[60,59,60,60,60,58,58,63,56,56,39,46,46,44,50,23,65,65,65,57,59,53,42,42,43,43,34,44,16,16,33,27,44,80,80,75,70,70,66,66,66,54,78,78,78,78,78,80,78,64,80,64,64,64,80],"gold":40,"neow_bonus":"RANDOM_COMMON_RELIC","is_daily":false,"chose_seed":false,"campfire_upgraded":7,"win_rate":0.0,"timestamp":1609600431,"path_taken":["R","M","M","M","?","M","T","?","E","?","E","?","R","M","M","BOSS","R","M","M","$","?","$","T","?","?","?","R","E","R","$","M","BOSS","R","M","M","?","?","?","T","?","R","?","R","?","?","E","M","BOSS","E","$","R","BOSS"],"items_purchased_type":["Relic","Card","Card","Card","Relic","Card","Relic","Relic","Potion","Card","Card","Card","Relic","Relic","Relic","Relic","Relic","Card"],"build_version":"2020-12-18","purchased_purges":6,"victory":true,"max_hp_per_floor":[60,60,60,60,60,60,60,65,65,65,65,65,65,65,65,65,65,65,65,65,65,65,65,65,65,65,65,75,75,75,80,80,80,80,80,80,80,80,80,80,80,80,80,80,80,80,80,80,80,80,80,80,80,80,80],"card_choices":[{"not_picked":["Slimebound:ViciousTackle","Slimebound:LeechingTouch"],"picked":"Slimebound:GrowthPunch","floor":2.0},{"not_picked":["Slimebound:FlameTackle","Slimebound:LeechingTouch"],"picked":"Slimebound:LevelUp","floor":3.0},{"not_picked":["Slimebound:GoopSpray","Slimebound:RejuvenatingLick"],"picked":"Slimebound:SplitMire","floor":4.0},{"not_picked":["Slimebound:Replication","Slimebound:LeadByExample"],"picked":"Slimebound:Dissolve","floor":6.0},{"not_picked":["Slimebound:SamplingLick","Slimebound:RainOfGoop"],"picked":"Slimebound:OozeBath","floor":9.0},{"not_picked":["Slimebound:SlimeSpikes","Slimebound:GrowthPunch"],"picked":"Slimebound:AcidTongue","floor":11.0},{"not_picked":["Slimebound:SplitBruiser","Slimebound:GoopSpray","Slimebound:ViciousTackle"],"picked":"SKIP","floor":12.0},{"not_picked":["Slimebound:LeechingTouch","Slimebound:FinishingTackle"],"picked":"Slimebound:GrowthPunch","floor":14.0},{"not_picked":["Slimebound:SplitLeeching","Slimebound:SlimeSpikes","Slimebound:GrowthPunch"],"picked":"SKIP","floor":15.0},{"not_picked":["Slimebound:Grow","Slimebound:SamplingLick","Slimebound:ItLooksTasty"],"picked":"SKIP","floor":19.0},{"not_picked":["Slimebound:SplitAcid","Slimebound:AcidTongue"],"picked":"Slimebound:MegaLick+1","floor":20.0},{"not_picked":["Slimebound:GoopSpray","Slimebound:ItLooksTasty"],"picked":"Slimebound:OneTwoCombo","floor":21.0},{"not_picked":["Slimebound:ComboTackle","Slimebound:ViciousTackle"],"picked":"Slimebound:DuplicatedForm","floor":21.0},{"not_picked":["Slimebound:SplitBruiser","Slimebound:Chomp"],"picked":"Slimebound:LeechingTouch","floor":21.0},{"not_picked":["Slimebound:Equalize+1","Slimebound:GoopTackle"],"picked":"Slimebound:ComboTackle","floor":21.0},{"not_picked":["Slimebound:GoopSpray","Slimebound:ViciousTackle"],"picked":"Slimebound:Schlurp","floor":21.0},{"not_picked":["Slimebound:GrowthPunch","Slimebound:SplitBruiser"],"picked":"Slimebound:OozeBath","floor":23.0},{"not_picked":["Slimebound:RollThrough","Slimebound:SlimeSpikes","Slimebound:Schlurp"],"picked":"SKIP","floor":25.0},{"not_picked":["Slimebound:HauntingLick","Slimebound:GrowthPunch+1","Slimebound:Repurpose"],"picked":"SKIP","floor":27.0},{"not_picked":["Slimebound:ItLooksTasty+1","Slimebound:ViciousTackle","Slimebound:Grow"],"picked":"SKIP","floor":29.0},{"not_picked":["Slimebound:Nibble+1","Slimebound:SlimeSpikes"],"picked":"Slimebound:Gluttony","floor":31.0},{"not_picked":["Slimebound:LeechEnergy","Slimebound:Chomp+1"],"picked":"Slimebound:LeechingTouch","floor":32.0},{"not_picked":["Slimebound:RollThrough","Slimebound:SplitBruiser","Slimebound:GrowthPunch+1"],"picked":"SKIP","floor":36},{"not_picked":["Slimebound:SplitAcid+1","Slimebound:Repurpose+1"],"picked":"Slimebound:DouseInSlime","floor":37},{"not_picked":["Slimebound:SplitMire","Slimebound:GoopTackle"],"picked":"Slimebound:RainOfGoop+1","floor":39},{"not_picked":["Slimebound:Schlurp+1","Slimebound:Chomp","Slimebound:GoopSpray+1"],"picked":"SKIP","floor":42},{"not_picked":["Slimebound:FinishingTackle","Slimebound:SlimeBarrage+1","Slimebound:RollThrough+1"],"picked":"SKIP","floor":48},{"not_picked":["Slimebound:FormOfPuddle+1","Slimebound:Nibble+1"],"picked":"Slimebound:LeadByExample","floor":49},{"not_picked":["Slimebound:Repurpose","Slimebound:PrepareCrush"],"picked":"Slimebound:HauntingLick+1","floor":52}],"player_experience":769526,"relics_obtained":[{"floor":7.0,"key":"Boot"},{"floor":9.0,"key":"Vajra"},{"floor":11.0,"key":"Orichalcum"},{"floor":29.0,"key":"Pantograph"},{"floor":29.0,"key":"Old Coin"},{"floor":39,"key":"Thread and Needle"},{"floor":40,"key":"Lantern"},{"floor":41,"key":"Darkstone Periapt"},{"floor":47,"key":"Pen Nib"},{"floor":48,"key":"Slimebound:AggressiveSlimeRelic"},{"floor":48,"key":"Regal Pillow"},{"floor":52,"key":"PreservedInsect"},{"floor":52,"key":"InkBottle"}],"event_choices":[{"cards_removed":["Slimebound:Strike_Slimebound"],"damage_healed":0.0,"max_hp_gain":0.0,"max_hp_loss":0.0,"gold_gain":0.0,"event_name":"The Cleric","player_choice":"Card Removal","floor":5.0,"gold_loss":0.0,"damage_taken":0.0},{"damage_healed":0.0,"max_hp_gain":5.0,"max_hp_loss":0.0,"gold_gain":0.0,"event_name":"Big Fish","player_choice":"Donut","floor":8.0,"gold_loss":0.0,"damage_taken":0.0},{"cards_removed":["Slimebound:Defend_Slimebound"],"damage_healed":0.0,"max_hp_gain":0.0,"max_hp_loss":0.0,"gold_gain":0.0,"event_name":"betterNote:BetterNote","player_choice":"Give","floor":26.0,"gold_loss":0.0,"damage_taken":0.0,"cards_obtained":["None"]},{"damage_healed":0,"gold_gain":0,"player_choice":"Fight","damage_taken":0,"max_hp_gain":0,"max_hp_loss":0,"event_name":"Mysterious Sphere","floor":39,"gold_loss":0},{"cards_removed":["Slimebound:GrowthPunch"],"damage_healed":0,"gold_gain":0,"player_choice":"Removed Attack","damage_taken":0,"max_hp_gain":0,"max_hp_loss":0,"event_name":"Falling","floor":46,"gold_loss":0}],"is_beta":true,"boss_relics":[{"not_picked":["Busted Crown","Empty Cage"],"picked":"Black Star"},{"not_picked":["Pandora\u0027s Box","SlaversCollar"],"picked":"Sozu"}],"items_purged_floors":[21,23,25,31,44,53],"is_endless":false,"potions_floor_spawned":[3,4,12,14,15,20,27,29,33,37,42,48,49],"ascension_level":0}}