{"host":"u85py5faooku4mut","time":1609585045,"event":{"mods":["2.2 Compatiblity","AchievementEnabler","BaseMod","Better Skull","Better Third Choice","BetterRewards","Challenge The Spire","Colored Powertips","Halation","Hermit","Hubris","Marisa????????","Minty Spire (QoL Compilation)","Replay The Spire","Shade Mod","Spicy Shops","StSLib","The Bug Knight","The Cursed","The Disciple","The Jungle","The Servant 0.9.4"],"gold_per_floor":[119,133,133,146,160,160,49,49,97,114,114,145,155,170,170,272,272,283,296,221,221,320,349,363,393,441,441,459,473,473,491,491,594,594,612,612,656,60,75,75,87,119,119,119,135,169,189,201,201,201,201,201,44,72,72],"floor_reached":56,"playtime":2584,"items_purged":["Defend_G","ReplayTheSpireMod:Splinters"],"score":1536,"play_id":"9cbe7937-97ce-405c-8834-11eb571b4836","local_time":"20210102175725","is_ascension_mode":true,"campfire_choices":[{"data":"BasicCrystalCard","floor":6.0,"key":"SMITH"},{"data":"Crystallizer","floor":6.0,"key":"SMITH"},{"floor":8.0,"key":"REST"},{"data":"Clumsy","floor":11.0,"key":"SMITH"},{"data":"Ball Lightning","floor":11.0,"key":"SMITH"},{"floor":15.0,"key":"REST"},{"data":"Creative AI","floor":27.0,"key":"SMITH"},{"data":"Mirror Shield","floor":27.0,"key":"SMITH"},{"floor":30.0,"key":"REST"},{"data":"White Noise","floor":32.0,"key":"SMITH"},{"data":"Turbo","floor":32.0,"key":"SMITH"},{"data":"White Noise","floor":40.0,"key":"SMITH"},{"data":"Skim","floor":40.0,"key":"SMITH"},{"floor":44.0,"key":"REST"},{"floor":49.0,"key":"RECALL"},{"data":"Buffer","floor":52,"key":"SMITH"},{"data":"Genetic Algorithm","floor":52,"key":"SMITH"}],"circlet_count":0,"master_deck":["Strike_B+1","Strike_B+1","Strike_B+1","Defend_B","Defend_B+1","Defend_B","Zap","Dualcast","Cold Snap","BasicCrystalCard+1","Genetic Algorithm+1","Crystallizer+1","Hello World","Ball Lightning+1","Creative AI+1","Turbo+1","ReplayTheSpireMod:GoodbyeWorld","Mirror Shield+1","Stack","BootSequence","Steam","Skim+1","Defragment+1","White Noise+1","Thunder Strike+1","Core Surge","Self Repair+1","White Noise+1","White Noise+1","Steam Power+1","Replay:Sssssssssshield","Conserve Battery","Barrage+1","Conserve Battery","White Noise+1","Echo Form+1","Leap","Static Discharge","Ball Lightning+1","Buffer+1","Steam","Steam","Coolheaded+1"],"relics":["Cracked Core","Gremlin Horn","halation:LettersToHer","Turnip","Replay:Arrowhead","Orichalcum","Ring of Fury","Ring of Peace","Toy Ornithopter","halation:PrussianBluePaint","Anchor","hubris:HollowSoul","Simple Rune","hubris:SoftwareUpdate","Whetstone","Astrolabe","Bag of Marbles","Durian","Happy Flower","Bronze Scales","Replay:Kaleidoscope","Guide Book","ReplayTheSpireMod:Lightbulb"],"acts_visited":["Exordium","TheCity","TheBeyond","TheEnding"],"potions_floor_usage":[50,54,55,55],"damage_taken":[{"damage":0.0,"enemies":"Cultist","floor":1.0,"turns":3.0},{"damage":3.0,"enemies":"Jaw Worm","floor":2.0,"turns":2.0},{"damage":0.0,"enemies":"Small Slimes","floor":4.0,"turns":3.0},{"damage":5.0,"enemies":"Blue Slaver","floor":5.0,"turns":4.0},{"damage":0.0,"enemies":"2 Fungi Beasts","floor":10.0,"turns":4.0},{"damage":24.0,"enemies":"3 Sentries","floor":12.0,"turns":5.0},{"damage":0.0,"enemies":"Looter","floor":13.0,"turns":2.0},{"damage":0.0,"enemies":"Exordium Wildlife","floor":14.0,"turns":4.0},{"damage":12.0,"enemies":"Fading Forest","floor":16.0,"turns":11.0},{"damage":4.0,"enemies":"2 Thieves","floor":18.0,"turns":3.0},{"damage":0.0,"enemies":"Shell Parasite","floor":19.0,"turns":8.0},{"damage":0.0,"enemies":"HollowMod:Nosk","floor":23.0,"turns":13.0},{"damage":5.0,"enemies":"Chosen and Byrds","floor":24.0,"turns":7.0},{"damage":29.0,"enemies":"Slavers","floor":25.0,"turns":5.0},{"damage":1.0,"enemies":"Snake Plant","floor":28.0,"turns":5.0},{"damage":0.0,"enemies":"Centurion and Healer","floor":29.0,"turns":6.0},{"damage":0.0,"enemies":"Chosen and Byrds","floor":31.0,"turns":6.0},{"damage":0.0,"enemies":"Champ","floor":33.0,"turns":11.0},{"damage":12.0,"enemies":"Orb Walker","floor":35.0,"turns":4.0},{"damage":0.0,"enemies":"3 Shapes","floor":39.0,"turns":5.0},{"damage":0.0,"enemies":"Spire Growth","floor":41.0,"turns":6.0},{"damage":64.0,"enemies":"Giant Head","floor":42.0,"turns":11.0},{"damage":0.0,"enemies":"Maw","floor":45.0,"turns":7.0},{"damage":40.0,"enemies":"Reptomancer","floor":46.0,"turns":6.0},{"damage":0.0,"enemies":"Sphere and 2 Shapes","floor":47.0,"turns":4.0},{"damage":0.0,"enemies":"Maw","floor":48.0,"turns":7.0},{"damage":8,"enemies":"Donu and Deca","floor":50,"turns":8},{"damage":8,"enemies":"Shield and Spear","floor":54,"turns":6},{"damage":53,"enemies":"The Heart","floor":55,"turns":13}],"seed_played":"-6440306404888307114","potions_obtained":[{"floor":2.0,"key":"EssenceOfSteel"},{"floor":4.0,"key":"PotionOfCapacity"},{"floor":5.0,"key":"Dexterity Potion"},{"floor":16.0,"key":"Death Potion"},{"floor":19.0,"key":"Adrenaline Potion"},{"floor":23.0,"key":"SneckoOil"},{"floor":24.0,"key":"Fire Potion"},{"floor":28.0,"key":"Energy Potion"},{"floor":29.0,"key":"FocusPotion"},{"floor":37.0,"key":"BlessingOfTheForge"},{"floor":42.0,"key":"SpeedPotion"},{"floor":47.0,"key":"Weak Potion"},{"floor":54,"key":"Swift Potion"}],"is_trial":false,"path_per_floor":["M","M","?","M","M","R","$","R","T","M","R","E","M","M","R","B",null,"M","M","?","?","?","E","M","E","T","R","M","M","R","M","R","B",null,"M","?","?","$","M","R","M","E","T","R","M","E","M","M","R","B",null,"R","$","E","B",null],"character_chosen":"DEFECT","items_purchased":["Gremlin Horn","halation:LettersToHer","Orichalcum","Cold Snap","Toy Ornithopter","Hello World","Durian","Happy Flower","Conserve Battery","Guide Book","Adrenaline Potion","Steam"],"campfire_rested":4,"item_purchase_floors":[0,0,0,0,7,7,38,38,38,53,53,53],"current_hp_per_floor":[30,27,27,27,22,22,22,44,44,44,44,20,20,20,42,65,75,71,71,71,71,71,75,70,46,46,46,45,45,67,67,67,67,75,73,73,73,78,80,80,80,16,16,40,50,20,20,30,30,37,80,80,80,80,41],"gold":72,"neow_bonus":"","is_daily":false,"chose_seed":false,"campfire_upgraded":12,"win_rate":0.0,"timestamp":1609585045,"path_taken":["M","?","?","M","M","R","$","R","T","M","R","E","M","M","R","BOSS","M","M","?","?","?","E","M","E","T","R","M","M","R","M","R","BOSS","M","?","?","$","M","R","M","E","T","R","M","E","M","M","R","BOSS","R","$","E","BOSS"],"items_purchased_type":["Relic","Relic","Relic","Card","Relic","Card","Relic","Relic","Card","Relic","Potion","Card"],"build_version":"2020-12-22","purchased_purges":2,"victory":true,"max_hp_per_floor":[75,75,75,75,75,75,75,75,75,75,75,75,75,75,75,75,75,75,75,75,75,75,75,75,75,75,75,75,75,75,75,75,75,75,75,75,75,80,80,80,80,80,80,80,80,80,80,80,80,80,80,80,80,80,80],"card_choices":[{"not_picked":["Cold Snap","Rebound"],"picked":"BasicCrystalCard","floor":1.0},{"not_picked":["Conserve Battery","Stack"],"picked":"Genetic Algorithm","floor":2.0},{"not_picked":["Streamline","ReplayGash"],"picked":"Crystallizer","floor":4.0},{"not_picked":["Gash","Recycle","BasicCrystalCard"],"picked":"SKIP","floor":5.0},{"not_picked":["Redo","Conserve Battery"],"picked":"Ball Lightning","floor":10.0},{"not_picked":["FTL","Gash"],"picked":"Creative AI","floor":12.0},{"not_picked":["Rebound","BasicCrystalCard"],"picked":"Turbo","floor":13.0},{"not_picked":["Sweeping Beam","Rebound"],"picked":"ReplayTheSpireMod:GoodbyeWorld","floor":14.0},{"not_picked":["Fission","All For One"],"picked":"Mirror Shield","floor":16.0},{"not_picked":["Compile Driver","Force Field"],"picked":"Stack","floor":18.0},{"not_picked":["Go for the Eyes","FTL+1"],"picked":"ReplayGash","floor":19.0},{"not_picked":["Streamline","Reprogram"],"picked":"BootSequence","floor":23.0},{"not_picked":["Rip and Tear","Rebound"],"picked":"Steam","floor":24.0},{"not_picked":["Panic Button","Cold Snap"],"picked":"Skim","floor":25.0},{"not_picked":["Rip and Tear+1","Steam Power+1"],"picked":"Defragment+1","floor":28.0},{"not_picked":["Beam Cell","Consume"],"picked":"White Noise","floor":29.0},{"not_picked":["ReplayGash+1","Auto Shields"],"picked":"Thunder Strike","floor":31.0},{"not_picked":["Seek","hubris:Prefetch"],"picked":"Core Surge","floor":33.0},{"not_picked":["Cold Snap","Steam"],"picked":"Steam Power+1","floor":35.0},{"not_picked":["Jack Of All Trades","Madness"],"picked":"Replay:Sssssssssshield","floor":36.0},{"not_picked":["Streamline+1","Redo"],"picked":"Conserve Battery","floor":37.0},{"not_picked":["Rebound","Turbo+1"],"picked":"Barrage+1","floor":37.0},{"not_picked":["Go for the Eyes+1","Barrage"],"picked":"White Noise","floor":39.0},{"not_picked":["Barrage","Gash","Sweeping Beam"],"picked":"SKIP","floor":41.0},{"not_picked":["Streamline","Crystallizer"],"picked":"Echo Form","floor":42.0},{"not_picked":["Hologram","Aggregate"],"picked":"Leap","floor":45.0},{"not_picked":["Redo","Sweeping Beam+1"],"picked":"Static Discharge","floor":46.0},{"not_picked":["Redo+1","BootSequence"],"picked":"Ball Lightning+1","floor":47.0},{"not_picked":["BasicCrystalCard+1","Auto Shields+1"],"picked":"Buffer","floor":48.0},{"not_picked":["Auto Shields+1","Panic Button"],"picked":"Coolheaded+1","floor":54}],"player_experience":243863,"relics_obtained":[{"floor":3.0,"key":"Ring of Fury"},{"floor":3.0,"key":"Ring of Peace"},{"floor":9.0,"key":"halation:LettersToHer"},{"floor":9.0,"key":"halation:PrussianBluePaint"},{"floor":12.0,"key":"Anchor"},{"floor":23.0,"key":"Simple Rune"},{"floor":25.0,"key":"hubris:SoftwareUpdate"},{"floor":26.0,"key":"halation:LettersToHer"},{"floor":26.0,"key":"Whetstone"},{"floor":37.0,"key":"Bag of Marbles"},{"floor":42.0,"key":"Bronze Scales"},{"floor":43.0,"key":"halation:LettersToHer"},{"floor":46.0,"key":"Replay:Kaleidoscope"},{"floor":54,"key":"ReplayTheSpireMod:Lightbulb"}],"event_choices":[{"cards_removed":["ReplayGash"],"damage_healed":0.0,"max_hp_gain":0.0,"max_hp_loss":0.0,"gold_gain":0.0,"event_name":"Beggar","player_choice":"Gave Gold","floor":20.0,"gold_loss":75.0,"damage_taken":0.0},{"damage_healed":0.0,"max_hp_gain":0.0,"max_hp_loss":0.0,"gold_gain":99.0,"event_name":"betterThird:BetterNest","player_choice":"Steal","floor":22.0,"gold_loss":0.0,"damage_taken":0.0},{"damage_healed":0.0,"max_hp_gain":0.0,"max_hp_loss":0.0,"gold_gain":0.0,"event_name":"SensoryStone","player_choice":"Memory 1","floor":36.0,"gold_loss":0.0,"damage_taken":0.0}],"is_beta":false,"boss_relics":[{"not_picked":["Tiny House","halation:MonkeysPaw"],"picked":"hubris:HollowSoul"},{"not_picked":["halation:PlatinumPhoenix","hubris:BlackHole"],"picked":"Astrolabe"}],"items_purged_floors":[0,38],"is_endless":false,"potions_floor_spawned":[2,4,5,16,19,23,24,28,29,42,47,54],"ascension_level":2}}