{"host":"omv42op7s93bjjql","time":1609613253,"event":{"mods":["BaseMod","Colored Map","Colored Powertips","DeckTracker","Keyboard Shortcuts","Minty Spire (QoL Compilation)","StSLib","SuperFastMode"],"gold_per_floor":[114,114,127,137,153,153,184,184,184,194,206,222,222,222,222,222,222],"floor_reached":16,"playtime":553,"items_purged":[],"score":208,"play_id":"4f764897-f38d-4e16-bcc4-d7af0a812130","local_time":"20210103034733","is_ascension_mode":true,"campfire_choices":[{"data":"Underhanded Strike","floor":6,"key":"SMITH"},{"data":"Acrobatics","floor":8,"key":"SMITH"},{"floor":13,"key":"REST"},{"data":"Neutralize","floor":15,"key":"SMITH"}],"circlet_count":0,"master_deck":["AscendersBane","Strike_G","Strike_G","Strike_G","Strike_G","Strike_G","Defend_G","Defend_G","Defend_G","Defend_G","Defend_G","Survivor","Neutralize+1","Acrobatics+1","Underhanded Strike+1","Reflex","Grand Finale","Dagger Throw"],"relics":["Ring of the Snake","Dead Branch","Paper Crane","Pantograph"],"acts_visited":["Exordium"],"potions_floor_usage":[7,10,16],"damage_taken":[{"damage":6,"enemies":"Jaw Worm","floor":1,"turns":4},{"damage":0,"enemies":"Cultist","floor":3,"turns":4},{"damage":12,"enemies":"Small Slimes","floor":4,"turns":4},{"damage":2,"enemies":"Red Slaver","floor":5,"turns":5},{"damage":15,"enemies":"3 Sentries","floor":7,"turns":7},{"damage":1,"enemies":"2 Fungi Beasts","floor":10,"turns":3},{"damage":7,"enemies":"Blue Slaver","floor":11,"turns":4},{"damage":11,"enemies":"Exordium Thugs","floor":12,"turns":4},{"damage":46,"enemies":"Slime Boss","floor":16,"turns":6}],"seed_played":"7746741387245204603","potions_obtained":[{"floor":1,"key":"SpeedPotion"},{"floor":7,"key":"CunningPotion"},{"floor":11,"key":"Dexterity Potion"},{"floor":12,"key":"Swift Potion"}],"is_trial":false,"path_per_floor":["M","?","M","M","M","R","E","R","T","M","M","M","R","?","R","B"],"character_chosen":"THE_SILENT","items_purchased":[],"campfire_rested":1,"item_purchase_floors":[],"current_hp_per_floor":[53,53,53,41,39,39,24,24,24,23,16,5,24,24,24,3,3],"gold":222,"neow_bonus":"ONE_RARE_RELIC","is_daily":false,"chose_seed":false,"campfire_upgraded":3,"win_rate":0.0,"timestamp":1609613253,"path_taken":["M","?","M","M","?","R","E","R","T","M","M","M","R","?","R","BOSS"],"items_purchased_type":[],"build_version":"2020-12-22","purchased_purges":0,"victory":false,"max_hp_per_floor":[66,66,66,66,66,66,66,66,66,66,66,66,66,66,66,66,66],"card_choices":[{"not_picked":["Dodge and Roll","Slice"],"picked":"Acrobatics","floor":1},{"not_picked":["Leg Sweep","Flying Knee"],"picked":"Underhanded Strike","floor":3},{"not_picked":["PiercingWail","Predator"],"picked":"Reflex","floor":4},{"not_picked":["Doppelganger","Dodge and Roll","Underhanded Strike"],"picked":"SKIP","floor":5},{"not_picked":["Dagger Spray","Acrobatics"],"picked":"Grand Finale","floor":7},{"not_picked":["Sucker Punch","Bane","Expertise"],"picked":"SKIP","floor":10},{"not_picked":["Outmaneuver","Bane"],"picked":"Dagger Throw","floor":11},{"not_picked":["Deflect","Sucker Punch","Slice"],"picked":"SKIP","floor":12}],"player_experience":844317,"relics_obtained":[{"floor":7,"key":"Paper Crane"},{"floor":9,"key":"Pantograph"}],"event_choices":[{"cards_removed":["Pain"],"damage_healed":0,"gold_gain":0,"player_choice":"Purged","damage_taken":0,"max_hp_gain":0,"max_hp_loss":0,"event_name":"Purifier","floor":2,"gold_loss":0},{"damage_healed":0,"gold_gain":0,"player_choice":"Ignored","damage_taken":0,"max_hp_gain":0,"max_hp_loss":0,"event_name":"Liars Game","floor":14,"gold_loss":0}],"is_beta":false,"boss_relics":[],"items_purged_floors":[],"is_endless":false,"potions_floor_spawned":[1,7,11,12],"killed_by":"Slime Boss","ascension_level":20}}