{"host":"i0s8vbixp24k5aul","time":1609612621,"event":{"mods":["2.2 Compatiblity","Act Like it!","Aspiration","BaseMod","Better Note","Better Third Choice","Better Vampires","BetterUpgradePreview","Colorless Booster Pack","Dota2Spire","GifTheSpireLib","Halation","Hermit","Hubris","Jedi Mod","Minty Spire (QoL Compilation)","Optimize The Spire","StSLib","The Construct","The Disciple","TheWitcher","vexMod","??????REMEMod"],"gold_per_floor":[116,116,19,39,50,50,64,64,64,81,99,99,99,131,131,205,205,223,223,223,234,247,247,279,279,279,459,474,474,10,59,59,136,136,151,19,29,44,44,71,71,71,71,84,112,112,141,166,166,166,166,166,166,1,36,36],"floor_reached":57,"playtime":3385,"items_purged":[],"score":2816,"play_id":"7cc9730f-f108-493c-befb-b80f797aa581","local_time":"20210102213701","is_ascension_mode":true,"campfire_choices":[{"data":"Bash","floor":6,"key":"SMITH"},{"data":"Battle Trance","floor":8,"key":"SMITH"},{"data":"Defend_R","floor":13,"key":"SMITH"},{"floor":15,"key":"REST"},{"floor":23,"key":"REST"},{"floor":25,"key":"REST"},{"data":"Perfected Strike","floor":32,"key":"SMITH"},{"floor":42,"key":"REST"},{"floor":46,"key":"RECALL"},{"floor":49,"key":"REST"},{"data":"jedi:strikingstrike","floor":53,"key":"SMITH"}],"circlet_count":0,"master_deck":["AscendersBane","Strike_R","Strike_R","Strike_R","Strike_R+1","Strike_R","Defend_R","Defend_R","Defend_R","Defend_R+1","Bash+1","Carnage+1","Battle Trance+1","Injury","Panacea+1","True Grit+1","Rage+1","True Grit+1","Armaments+1","Shrug It Off+1","Double Tap+1","Limit Break+1","Bloodletting+1","Disarm+1","Perfected Strike+1","Disarm+1","Demon Form+1","Flex+1","Finesse+1","jedi:strikingstrike+1","CurseOfTheBell","Shrug It Off+1","Clothesline+1","Intimidate+1","Reaper","Heavy Blade+1","Blood for Blood","Armaments+1","Thunderclap","Demon Form"],"relics":["Burning Blood","REME_ComplimentaryCards","Toxic Egg 2","aspiration:FrozenJewel","aspiration:HiddenCompartment","halation:SelfBoilingWater","Self Forming Clay","Philosopher\u0027s Stone","WarpedTongs","jedi:firstaidkit","Lantern","Dota2Spire:EchoSabre","Medical Kit","Tiny Chest","Calling Bell","Bronze Scales","REME_LimitBreaker","WingedGreaves","Dota2Spire:Vanguard","Dota2Spire:LotusOrb","Bottled Lightning","Dota2Spire:BattleFury","hubris:ToyBattleship","construct:RocketBooster","hubris:64BitClover","hubris:ChampionShield","Dota2Spire:ShadowBlade"],"acts_visited":["Exordium","TheCity","TheBeyond","TheEnding"],"potions_floor_usage":[21,22,33,38,40,48],"damage_taken":[{"damage":0,"enemies":"Cultist","floor":1,"turns":3},{"damage":5,"enemies":"Small Slimes","floor":4,"turns":2},{"damage":3,"enemies":"Jaw Worm","floor":5,"turns":2},{"damage":8,"enemies":"Blue Slaver","floor":7,"turns":3},{"damage":5,"enemies":"Large Slime","floor":10,"turns":5},{"damage":1,"enemies":"Exordium Wildlife","floor":11,"turns":5},{"damage":59,"enemies":"Gremlin Nob","floor":14,"turns":5},{"damage":27,"enemies":"Slime Boss","floor":16,"turns":15},{"damage":4,"enemies":"Spheric Guardian","floor":18,"turns":4},{"damage":25,"enemies":"3 Byrds","floor":21,"turns":6},{"damage":11,"enemies":"3 Cultists","floor":22,"turns":6},{"damage":17,"enemies":"Book of Stabbing","floor":24,"turns":3},{"damage":7,"enemies":"Snake Plant","floor":28,"turns":4},{"damage":34,"enemies":"Collector","floor":33,"turns":7},{"damage":0,"enemies":"3 Shapes","floor":35,"turns":4},{"damage":0,"enemies":"Orb Walker","floor":37,"turns":2},{"damage":41,"enemies":"3 Darklings","floor":38,"turns":10},{"damage":97,"enemies":"Reptomancer","floor":40,"turns":6},{"damage":18,"enemies":"Spire Growth","floor":44,"turns":3},{"damage":30,"enemies":"Giant Head","floor":45,"turns":6},{"damage":0,"enemies":"Reptomancer","floor":47,"turns":2},{"damage":3,"enemies":"Mind Bloom Boss Battle","floor":48,"turns":1},{"damage":11,"enemies":"Awakened One","floor":50,"turns":9},{"damage":55,"enemies":"Time Eater","floor":51,"turns":12},{"damage":74,"enemies":"Shield and Spear","floor":55,"turns":6},{"damage":147,"enemies":"The Heart","floor":56,"turns":10}],"seed_played":"5018524719097974618","potions_obtained":[{"floor":5,"key":"FairyPotion"},{"floor":10,"key":"SmokeBomb"},{"floor":18,"key":"Energy Potion"},{"floor":21,"key":"SkillPotion"},{"floor":28,"key":"LiquidMemories"},{"floor":35,"key":"ColorlessPotion"},{"floor":38,"key":"AttackPotion"},{"floor":44,"key":"jedi:hoardpotion"},{"floor":47,"key":"jedi:StrikingPotion"}],"is_trial":false,"path_per_floor":["M","?","$","M","M","R","M","R","T","M","M","?","R","E","R","B",null,"M","?","?","M","M","R","E","R","T","?","M","?","$","T","R","B",null,"M","?","M","M","T","E","T","R","T","M","E","R","E","?","R","B","B",null,"R","$","E","B",null],"character_chosen":"IRONCLAD","items_purchased":["Panacea+1","Dota2Spire:EchoSabre","Flex+1","Finesse+1","Medical Kit","hubris:ChampionShield"],"campfire_rested":5,"item_purchase_floors":[3,30,30,30,30,54],"current_hp_per_floor":[74,74,74,75,75,75,73,73,73,74,75,65,65,12,34,13,60,62,62,62,43,38,60,49,71,71,52,56,56,56,56,56,33,65,71,71,75,75,75,39,39,61,61,49,46,46,52,55,75,75,60,71,71,71,75,64],"gold":36,"neow_bonus":"UPGRADE_CARD","is_daily":false,"chose_seed":false,"campfire_upgraded":5,"win_rate":0.0,"timestamp":1609612621,"path_taken":["M","?","$","M","M","R","M","R","T","M","M","?","R","E","R","BOSS","M","?","?","M","M","R","E","R","T","?","M","?","$","?","R","BOSS","M","?","M","?","?","E","?","R","T","?","E","R","E","?","R","BOSS","BOSS","R","$","E","BOSS"],"items_purchased_type":["Card","Relic","Card","Card","Relic","Relic"],"build_version":"2020-12-22","purchased_purges":0,"victory":true,"max_hp_per_floor":[75,75,75,75,75,75,75,75,75,75,75,75,75,75,75,75,75,75,75,75,75,75,75,75,75,75,75,75,75,75,75,75,75,75,75,75,75,75,75,75,75,75,75,75,75,75,75,75,75,75,75,75,75,75,75,75],"card_choices":[{"not_picked":["jedi:fear","Body Slam"],"picked":"Battle Trance","floor":1},{"not_picked":["jedi:hate","Reckless Charge"],"picked":"True Grit+1","floor":4},{"not_picked":["Warcry+1","Pummel"],"picked":"Rage+1","floor":5},{"not_picked":["Anger","Dual Wield+1"],"picked":"True Grit+1","floor":7},{"not_picked":["Impervious+1","Heavy Blade"],"picked":"Armaments+1","floor":10},{"not_picked":["Warcry+1","Battle Trance+1"],"picked":"Shrug It Off+1","floor":11},{"not_picked":["Sword Boomerang","Thunderclap"],"picked":"Double Tap+1","floor":14},{"not_picked":["Offering+1","jedi:harder+1"],"picked":"Limit Break+1","floor":16},{"not_picked":["Power Through+1","Dropkick"],"picked":"Bloodletting+1","floor":18},{"not_picked":["Pommel Strike","Twin Strike"],"picked":"Disarm+1","floor":21},{"not_picked":["Metallicize","Dropkick"],"picked":"Perfected Strike","floor":22},{"not_picked":["Flex+1","Wild Strike"],"picked":"Disarm+1","floor":24},{"not_picked":["Sever Soul","Rage+1"],"picked":"Demon Form","floor":28},{"not_picked":["Juggernaut","Impervious+1"],"picked":"jedi:strikingstrike","floor":33},{"not_picked":["jedi:hate","Body Slam+1"],"picked":"Shrug It Off+1","floor":35},{"not_picked":["True Grit+1","Rage+1"],"picked":"Clothesline+1","floor":37},{"not_picked":["Cleave","Combust"],"picked":"Intimidate+1","floor":38},{"not_picked":["Cleave","Dropkick"],"picked":"Reaper","floor":40},{"not_picked":["Armaments+1","Havoc+1"],"picked":"Heavy Blade+1","floor":44},{"not_picked":["jedi:hate","Anger"],"picked":"Blood for Blood","floor":45},{"not_picked":["jedi:suffering","Dark Embrace"],"picked":"Armaments+1","floor":47},{"not_picked":["Perfected Strike","jedi:fear+1"],"picked":"Thunderclap","floor":48},{"not_picked":["Shrug It Off+1","REME_SingleHolding+1"],"picked":"Demon Form","floor":55}],"player_experience":782896,"relics_obtained":[{"floor":9,"key":"aspiration:FrozenJewel"},{"floor":14,"key":"Self Forming Clay"},{"floor":24,"key":"jedi:firstaidkit"},{"floor":26,"key":"Lantern"},{"floor":31,"key":"Tiny Chest"},{"floor":34,"key":"Bronze Scales"},{"floor":34,"key":"REME_LimitBreaker"},{"floor":34,"key":"WingedGreaves"},{"floor":40,"key":"Dota2Spire:LotusOrb"},{"floor":41,"key":"Bottled Lightning"},{"floor":43,"key":"Dota2Spire:BattleFury"},{"floor":45,"key":"hubris:ToyBattleship"},{"floor":47,"key":"construct:RocketBooster"},{"floor":48,"key":"hubris:64BitClover"},{"floor":55,"key":"Dota2Spire:ShadowBlade"}],"event_choices":[{"damage_healed":0,"gold_gain":1,"player_choice":"Relic Relic ","damage_taken":10,"max_hp_gain":0,"max_hp_loss":0,"event_name":"betterThird:BetterScrap","floor":12,"gold_loss":0,"cards_obtained":["Genetic Algorithm"]},{"damage_healed":0,"gold_gain":0,"player_choice":"Rummage","damage_taken":0,"relics_obtained":["WarpedTongs"],"max_hp_gain":0,"max_hp_loss":0,"event_name":"Accursed Blacksmith","floor":19,"gold_loss":0,"cards_obtained":["Pain"]},{"cards_removed":["Pain"],"damage_healed":0,"gold_gain":0,"player_choice":"Purged","damage_taken":0,"max_hp_gain":0,"max_hp_loss":0,"event_name":"Purifier","floor":20,"gold_loss":0},{"damage_healed":0,"gold_gain":180,"player_choice":"GOLD GOLD ","damage_taken":19,"max_hp_gain":0,"max_hp_loss":0,"event_name":"Knowing Skull","floor":27,"potions_obtained":[],"gold_loss":0,"cards_obtained":[]},{"damage_healed":0,"gold_gain":0,"player_choice":"Upgraded","damage_taken":0,"max_hp_gain":0,"max_hp_loss":0,"event_name":"Upgrade Shrine","floor":29,"gold_loss":0,"cards_upgraded":["Demon Form"]},{"damage_healed":0,"gold_gain":0,"player_choice":"Paid Gold","damage_taken":0,"relics_obtained":["Dota2Spire:Vanguard"],"max_hp_gain":0,"max_hp_loss":0,"event_name":"WeMeetAgain","floor":36,"gold_loss":132},{"damage_healed":0,"gold_gain":0,"player_choice":"Fight","damage_taken":0,"max_hp_gain":0,"max_hp_loss":0,"event_name":"MindBloom","floor":48,"gold_loss":0}],"is_beta":false,"boss_relics":[{"not_picked":["aspiration:RitualDagger","Fusion Hammer"],"picked":"Philosopher\u0027s Stone"},{"not_picked":["halation:Risk","Runic Cube"],"picked":"Calling Bell"}],"items_purged_floors":[],"is_endless":false,"potions_floor_spawned":[5,10,18,21,28,35,38,44,47],"ascension_level":20}}