{"host":"oehe2dxjvdgux73m","time":1609604791,"event":{"mods":["AchievementEnabler","BaseMod","Colored Map","Colored Powertips","DeckTracker","Keyboard Shortcuts","Minty Spire (QoL Compilation)","Permanent Neow","StSLib"],"gold_per_floor":[119,119,138,63,77,77,77,90,90,90,90],"floor_reached":10,"playtime":569,"items_purged":["Strike_P"],"score":58,"play_id":"9c5a50db-9afe-4a9e-ad3b-2d46a67cb7e6","local_time":"20210103012631","is_ascension_mode":false,"campfire_choices":[{"data":"Evaluate","floor":6,"key":"SMITH"}],"circlet_count":0,"master_deck":["Strike_P","Strike_P","Defend_P","Defend_P","Defend_P","Defend_P","Eruption","Vigilance","Consecrate","Evaluate+1","SignatureMove","WindmillStrike"],"relics":["PureWater","Du-Vu Doll","Golden Idol","White Beast Statue"],"acts_visited":["Exordium"],"potions_floor_usage":[],"damage_taken":[{"damage":0,"enemies":"2 Louse","floor":1,"turns":4},{"damage":17,"enemies":"Jaw Worm","floor":3,"turns":3},{"damage":15,"enemies":"Small Slimes","floor":5,"turns":4},{"damage":4,"enemies":"Gremlin Gang","floor":8,"turns":7},{"damage":35,"enemies":"3 Sentries","floor":10,"turns":9}],"seed_played":"-5413651894028501696","potions_obtained":[],"is_trial":false,"path_per_floor":["M","?","M","$","M","R","?","M","T","E"],"character_chosen":"WATCHER","items_purchased":[],"campfire_rested":0,"item_purchase_floors":[],"current_hp_per_floor":[72,65,48,48,33,33,33,29,29,0,0],"gold":90,"neow_bonus":"REMOVE_CARD","is_daily":false,"chose_seed":false,"campfire_upgraded":1,"win_rate":0.0,"timestamp":1609604791,"path_taken":["M","?","M","$","M","R","?","M","T","E"],"items_purchased_type":[],"build_version":"2020-12-22","purchased_purges":1,"victory":false,"max_hp_per_floor":[72,72,72,72,72,72,67,67,67,67,67],"card_choices":[{"not_picked":["Halt","LikeWater"],"picked":"Consecrate","floor":1},{"not_picked":["CrushJoints","Consecrate"],"picked":"Evaluate","floor":3},{"not_picked":["FollowUp","CrushJoints"],"picked":"SignatureMove","floor":5},{"not_picked":["CrushJoints","WheelKick"],"picked":"WindmillStrike","floor":8}],"player_experience":52448,"relics_obtained":[{"floor":9,"key":"White Beast Statue"}],"event_choices":[{"damage_healed":0,"gold_gain":0,"player_choice":"Success","damage_taken":7,"relics_obtained":["Du-Vu Doll"],"max_hp_gain":0,"max_hp_loss":0,"event_name":"Scrap Ooze","floor":2,"gold_loss":0},{"damage_healed":0,"gold_gain":0,"player_choice":"Lose Max HP","damage_taken":0,"relics_obtained":["Golden Idol"],"max_hp_gain":0,"max_hp_loss":5,"event_name":"Golden Idol","floor":7,"gold_loss":0}],"is_beta":false,"boss_relics":[],"items_purged_floors":[4],"is_endless":false,"potions_floor_spawned":[],"killed_by":"3 Sentries","ascension_level":0}}