{"host":"dcj2yvrgcvh5dl2s","time":1609591604,"event":{"mods":["BaseMod","Better Note","Block Reminder","Colored Powertips","DeckTracker","Minty Spire (QoL Compilation)","Quick Restart","Rare Cards Sparkle","Relic Stats","StSLib"],"gold_per_floor":[11,24,24,43,59,59,91,91,91,110,35,35,35,51,51,128,128,145,60,60,60,60,89,89,89,89,124,13,13,43,63,63,141,141,154,154,86,40,95,121,121,134,134,144,144,144,144,169,169,169,169],"floor_reached":50,"playtime":3346,"items_purged":["Bash","Shame"],"score":1053,"play_id":"a3aba040-0b78-4f9e-b6db-7d80ccd149ed","local_time":"20210102224644","is_ascension_mode":true,"campfire_choices":[{"data":"Flex","floor":6.0,"key":"SMITH"},{"data":"Heavy Blade","floor":8.0,"key":"SMITH"},{"data":"Shockwave","floor":13.0,"key":"SMITH"},{"data":"Carnage","floor":15.0,"key":"SMITH"},{"floor":25.0,"key":"REST"},{"floor":29.0,"key":"REST"},{"floor":32,"key":"REST"},{"data":"Flex","floor":45,"key":"SMITH"},{"floor":47,"key":"REST"},{"floor":49,"key":"REST"}],"circlet_count":0,"master_deck":["AscendersBane","Strike_R","Strike_R","Strike_R","Strike_R","Defend_R","Defend_R","Defend_R","Defend_R","Feed","Sword Boomerang","Flex+1","Carnage+1","Pummel","Heavy Blade+1","Shockwave+1","Heavy Blade","Limit Break","Inflame","Offering","Disarm","Metallicize","Fire Breathing","Offering","Flex+1","Pummel","Sword Boomerang","Pommel Strike+1","Doubt","Shrug It Off","Writhe","Demon Form"],"relics":["Burning Blood","Mercury Hourglass","Pantograph","Cursed Key","The Courier","MutagenicStrength","Mummified Hand","Question Card","MealTicket","Orichalcum","Black Star","Pocketwatch","Pen Nib","Calipers","Gremlin Horn","Self Forming Clay","Magic Flower"],"acts_visited":["Exordium","TheCity","TheBeyond"],"potions_floor_usage":[39,40,44,50],"damage_taken":[{"damage":12.0,"enemies":"Jaw Worm","floor":1.0,"turns":2.0},{"damage":11.0,"enemies":"Cultist","floor":2.0,"turns":4.0},{"damage":1.0,"enemies":"2 Louse","floor":4.0,"turns":2.0},{"damage":16.0,"enemies":"Exordium Wildlife","floor":5.0,"turns":3.0},{"damage":9.0,"enemies":"Gremlin Nob","floor":7.0,"turns":3.0},{"damage":2.0,"enemies":"3 Louse","floor":10.0,"turns":3.0},{"damage":8.0,"enemies":"Blue Slaver","floor":14.0,"turns":2.0},{"damage":54.0,"enemies":"The Guardian","floor":16.0,"turns":8.0},{"damage":44.0,"enemies":"2 Thieves","floor":18.0,"turns":5.0},{"damage":0.0,"enemies":"Shell Parasite","floor":22.0,"turns":1.0},{"damage":36.0,"enemies":"Gremlin Leader","floor":23.0,"turns":6.0},{"damage":41.0,"enemies":"Slavers","floor":27.0,"turns":4.0},{"damage":31,"enemies":"Gremlin Leader","floor":30,"turns":6},{"damage":0,"enemies":"3 Cultists","floor":31,"turns":3},{"damage":23,"enemies":"Collector","floor":33,"turns":6},{"damage":33,"enemies":"3 Darklings","floor":35,"turns":4},{"damage":24,"enemies":"2 Orb Walkers","floor":39,"turns":4},{"damage":66,"enemies":"Reptomancer","floor":40,"turns":5},{"damage":0,"enemies":"Orb Walker","floor":42,"turns":1},{"damage":48,"enemies":"Transient","floor":44,"turns":6},{"damage":22,"enemies":"Nemesis","floor":48,"turns":3},{"damage":102,"enemies":"Donu and Deca","floor":50,"turns":5}],"seed_played":"1312989365206603027","potions_obtained":[{"floor":2.0,"key":"LiquidMemories"},{"floor":3.0,"key":"PowerPotion"},{"floor":3.0,"key":"DistilledChaos"},{"floor":14.0,"key":"SmokeBomb"},{"floor":23.0,"key":"Regen Potion"},{"floor":31,"key":"SmokeBomb"},{"floor":33,"key":"Ancient Potion"},{"floor":35,"key":"Strength Potion"},{"floor":40,"key":"AttackPotion"},{"floor":48,"key":"Strength Potion"}],"is_trial":false,"path_per_floor":["M","M","?","M","M","R","E","R","T","M","$","?","R","M","R","B",null,"M","?","?","?","M","E","?","R","T","E","$","R","E","M","R","B",null,"M","?","$","$","?","E","?","M","T","M","R","T","R","E","R","B"],"character_chosen":"IRONCLAD","items_purchased":["Disarm","Pummel","Sword Boomerang"],"campfire_rested":5,"item_purchase_floors":[28,37,38],"current_hp_per_floor":[65,63,63,71,61,61,58,58,58,65,65,65,65,63,63,39,75,37,37,37,37,43,13,4,30,30,7,22,48,23,32,59,67,84,57,57,72,87,69,9,90,90,90,48,48,48,75,59,86,0,0],"gold":169,"neow_bonus":"THREE_RARE_CARDS","is_daily":false,"chose_seed":false,"campfire_upgraded":5,"win_rate":0.0,"timestamp":1609591604,"path_taken":["M","M","?","M","M","R","E","R","T","?","$","?","R","?","R","BOSS","M","?","?","?","M","E","?","R","T","E","$","R","E","M","R","BOSS","M","?","?","$","?","E","?","M","T","M","R","?","R","E","R","BOSS"],"items_purchased_type":["Card","Card","Card"],"build_version":"2020-12-22","purchased_purges":2,"victory":false,"max_hp_per_floor":[78,81,81,84,84,84,84,84,84,87,87,87,87,87,87,87,87,87,87,87,87,87,87,87,87,87,87,87,87,87,90,90,90,90,90,90,90,90,90,90,90,90,90,90,90,90,90,90,90,90,90],"relic_stats":{"Gremlin Horn":[1,1],"counters":[22,85],"Self Forming Clay":[24],"Magic Flower":[0],"Pen Nib":[3],"Orichalcum":[102],"Cursed Key":2,"Question Card":10,"Burning Blood":120,"Mercury Hourglass":[327],"Mummified Hand":[29],"Pantograph":53,"MealTicket":45,"Black Star":2,"obtain_stats":[{"Calipers":40,"Gremlin Horn":43,"Self Forming Clay":48,"Magic Flower":48,"The Courier":19,"Pen Nib":40,"Orichalcum":30,"Cursed Key":17,"Question Card":26,"Burning Blood":0,"Mercury Hourglass":7,"Mummified Hand":23,"Pantograph":9,"MutagenicStrength":20,"MealTicket":27,"Black Star":34,"Pocketwatch":39},{"Calipers":18,"Gremlin Horn":19,"Self Forming Clay":21,"Magic Flower":21,"The Courier":9,"Pen Nib":18,"Orichalcum":13,"Cursed Key":8,"Question Card":11,"Burning Blood":0,"Mercury Hourglass":5,"Mummified Hand":11,"Pantograph":5,"MutagenicStrength":9,"MealTicket":12,"Black Star":15,"Pocketwatch":17},{"Calipers":70,"Gremlin Horn":71,"Self Forming Clay":80,"Magic Flower":80,"The Courier":31,"Pen Nib":70,"Orichalcum":48,"Cursed Key":26,"Question Card":38,"Burning Blood":0,"Mercury Hourglass":14,"Mummified Hand":38,"Pantograph":14,"MutagenicStrength":31,"MealTicket":42,"Black Star":57,"Pocketwatch":65}],"Pocketwatch":[9]},"card_choices":[{"not_picked":["Berserk","Fiend Fire"],"picked":"Feed","floor":0.0},{"not_picked":["Havoc","Wild Strike"],"picked":"Sword Boomerang","floor":1.0},{"not_picked":["Fire Breathing","Shrug It Off"],"picked":"Flex","floor":2.0},{"not_picked":["Sword Boomerang","Bloodletting"],"picked":"Carnage","floor":4.0},{"not_picked":["Warcry","Berserk"],"picked":"Pummel","floor":5.0},{"not_picked":["Dark Embrace","Pommel Strike"],"picked":"Heavy Blade","floor":7.0},{"not_picked":["Armaments","Thunderclap"],"picked":"Shockwave","floor":10.0},{"not_picked":["Sever Soul","Wild Strike"],"picked":"Heavy Blade","floor":14.0},{"not_picked":["Demon Form","Fiend Fire"],"picked":"Limit Break","floor":16.0},{"not_picked":["Warcry","Clothesline","Iron Wave"],"picked":"SKIP","floor":18.0},{"not_picked":["Armaments","Shrug It Off"],"picked":"Inflame","floor":23.0},{"not_picked":["Berserk","Rampage","Sentinel"],"picked":"Offering","floor":27.0},{"not_picked":["Uppercut","Havoc","Headbutt"],"picked":"Metallicize","floor":30},{"not_picked":["Thunderclap","Wild Strike","Twin Strike"],"picked":"Fire Breathing","floor":31},{"not_picked":["Barricade","Fiend Fire","Juggernaut"],"picked":"Offering","floor":33},{"not_picked":["Rampage","Power Through","Infernal Blade"],"picked":"Flex","floor":35},{"not_picked":["Clash","Dropkick","Blood for Blood"],"picked":"Pommel Strike+1","floor":39},{"not_picked":["Sever Soul","Heavy Blade","Bludgeon","Twin Strike"],"picked":"SKIP","floor":40},{"not_picked":["Havoc+1","Demon Form","Carnage"],"picked":"Shrug It Off","floor":42},{"not_picked":["Rupture","Sword Boomerang","Entrench","Armaments"],"picked":"SKIP","floor":44},{"not_picked":["Reckless Charge","Dark Embrace","Carnage+1"],"picked":"Demon Form","floor":48}],"player_experience":2173833,"relics_obtained":[{"floor":7.0,"key":"Mercury Hourglass"},{"floor":9.0,"key":"Pantograph"},{"floor":23.0,"key":"Mummified Hand"},{"floor":26.0,"key":"Question Card"},{"floor":27.0,"key":"MealTicket"},{"floor":30,"key":"Orichalcum"},{"floor":39,"key":"Pocketwatch"},{"floor":40,"key":"Pen Nib"},{"floor":40,"key":"Calipers"},{"floor":43,"key":"Gremlin Horn"},{"floor":48,"key":"Self Forming Clay"},{"floor":48,"key":"Magic Flower"}],"event_choices":[{"damage_healed":0.0,"max_hp_gain":0.0,"max_hp_loss":0.0,"gold_gain":0.0,"event_name":"Lab","player_choice":"Got Potions","floor":3.0,"gold_loss":0.0,"damage_taken":0.0},{"cards_removed":["Strike_R"],"damage_healed":0.0,"max_hp_gain":0.0,"max_hp_loss":0.0,"gold_gain":0.0,"event_name":"Bonfire Elementals","player_choice":"Offered Basic","floor":12.0,"gold_loss":0.0,"damage_taken":0.0},{"damage_healed":0.0,"max_hp_gain":0.0,"max_hp_loss":0.0,"gold_gain":0.0,"event_name":"Addict","player_choice":"Obtained Relic","floor":19.0,"gold_loss":85.0,"damage_taken":0.0,"relics_obtained":["The Courier"]},{"damage_healed":0.0,"max_hp_gain":0.0,"max_hp_loss":0.0,"gold_gain":0.0,"event_name":"Drug Dealer","player_choice":"Inject Mutagens","floor":20.0,"gold_loss":0.0,"damage_taken":0.0,"relics_obtained":["MutagenicStrength"]},{"damage_healed":0.0,"max_hp_gain":0.0,"max_hp_loss":0.0,"gold_gain":0.0,"event_name":"The Mausoleum","player_choice":"Ignored","floor":21.0,"gold_loss":0.0,"damage_taken":0.0},{"damage_healed":0.0,"max_hp_gain":0.0,"max_hp_loss":0.0,"gold_gain":0.0,"event_name":"Cursed Tome","player_choice":"Stopped","floor":24.0,"gold_loss":0.0,"damage_taken":9.0},{"damage_healed":0,"gold_gain":0,"player_choice":"0 cards matched","damage_taken":0,"max_hp_gain":0,"max_hp_loss":0,"event_name":"Match and Keep!","floor":36,"gold_loss":0,"cards_obtained":[]},{"damage_healed":0,"gold_gain":0,"player_choice":"Fight","damage_taken":0,"max_hp_gain":0,"max_hp_loss":0,"event_name":"Mysterious Sphere","floor":39,"gold_loss":0},{"damage_healed":81,"gold_gain":0,"player_choice":"Heal","damage_taken":0,"max_hp_gain":0,"max_hp_loss":0,"event_name":"MindBloom","floor":41,"gold_loss":0,"cards_obtained":["Doubt"]}],"is_beta":false,"boss_relics":[{"not_picked":["Coffee Dripper","Tiny House"],"picked":"Cursed Key"},{"not_picked":["SlaversCollar","Astrolabe"],"picked":"Black Star"}],"items_purged_floors":[11,28],"is_endless":false,"potions_floor_spawned":[2,5,14,22,23,31,33,35,40,48],"killed_by":"Donu and Deca","ascension_level":18}}