{"host":"bg8va46pgqgvtzim","time":1609602108,"event":{"mods":["BaseMod","Minty Spire (QoL Compilation)","Quick Restart","StSLib","SuperFastMode"],"gold_per_floor":[17,37,56,69,81,114,124,155,155,169,169,169,94,126,126,222,222,236,236,249,249,264,264,294,294,294,319,336,336,369,387,387,491,491,504,515,264,264,314,347,347,360,383,383,395,727,727,756,756,756,756,756,13,42,42],"floor_reached":56,"playtime":2064,"items_purged":["Strike_G","Defend_G"],"score":1754,"play_id":"567b8f62-a0e9-41c1-90d5-44ab6357ef12","local_time":"20210102234148","is_ascension_mode":true,"campfire_choices":[{"data":"Flechettes","floor":12.0,"key":"SMITH"},{"data":"Blade Dance","floor":15.0,"key":"SMITH"},{"data":"Envenom","floor":23.0,"key":"SMITH"},{"data":"Cloak And Dagger","floor":25.0,"key":"SMITH"},{"data":"Tools of the Trade","floor":29.0,"key":"SMITH"},{"data":"Concentrate","floor":32.0,"key":"SMITH"},{"data":"Well Laid Plans","floor":41.0,"key":"SMITH"},{"floor":44.0,"key":"RECALL"},{"floor":49.0,"key":"REST"},{"floor":52.0,"key":"REST"}],"circlet_count":0,"master_deck":["Defend_G+1","Defend_G+1","Survivor+1","Blade Dance+1","Well Laid Plans+1","Cloak And Dagger+1","Flechettes+1","Tools of the Trade+1","Concentrate+1","Acrobatics+1","Envenom+1","Escape Plan+1","Adrenaline+1","Expertise+1","Prepared+1","Tactician+1"],"relics":["Ring of the Snake","Torii","Ninja Scroll","MealTicket","Toxic Egg 2","Philosopher\u0027s Stone","Pear","Bottled Tornado","PreservedInsect","Tiny Chest","Empty Cage","Snake Skull","Gambling Chip","War Paint","Lantern","Old Coin","Happy Flower","TheAbacus","Incense Burner","Vajra","Paper Crane"],"acts_visited":["Exordium","TheCity","TheBeyond","TheEnding"],"potions_floor_usage":[55,55,55],"damage_taken":[{"damage":0.0,"enemies":"2 Louse","floor":1.0,"turns":3.0},{"damage":0.0,"enemies":"Jaw Worm","floor":2.0,"turns":4.0},{"damage":2.0,"enemies":"Cultist","floor":3.0,"turns":4.0},{"damage":0.0,"enemies":"2 Fungi Beasts","floor":4.0,"turns":5.0},{"damage":0.0,"enemies":"Large Slime","floor":5.0,"turns":5.0},{"damage":28.0,"enemies":"3 Sentries","floor":6.0,"turns":10.0},{"damage":0.0,"enemies":"Exordium Thugs","floor":7.0,"turns":5.0},{"damage":22.0,"enemies":"Gremlin Nob","floor":8.0,"turns":5.0},{"damage":0.0,"enemies":"Gremlin Gang","floor":10.0,"turns":4.0},{"damage":7.0,"enemies":"Lagavulin","floor":14.0,"turns":6.0},{"damage":7.0,"enemies":"Hexaghost","floor":16.0,"turns":9.0},{"damage":8.0,"enemies":"Shell Parasite","floor":18.0,"turns":5.0},{"damage":0.0,"enemies":"3 Byrds","floor":20.0,"turns":3.0},{"damage":13.0,"enemies":"Snecko","floor":22.0,"turns":5.0},{"damage":18.0,"enemies":"Slavers","floor":24.0,"turns":6.0},{"damage":25.0,"enemies":"Book of Stabbing","floor":27.0,"turns":5.0},{"damage":0.0,"enemies":"Sentry and Sphere","floor":28.0,"turns":4.0},{"damage":7.0,"enemies":"Slavers","floor":30.0,"turns":5.0},{"damage":2.0,"enemies":"Centurion and Healer","floor":31.0,"turns":4.0},{"damage":7.0,"enemies":"Collector","floor":33.0,"turns":7.0},{"damage":0.0,"enemies":"3 Darklings","floor":35.0,"turns":3.0},{"damage":0.0,"enemies":"Orb Walker","floor":36.0,"turns":1.0},{"damage":0.0,"enemies":"2 Orb Walkers","floor":39.0,"turns":2.0},{"damage":0.0,"enemies":"Reptomancer","floor":40.0,"turns":1.0},{"damage":0.0,"enemies":"3 Darklings","floor":42.0,"turns":1.0},{"damage":0.0,"enemies":"Maw","floor":45.0,"turns":2.0},{"damage":0.0,"enemies":"Giant Head","floor":46.0,"turns":1.0},{"damage":0.0,"enemies":"Nemesis","floor":48.0,"turns":1.0},{"damage":0.0,"enemies":"Awakened One","floor":50.0,"turns":2.0},{"damage":0,"enemies":"Shield and Spear","floor":54,"turns":4},{"damage":0,"enemies":"The Heart","floor":55,"turns":3}],"seed_played":"6533882110416600668","potions_obtained":[{"floor":1.0,"key":"Poison Potion"},{"floor":2.0,"key":"Swift Potion"},{"floor":5.0,"key":"Fruit Juice"},{"floor":10.0,"key":"CunningPotion"},{"floor":14.0,"key":"SpeedPotion"},{"floor":22.0,"key":"Block Potion"},{"floor":24.0,"key":"ColorlessPotion"},{"floor":30.0,"key":"SpeedPotion"},{"floor":31.0,"key":"Dexterity Potion"},{"floor":36.0,"key":"Strength Potion"},{"floor":39.0,"key":"FearPotion"},{"floor":40.0,"key":"Dexterity Potion"}],"is_trial":false,"path_per_floor":["M","M","M","M","M","E","M","E","T","M","?","R","$","E","R","B",null,"M","?","M","?","M","R","E","R","T","E","M","R","E","M","R","B",null,"M","M","$","?","?","E","R","M","T","R","M","E","?","E","R","B",null,"R","$","E","B",null],"character_chosen":"THE_SILENT","items_purchased":["Snake Skull","TheAbacus","Tactician+1","Incense Burner","Vajra","Ancient Potion"],"campfire_rested":2,"item_purchase_floors":[37,53,53,53,53,53],"current_hp_per_floor":[70,70,68,68,68,40,40,18,18,23,20,20,35,28,28,21,75,67,67,67,67,54,54,46,46,46,21,21,21,14,12,12,5,85,85,85,85,85,85,85,85,85,85,85,85,85,85,85,85,85,85,85,85,85,85],"gold":42,"neow_bonus":"REMOVE_TWO","is_daily":false,"chose_seed":false,"campfire_upgraded":7,"win_rate":0.0,"timestamp":1609602108,"path_taken":["M","M","M","M","M","E","M","E","T","M","?","R","$","E","R","BOSS","M","?","?","?","M","R","E","R","T","E","M","R","E","M","R","BOSS","M","M","$","?","?","E","R","M","T","R","M","E","?","E","R","BOSS","R","$","E","BOSS"],"items_purchased_type":["Relic","Relic","Card","Relic","Relic","Potion"],"build_version":"2020-12-22","purchased_purges":2,"victory":true,"max_hp_per_floor":[70,70,70,70,70,70,70,70,70,75,75,75,75,75,75,75,75,75,75,75,75,75,75,85,85,85,85,85,85,85,85,85,85,85,85,85,85,85,85,85,85,85,85,85,85,85,85,85,85,85,85,85,85,85,85],"card_choices":[{"not_picked":["Riddle With Holes","Concentrate"],"picked":"Blade Dance","floor":1.0},{"not_picked":["Bane","Backflip"],"picked":"Well Laid Plans","floor":2.0},{"not_picked":["Quick Slash","Infinite Blades"],"picked":"Cloak And Dagger","floor":3.0},{"not_picked":["Prepared","Heel Hook"],"picked":"Flechettes","floor":4.0},{"not_picked":["Leg Sweep","Concentrate"],"picked":"Tools of the Trade","floor":5.0},{"not_picked":["Sucker Punch","Distraction","Deadly Poison"],"picked":"SKIP","floor":6.0},{"not_picked":["Bane","Heel Hook","Choke"],"picked":"SKIP","floor":7.0},{"not_picked":["Backflip","Dodge and Roll"],"picked":"Concentrate","floor":8.0},{"not_picked":["Storm of Steel","Slice","Prepared"],"picked":"SKIP","floor":10.0},{"not_picked":["Blade Dance+1","Bane"],"picked":"Acrobatics+1","floor":14.0},{"not_picked":["Doppelganger+1","Malaise+1"],"picked":"Envenom","floor":16.0},{"not_picked":["Backstab","Dodge and Roll+1","Sucker Punch"],"picked":"SKIP","floor":18.0},{"not_picked":["Choke","Distraction+1","Poisoned Stab"],"picked":"SKIP","floor":20.0},{"not_picked":["Deadly Poison+1","Outmaneuver+1","Blade Dance+1"],"picked":"SKIP","floor":22.0},{"not_picked":["Deadly Poison+1","Outmaneuver+1","Blade Dance+1"],"picked":"SKIP","floor":22.0},{"not_picked":["Envenom","Quick Slash"],"picked":"Escape Plan+1","floor":24.0},{"not_picked":["Deflect+1","Die Die Die","Slice"],"picked":"SKIP","floor":27.0},{"not_picked":["Distraction+1","Deadly Poison+1","Sucker Punch"],"picked":"SKIP","floor":28.0},{"not_picked":["Poisoned Stab","Flechettes","Well Laid Plans"],"picked":"SKIP","floor":30.0},{"not_picked":["Sucker Punch","Choke","Masterful Stab"],"picked":"SKIP","floor":31.0},{"not_picked":["Storm of Steel+1","Burst+1"],"picked":"Adrenaline+1","floor":33.0},{"not_picked":["Riddle With Holes","Blade Dance+1"],"picked":"Expertise+1","floor":35.0},{"not_picked":["Sucker Punch+1","Flechettes+1"],"picked":"Prepared+1","floor":36.0},{"not_picked":["Expertise+1","Outmaneuver+1","Dash"],"picked":"SKIP","floor":40.0},{"not_picked":["Underhanded Strike","Poisoned Stab","Deadly Poison+1"],"picked":"SKIP","floor":42.0},{"not_picked":["Bane+1","Backstab","Sucker Punch+1"],"picked":"SKIP","floor":45.0},{"not_picked":["Quick Slash","Noxious Fumes+1","Heel Hook+1"],"picked":"SKIP","floor":46.0},{"not_picked":["Quick Slash","Dash+1","Bane+1"],"picked":"SKIP","floor":48.0},{"not_picked":["Masterful Stab","Bane+1","Night Terror+1"],"picked":"SKIP","floor":54}],"player_experience":2223241,"relics_obtained":[{"floor":6.0,"key":"Torii"},{"floor":8.0,"key":"Ninja Scroll"},{"floor":14.0,"key":"Toxic Egg 2"},{"floor":24.0,"key":"Pear"},{"floor":26.0,"key":"Bottled Tornado"},{"floor":27.0,"key":"PreservedInsect"},{"floor":30.0,"key":"Tiny Chest"},{"floor":39.0,"key":"Gambling Chip"},{"floor":40.0,"key":"War Paint"},{"floor":43.0,"key":"Lantern"},{"floor":46.0,"key":"Old Coin"},{"floor":48.0,"key":"Happy Flower"},{"floor":54,"key":"Paper Crane"}],"event_choices":[{"damage_healed":0.0,"max_hp_gain":0.0,"max_hp_loss":0.0,"gold_gain":0.0,"event_name":"Scrap Ooze","player_choice":"Success","floor":11.0,"gold_loss":0.0,"damage_taken":3.0,"relics_obtained":["MealTicket"]},{"cards_removed":["Strike_G"],"damage_healed":0.0,"max_hp_gain":0.0,"max_hp_loss":0.0,"gold_gain":0.0,"event_name":"Bonfire Elementals","player_choice":"Offered Basic","floor":19.0,"gold_loss":0.0,"damage_taken":0.0},{"cards_removed":["Strike_G"],"damage_healed":0.0,"max_hp_gain":0.0,"max_hp_loss":0.0,"gold_gain":0.0,"event_name":"Back to Basics","player_choice":"Elegance","floor":21.0,"gold_loss":0.0,"damage_taken":0.0},{"cards_removed":["Neutralize"],"damage_healed":0.0,"max_hp_gain":0.0,"max_hp_loss":0.0,"gold_gain":0.0,"event_name":"Falling","player_choice":"Removed Attack","floor":38.0,"gold_loss":0.0,"damage_taken":0.0},{"damage_healed":0.0,"max_hp_gain":0.0,"max_hp_loss":0.0,"gold_gain":0.0,"event_name":"Mysterious Sphere","player_choice":"Fight","floor":39.0,"gold_loss":0.0,"damage_taken":0.0},{"damage_healed":0.0,"max_hp_gain":0.0,"max_hp_loss":0.0,"gold_gain":0.0,"event_name":"Accursed Blacksmith","player_choice":"Forge","floor":47.0,"gold_loss":0.0,"damage_taken":0.0,"cards_upgraded":["Defend_G"]}],"is_beta":false,"boss_relics":[{"not_picked":["Fusion Hammer","Snecko Eye"],"picked":"Philosopher\u0027s Stone"},{"not_picked":["Cursed Key","Runic Dome"],"picked":"Empty Cage"}],"items_purged_floors":[13,37],"is_endless":false,"potions_floor_spawned":[1,2,5,10,14,22,24,30,31,36,39,40,42],"ascension_level":1}}