{"host":"2se5dq1do2gp0x9k","time":1609568411,"event":{"mods":["AchievementEnabler","BaseMod","Block Reminder","Colored Map","Colored Powertips","Minty Spire (QoL Compilation)","Relic Stats","StSLib","SuperFastMode"],"gold_per_floor":[115,130,143,159,159,186,186,216,266,266,151,179,195,213,213,309,309,325,250,260,270,2,2,15,15,15],"floor_reached":25,"playtime":1348,"items_purged":["Defend_P","Strike_P"],"score":316,"play_id":"88083e36-1a9d-49d2-b501-07c6670aa6bf","local_time":"20210101222011","is_ascension_mode":true,"campfire_choices":[{"data":"Vault","floor":7.0,"key":"SMITH"},{"data":"Eruption","floor":15.0,"key":"SMITH"},{"data":"Tantrum","floor":23.0,"key":"SMITH"}],"circlet_count":0,"master_deck":["Strike_P","Defend_P","Defend_P","Defend_P","Eruption+1","Vigilance","Tantrum+1","EmptyMind","LikeWater","CutThroughFate","Vault+1","CutThroughFate","JustLucky","Perseverance+1","Perseverance+1","JustLucky","Crescendo+1","Scrawl+1","Nirvana","CutThroughFate","ThirdEye+1","Secret Technique+1","Nirvana+1"],"relics":["PureWater","NeowsBlessing","MealTicket","Toxic Egg 2","Blood Vial","Bag of Marbles","VioletLotus"],"acts_visited":["Exordium","TheCity"],"potions_floor_usage":[24,24],"damage_taken":[{"damage":0.0,"enemies":"Cultist","floor":1.0,"turns":1.0},{"damage":0.0,"enemies":"Small Slimes","floor":2.0,"turns":1.0},{"damage":0.0,"enemies":"2 Louse","floor":3.0,"turns":1.0},{"damage":14.0,"enemies":"Exordium Thugs","floor":4.0,"turns":5.0},{"damage":0.0,"enemies":"Gremlin Nob","floor":6.0,"turns":4.0},{"damage":0.0,"enemies":"Lagavulin","floor":8.0,"turns":4.0},{"damage":19.0,"enemies":"Gremlin Nob","floor":12.0,"turns":4.0},{"damage":1.0,"enemies":"Blue Slaver","floor":13.0,"turns":4.0},{"damage":13.0,"enemies":"Lots of Slimes","floor":14.0,"turns":3.0},{"damage":6.0,"enemies":"The Guardian","floor":16.0,"turns":14.0},{"damage":0.0,"enemies":"Chosen","floor":18.0,"turns":3.0},{"damage":2.0,"enemies":"3 Byrds","floor":20.0,"turns":5.0},{"damage":23.0,"enemies":"Snake Plant","floor":21.0,"turns":6.0},{"damage":9,"enemies":"Chosen and Byrds","floor":24,"turns":6},{"damage":61,"enemies":"Gremlin Leader","floor":25,"turns":9}],"seed_played":"1736254393659916246","potions_obtained":[{"floor":1.0,"key":"PowerPotion"},{"floor":2.0,"key":"Energy Potion"},{"floor":4.0,"key":"GamblersBrew"},{"floor":6.0,"key":"Weak Potion"},{"floor":14.0,"key":"Explosive Potion"},{"floor":18.0,"key":"EntropicBrew"}],"is_trial":false,"path_per_floor":["M","M","M","M","?","E","R","E","T","?","$","E","M","M","R","B",null,"M","?","M","M","$","R","M","E"],"character_chosen":"WATCHER","items_purchased":["Perseverance+1","Secret Technique+1"],"campfire_rested":0,"item_purchase_floors":[11,22],"current_hp_per_floor":[72,72,72,58,58,58,58,58,58,51,66,49,50,39,39,35,72,72,72,70,49,64,64,57,0,0],"gold":15,"neow_bonus":"THREE_ENEMY_KILL","is_daily":false,"chose_seed":false,"campfire_upgraded":3,"win_rate":0.0,"timestamp":1609568411,"path_taken":["M","?","?","M","?","E","R","E","T","?","$","E","?","M","R","BOSS","M","?","M","M","$","R","M","E"],"items_purchased_type":["Card","Card"],"build_version":"2020-12-22","purchased_purges":2,"victory":false,"max_hp_per_floor":[72,72,72,72,72,72,72,72,72,72,72,72,72,72,72,72,72,72,72,72,72,72,72,72,72,72],"relic_stats":{"Blood Vial":14,"counters":[15,70],"MealTicket":30,"VioletLotus":[7],"obtain_stats":[{"Blood Vial":9,"NeowsBlessing":0,"MealTicket":6,"VioletLotus":17,"Bag of Marbles":12,"PureWater":0,"Toxic Egg 2":8},{"Blood Vial":6,"NeowsBlessing":0,"MealTicket":5,"VioletLotus":10,"Bag of Marbles":7,"PureWater":0,"Toxic Egg 2":6},{"Blood Vial":16,"NeowsBlessing":0,"MealTicket":12,"VioletLotus":41,"Bag of Marbles":20,"PureWater":0,"Toxic Egg 2":16}]},"card_choices":[{"not_picked":["JustLucky","SandsOfTime"],"picked":"Tantrum","floor":1.0},{"not_picked":["CrushJoints","Prostrate"],"picked":"EmptyMind","floor":2.0},{"not_picked":["Swivel","PathToVictory"],"picked":"LikeWater","floor":3.0},{"not_picked":["BowlingBash","CrushJoints"],"picked":"CutThroughFate","floor":4.0},{"not_picked":["EmptyFist","EmptyBody"],"picked":"CutThroughFate","floor":6.0},{"not_picked":["FollowUp","Perseverance+1"],"picked":"JustLucky","floor":8.0},{"not_picked":["BowlingBash","ThirdEye+1"],"picked":"Perseverance+1","floor":12.0},{"not_picked":["ThirdEye+1","Devotion"],"picked":"JustLucky","floor":13.0},{"not_picked":["Evaluate+1","EmptyFist"],"picked":"Crescendo+1","floor":14.0},{"not_picked":["SpiritShield+1","ConjureBlade+1"],"picked":"Scrawl+1","floor":16.0},{"not_picked":["SignatureMove+1","Consecrate"],"picked":"Nirvana","floor":18.0},{"not_picked":["FlurryOfBlows","ThirdEye+1"],"picked":"CutThroughFate","floor":20.0},{"not_picked":["ReachHeaven","EmptyBody+1"],"picked":"ThirdEye+1","floor":21.0},{"not_picked":["MentalFortress","CrushJoints+1"],"picked":"Nirvana+1","floor":24}],"player_experience":3706948,"relics_obtained":[{"floor":6.0,"key":"MealTicket"},{"floor":8.0,"key":"Toxic Egg 2"},{"floor":9.0,"key":"Blood Vial"},{"floor":12.0,"key":"Bag of Marbles"}],"event_choices":[{"damage_healed":0.0,"max_hp_gain":0.0,"max_hp_loss":0.0,"gold_gain":0.0,"cards_transformed":["Strike_P"],"event_name":"Living Wall","player_choice":"Change","floor":5.0,"gold_loss":0.0,"damage_taken":0.0,"cards_obtained":["Vault"]},{"damage_healed":0.0,"max_hp_gain":0.0,"max_hp_loss":0.0,"gold_gain":0.0,"event_name":"Wheel of Change","player_choice":"Damaged","floor":10.0,"gold_loss":0.0,"damage_taken":7.0},{"cards_removed":["Strike_P"],"damage_healed":0.0,"max_hp_gain":0.0,"max_hp_loss":0.0,"gold_gain":0.0,"event_name":"Beggar","player_choice":"Gave Gold","floor":19.0,"gold_loss":75.0,"damage_taken":0.0}],"is_beta":false,"boss_relics":[{"not_picked":["Cursed Key","Tiny House"],"picked":"VioletLotus"}],"items_purged_floors":[11,22],"is_endless":false,"potions_floor_spawned":[1,2,4,6,14,18],"killed_by":"Gremlin Leader","ascension_level":3}}