{"host":"z2wso2sh7putqk53","time":1609631276,"event":{"mods":["AchievementEnabler","BaseMod","DeckTracker","Minty Spire (QoL Compilation)"],"gold_per_floor":[114,129,144,159,159,159,189,204,204,204,219,69,84,99,99,199,199,214,139,139,154,169,199,199,49,124,139,214,214,71,86,86,186,186,201,226,241,256,306,306,306,306,306,17,42,72,87,87,87,87,87],"floor_reached":50,"playtime":2438,"items_purged":["Pain","Writhe"],"score":694,"play_id":"7481fc61-f211-4978-8d36-a8ff78fe10bf","local_time":"20210102154756","daily_mods":["Insanity","Time Dilation","Binary"],"is_ascension_mode":false,"campfire_choices":[{"data":"Demon Form","floor":6,"key":"SMITH"},{"data":"Armaments","floor":15,"key":"SMITH"},{"data":"Dark Embrace","floor":24,"key":"SMITH"},{"floor":29,"key":"REST"},{"data":"Armaments","floor":32,"key":"SMITH"},{"floor":40,"key":"REST"},{"floor":49,"key":"REST"}],"circlet_count":0,"master_deck":["Uppercut","Shrug It Off","Anger","Perfected Strike","Headbutt","Flame Barrier","Armaments+1","Sentinel","Heavy Blade","Havoc","Rage","Dropkick","Cleave","Havoc","Dark Embrace+1","Twin Strike","Battle Trance","Bloodletting","Twin Strike","Cleave","Inflame","True Grit","Burning Pact","Searing Blow","Spot Weakness","Bloodletting","Twin Strike","Twin Strike","Heavy Blade","True Grit","Warcry","True Grit","Cleave","Searing Blow","Shrug It Off","Body Slam","Thunderclap","Wild Strike","Havoc","Flex","Dual Wield","Wild Strike+1","Sentinel","Clothesline","Anger","Flex","Rampage","Warcry","Perfected Strike","Twin Strike+1","Demon Form+1","Flame Barrier","Inflame","Armaments+1","Cleave","Feed","Warcry+1","Disarm","Sentinel+1","Inflame+1","Blood for Blood","Evolve","Brutality","Disarm","Regret","Flex","Jack Of All Trades","Trip","Injury","Combust","Havoc","Regret","Wild Strike+1","True Grit+1"],"relics":["Burning Blood","Bag of Preparation","Kunai","Pear","Tiny Chest","Cursed Key","Happy Flower","Frozen Eye","Shuriken","SlaversCollar","Smiling Mask","Turnip","Ornamental Fan","Membership Card","Strawberry","Bronze Scales"],"acts_visited":["Exordium","TheCity","TheBeyond"],"potions_floor_usage":[13,16,22,23,31,38,47,47,47],"damage_taken":[{"damage":0,"enemies":"Cultist","floor":1,"turns":2},{"damage":0,"enemies":"Jaw Worm","floor":2,"turns":2},{"damage":0,"enemies":"2 Louse","floor":3,"turns":2},{"damage":5,"enemies":"Blue Slaver","floor":4,"turns":2},{"damage":3,"enemies":"Gremlin Nob","floor":7,"turns":2},{"damage":3,"enemies":"2 Fungi Beasts","floor":8,"turns":1},{"damage":12,"enemies":"Lots of Slimes","floor":11,"turns":4},{"damage":0,"enemies":"Looter","floor":13,"turns":1},{"damage":0,"enemies":"Blue Slaver","floor":14,"turns":2},{"damage":19,"enemies":"Hexaghost","floor":16,"turns":6},{"damage":10,"enemies":"2 Thieves","floor":18,"turns":2},{"damage":5,"enemies":"Shell Parasite","floor":21,"turns":4},{"damage":3,"enemies":"Centurion and Healer","floor":22,"turns":1},{"damage":10,"enemies":"Slavers","floor":23,"turns":4},{"damage":29,"enemies":"Sentry and Sphere","floor":27,"turns":4},{"damage":15,"enemies":"Snake Plant","floor":31,"turns":3},{"damage":60,"enemies":"Collector","floor":33,"turns":8},{"damage":0,"enemies":"Orb Walker","floor":35,"turns":1},{"damage":17,"enemies":"3 Darklings","floor":37,"turns":4},{"damage":14,"enemies":"Spire Growth","floor":38,"turns":3},{"damage":37,"enemies":"Mind Bloom Boss Battle","floor":39,"turns":4},{"damage":50,"enemies":"Nemesis","floor":46,"turns":5},{"damage":26,"enemies":"Transient","floor":47,"turns":5},{"damage":63,"enemies":"Donu and Deca","floor":50,"turns":4}],"seed_played":"-4486375853315586652","potions_obtained":[{"floor":1,"key":"SmokeBomb"},{"floor":2,"key":"Weak Potion"},{"floor":4,"key":"Fire Potion"},{"floor":11,"key":"FearPotion"},{"floor":16,"key":"SneckoOil"},{"floor":21,"key":"DistilledChaos"},{"floor":22,"key":"Strength Potion"},{"floor":35,"key":"Block Potion"},{"floor":46,"key":"Weak Potion"}],"is_trial":false,"path_per_floor":["M","M","M","M","?","R","E","M","T","T","M","$","M","M","R","B",null,"M","?","?","M","M","E","R","$","T","M","?","R","$","M","R","B",null,"M","T","M","M","?","R","?","?","T","$","T","E","M","?","R","B"],"character_chosen":"IRONCLAD","items_purchased":["Tiny Chest","Frozen Eye","Evolve","Membership Card","Combust","Havoc","GamblersBrew"],"campfire_rested":3,"item_purchase_floors":[12,25,30,44,44,44,44],"current_hp_per_floor":[80,80,80,80,64,64,67,70,70,80,74,74,80,86,86,73,90,86,86,86,87,90,86,86,86,86,66,57,84,84,75,75,21,93,93,93,82,74,43,70,93,88,88,88,95,51,31,31,61,0,0],"gold":87,"neow_bonus":"","is_daily":true,"chose_seed":false,"campfire_upgraded":4,"win_rate":0.0,"timestamp":1609631276,"path_taken":["M","?","M","M","?","R","E","M","T","?","?","$","M","M","R","BOSS","M","?","?","M","M","E","R","$","T","M","?","R","$","M","R","BOSS","M","?","M","M","?","R","?","?","T","$","?","E","?","?","R","BOSS"],"items_purchased_type":["Relic","Relic","Card","Relic","Card","Card","Potion"],"build_version":"2020-12-22","purchased_purges":2,"victory":false,"max_hp_per_floor":[80,80,80,80,80,80,80,80,80,90,90,90,90,90,90,90,90,90,90,90,90,90,90,90,90,90,93,93,93,93,93,93,93,93,93,93,93,93,93,93,93,93,93,93,100,100,100,100,100,100,100],"card_choices":[{"not_picked":["Warcry"],"picked":"Perfected Strike","floor":1},{"not_picked":["Sentinel"],"picked":"Twin Strike","floor":2},{"not_picked":["Cleave","Headbutt"],"picked":"SKIP","floor":3},{"not_picked":["Clothesline"],"picked":"Demon Form","floor":4},{"not_picked":["Heavy Blade"],"picked":"Flame Barrier","floor":7},{"not_picked":["Perfected Strike"],"picked":"Inflame","floor":8},{"not_picked":["Thunderclap"],"picked":"Armaments","floor":11},{"not_picked":["Thunderclap","Armaments"],"picked":"SKIP","floor":13},{"not_picked":["True Grit"],"picked":"Cleave","floor":14},{"not_picked":["Juggernaut"],"picked":"Feed","floor":16},{"not_picked":["Pommel Strike"],"picked":"Warcry+1","floor":18},{"not_picked":["Twin Strike"],"picked":"Disarm","floor":21},{"not_picked":["Thunderclap"],"picked":"Sentinel+1","floor":22},{"not_picked":["Armaments"],"picked":"Inflame+1","floor":23},{"not_picked":["Body Slam"],"picked":"Blood for Blood","floor":27},{"not_picked":["Dropkick+1","Cleave+1"],"picked":"SKIP","floor":31},{"not_picked":["Fiend Fire"],"picked":"Brutality","floor":33},{"not_picked":["Searing Blow+1"],"picked":"Disarm","floor":35},{"not_picked":["Cleave+1"],"picked":"Flex","floor":37},{"not_picked":["Thunderclap+1","Cleave+1"],"picked":"SKIP","floor":38},{"not_picked":["Dark Shackles"],"picked":"Jack Of All Trades","floor":42},{"not_picked":["The Bomb"],"picked":"Trip","floor":42},{"not_picked":["Rupture"],"picked":"Wild Strike+1","floor":46},{"not_picked":["Heavy Blade+1"],"picked":"True Grit+1","floor":47}],"player_experience":463194,"relics_obtained":[{"floor":7,"key":"Bag of Preparation"},{"floor":9,"key":"Kunai"},{"floor":10,"key":"Pear"},{"floor":23,"key":"Happy Flower"},{"floor":26,"key":"Shuriken"},{"floor":36,"key":"Smiling Mask"},{"floor":39,"key":"Turnip"},{"floor":43,"key":"Ornamental Fan"},{"floor":45,"key":"Strawberry"},{"floor":46,"key":"Bronze Scales"}],"event_choices":[{"damage_healed":0,"gold_gain":0,"player_choice":"Entered Light","damage_taken":16,"max_hp_gain":0,"max_hp_loss":0,"event_name":"Shining Light","floor":5,"gold_loss":0,"cards_upgraded":["Wild Strike","Twin Strike"]},{"cards_removed":["Clash"],"damage_healed":0,"gold_gain":0,"player_choice":"Gave Gold","damage_taken":0,"max_hp_gain":0,"max_hp_loss":0,"event_name":"Beggar","floor":19,"gold_loss":75},{"damage_healed":0,"gold_gain":0,"player_choice":"Simplicity","damage_taken":0,"max_hp_gain":0,"max_hp_loss":0,"event_name":"Back to Basics","floor":20,"gold_loss":0,"cards_upgraded":[]},{"damage_healed":0,"gold_gain":75,"player_choice":"Touch","damage_taken":9,"max_hp_gain":0,"max_hp_loss":0,"event_name":"FaceTrader","floor":28,"gold_loss":0},{"damage_healed":0,"gold_gain":0,"player_choice":"Fight","damage_taken":0,"max_hp_gain":0,"max_hp_loss":0,"event_name":"MindBloom","floor":39,"gold_loss":0},{"damage_healed":23,"gold_gain":0,"player_choice":"Writhe","damage_taken":0,"max_hp_gain":0,"max_hp_loss":0,"event_name":"Winding Halls","floor":41,"gold_loss":0,"cards_obtained":["Writhe"]},{"damage_healed":0,"gold_gain":0,"player_choice":"Memory 2","damage_taken":5,"max_hp_gain":0,"max_hp_loss":0,"event_name":"SensoryStone","floor":42,"gold_loss":0},{"cards_removed":["Perfected Strike"],"damage_healed":0,"gold_gain":0,"player_choice":"Removed Attack","damage_taken":0,"max_hp_gain":0,"max_hp_loss":0,"event_name":"Falling","floor":48,"gold_loss":0}],"is_beta":false,"boss_relics":[{"not_picked":["Sozu","Busted Crown"],"picked":"Cursed Key"},{"not_picked":["Calling Bell","Black Star"],"picked":"SlaversCollar"}],"items_purged_floors":[30,44],"is_endless":false,"potions_floor_spawned":[1,2,4,11,16,21,22,35,46],"killed_by":"Donu and Deca","ascension_level":0}}