{"host":"2461dio7vetlq1z3","time":1609596412,"event":{"mods":["2.2 Compatiblity","AchievementEnabler","BaseMod","Better Third Choice","Friendly Minions","Minty Spire (QoL Compilation)","Relic Stats","Replay The Spire","Spicy Shops","StSLib","Waifu the Spire"],"gold_per_floor":[117,117,117,10,27,27,54,54,80,105,105,121,121,141,141,220,220,233,233,58,58,58,58,83,83,83,83,95,20,20,36,36,112,112,128,145,159,34,79,79,79,107,107,107,107,382,382,411,461,461,461,461,461,68,68,68],"floor_reached":55,"playtime":2467,"items_purged":["Strike_B","Strike_B","WeaponsOverheat+1"],"score":2390,"play_id":"e732d83a-d79e-46d5-840a-84fdb4d5efd6","local_time":"20210102150652","is_ascension_mode":true,"campfire_choices":[{"data":"Beam Cell","floor":6,"key":"SMITH"},{"data":"Bash","floor":8,"key":"SMITH"},{"data":"Zap","floor":11,"key":"SMITH"},{"data":"WeaponsOverheat","floor":15,"key":"SMITH"},{"data":"ReplayTheSpireMod:Fabricate Wheel","floor":23,"key":"SMITH"},{"floor":25,"key":"REST"},{"data":"ReplayTheSpireMod:Faulty Equipment","floor":27,"key":"SMITH"},{"data":"Hologram","floor":32,"key":"SMITH"},{"data":"White Noise","floor":40,"key":"SMITH"},{"floor":45,"key":"RECALL"},{"data":"ReplayTheSpireMod:Calculation Training","floor":47,"key":"SMITH"},{"data":"Reboot","floor":53,"key":"SMITH"}],"circlet_count":0,"master_deck":["AscendersBane","Defend_B","Defend_B","Defend_B","Bash+1","Scrape+1","Beam Cell+1","Auto Shields","Anger","Anger","Go for the Eyes","Scrape+1","Reboot+1","Beam Cell+1","ReplayGash","Gash","Hologram+1","Gash","Scrape","ReplaySort+1","ReplayTheSpireMod:Calculation Training+1","Leap+1","White Noise+1","Chill","Beam Cell+1","Pride","Pot Of Greed","Pot Of Greed","Pot Of Greed"],"relics":["NeowsBlessing","Iron Core","Blue Doll","ReplayTheSpireMod:TigerMarble","Anchor","Quantum Egg","Oddly Smooth Stone","Replay:Towering Pillar of Hats","Cursed Key","Prayer Wheel","Prayer Wheel","Whetstone","Omamori","Replay:Drink Me","Prayer Wheel","TungstenRod","Molten Egg 2","Blood Vial","Grinning Jar","TheAbacus"],"acts_visited":["Exordium","TheCity","TheBeyond","TheEnding"],"potions_floor_usage":[24,33,55],"damage_taken":[{"damage":0,"enemies":"2 Louse","floor":1,"turns":1},{"damage":0,"enemies":"Cultist","floor":5,"turns":1},{"damage":0,"enemies":"Lagavulin","floor":7,"turns":1},{"damage":20,"enemies":"3 Sentries","floor":10,"turns":5},{"damage":0,"enemies":"Small Slimes","floor":12,"turns":2},{"damage":0,"enemies":"Exordium Thugs","floor":14,"turns":2},{"damage":36,"enemies":"Fading Forest","floor":16,"turns":13},{"damage":5,"enemies":"Spheric Guardian","floor":18,"turns":3},{"damage":42,"enemies":"Gremlin Leader","floor":24,"turns":6},{"damage":0,"enemies":"Chosen","floor":28,"turns":3},{"damage":0,"enemies":"Centurion and Healer","floor":31,"turns":3},{"damage":11,"enemies":"Pondfish","floor":33,"turns":8},{"damage":6,"enemies":"3 Darklings","floor":35,"turns":3},{"damage":0,"enemies":"Orb Walker","floor":36,"turns":3},{"damage":0,"enemies":"Transient","floor":37,"turns":6},{"damage":0,"enemies":"2 Orb Walkers","floor":39,"turns":3},{"damage":0,"enemies":"Nemesis","floor":42,"turns":3},{"damage":2,"enemies":"Giant Head","floor":48,"turns":3},{"damage":20,"enemies":"Awakened One","floor":50,"turns":8},{"damage":11,"enemies":"Donu and Deca","floor":51,"turns":6},{"damage":47,"enemies":"Shield and Spear","floor":55,"turns":3}],"seed_played":"5106670874220528860","potions_obtained":[{"floor":10,"key":"Explosive Potion"},{"floor":12,"key":"Elixir"},{"floor":14,"key":"SteroidPotion"},{"floor":18,"key":"Block Potion"},{"floor":31,"key":"ColorlessPotion"},{"floor":36,"key":"Toxic Potion"}],"is_trial":false,"path_per_floor":["M","?","?","$","M","R","E","R","T","E","R","M","?","M","R","B",null,"M","?","$","?","?","R","E","R","T","R","M","?","?","M","R","B",null,"M","M","M","$","?","R","$","E","T","$","R","?","R","E","R","B","B",null,"R","$","E"],"character_chosen":"DEFECT","items_purchased":["Scrape+1","Beam Cell","Grinning Jar","TheAbacus","PotionOfCapacity"],"campfire_rested":1,"item_purchase_floors":[4,4,54,54,54],"current_hp_per_floor":[64,64,64,64,64,64,64,64,64,44,44,44,27,27,27,17,58,53,53,53,53,53,53,11,32,32,32,32,32,32,32,32,43,51,45,45,45,45,45,45,45,45,45,45,45,45,45,43,39,21,12,44,44,44,0,0],"gold":68,"neow_bonus":"THREE_ENEMY_KILL","is_daily":false,"chose_seed":false,"campfire_upgraded":10,"win_rate":0.0,"timestamp":1609596412,"path_taken":["M","?","?","$","?","R","E","R","T","E","R","M","?","M","R","BOSS","M","?","$","?","?","R","E","R","T","R","?","?","?","M","R","BOSS","M","M","M","$","?","R","?","E","T","$","R","?","R","E","R","BOSS","BOSS","R","$","E"],"items_purchased_type":["Card","Card","Relic","Relic","Potion"],"build_version":"2020-12-22","purchased_purges":3,"victory":false,"max_hp_per_floor":[71,71,71,71,71,71,71,71,71,71,71,71,71,71,71,71,71,71,71,71,71,71,71,71,71,71,71,71,71,71,71,71,71,54,54,54,54,54,54,54,54,54,54,54,54,54,54,54,54,54,54,54,54,54,54,54],"relic_stats":{"Blood Vial":6,"TheAbacus":[12],"counters":[21,86],"Prayer Wheel":5,"Whetstone":["Scrape","Strike_B"],"Cursed Key":2,"obtain_stats":[{"Iron Core":2,"NeowsBlessing":0,"Replay:Towering Pillar of Hats":13,"Quantum Egg":10,"Oddly Smooth Stone":13,"Blue Doll":3,"Omamori":26,"Whetstone":24,"Cursed Key":17,"Blood Vial":48,"Anchor":9,"TheAbacus":54,"Prayer Wheel":21,"Molten Egg 2":42,"ReplayTheSpireMod:TigerMarble":7,"Grinning Jar":54,"Cracked Core":0,"Replay:Drink Me":34,"TungstenRod":39},{"Iron Core":1,"NeowsBlessing":0,"Replay:Towering Pillar of Hats":5,"Quantum Egg":4,"Oddly Smooth Stone":5,"Blue Doll":1,"Omamori":9,"Whetstone":9,"Cursed Key":7,"Blood Vial":18,"Anchor":3,"TheAbacus":20,"Prayer Wheel":8,"Molten Egg 2":17,"ReplayTheSpireMod:TigerMarble":3,"Grinning Jar":20,"Cracked Core":0,"Replay:Drink Me":12,"TungstenRod":16},{"Iron Core":1,"NeowsBlessing":0,"Replay:Towering Pillar of Hats":10,"Quantum Egg":8,"Oddly Smooth Stone":10,"Blue Doll":1,"Omamori":34,"Whetstone":34,"Cursed Key":25,"Blood Vial":69,"Anchor":3,"TheAbacus":83,"Prayer Wheel":28,"Molten Egg 2":66,"ReplayTheSpireMod:TigerMarble":3,"Grinning Jar":83,"Cracked Core":0,"Replay:Drink Me":48,"TungstenRod":63}],"TungstenRod":15},"card_choices":[{"not_picked":["Turbo","ReplaySolidLightProjector"],"picked":"Hologram","floor":1},{"not_picked":["Barrage","Double Energy","Scrape"],"picked":"SKIP","floor":5},{"not_picked":["Rebound","Barrage"],"picked":"Auto Shields","floor":7},{"not_picked":["All For One","Aggregate"],"picked":"Anger","floor":10},{"not_picked":["Headbutt","BasicCrystalCard"],"picked":"WeaponsOverheat","floor":12},{"not_picked":["Ball Lightning","Steam"],"picked":"Anger","floor":14},{"not_picked":["Core Surge","Buffer"],"picked":"ReplayTheSpireMod:Fabricate Wheel","floor":16},{"not_picked":["Chaos+1","Blizzard"],"picked":"Go for the Eyes","floor":18},{"not_picked":["BasicCrystalCard","Sunder"],"picked":"Beam Cell+1","floor":24},{"not_picked":["Compile Driver","Leap"],"picked":"ReplayGash","floor":28},{"not_picked":["ReplaySort","Buffer"],"picked":"Gash","floor":28},{"not_picked":["Go for the Eyes","Barrage"],"picked":"Hologram","floor":28},{"not_picked":["Compile Driver","Time Bomb"],"picked":"Scrape","floor":31},{"not_picked":["Buffer","Stack"],"picked":"ReplaySort+1","floor":31},{"not_picked":["Rebound","Redo","BasicCrystalCard"],"picked":"SKIP","floor":31},{"not_picked":["Seek","ReplayRNGCard"],"picked":"ReplayTheSpireMod:Fabricate Wheel","floor":33},{"not_picked":["Redo","Sunder"],"picked":"ReplayTheSpireMod:Calculation Training","floor":35},{"not_picked":["Stack","Go for the Eyes+1"],"picked":"Leap+1","floor":35},{"not_picked":["Turbo","ReplayTheSpireMod:Repulse","Recycle"],"picked":"SKIP","floor":35},{"not_picked":["Panic Button+1","Stack","Storm"],"picked":"SKIP","floor":35},{"not_picked":["BasicCrystalCard","Beam Cell"],"picked":"White Noise","floor":36},{"not_picked":["Loop","Beam Cell","Ball Lightning"],"picked":"SKIP","floor":36},{"not_picked":["Undo","Storm","Streamline+1"],"picked":"SKIP","floor":36},{"not_picked":["Beam Cell","Cold Snap","Coolheaded"],"picked":"SKIP","floor":36},{"not_picked":["Streamline+1","Compile Driver","ReplayTheSpireMod:Omega Cannon"],"picked":"SKIP","floor":37},{"not_picked":["Compile Driver","Auto Shields","Sweeping Beam+1"],"picked":"SKIP","floor":37},{"not_picked":["Stack","Rebound","Barrage+1"],"picked":"SKIP","floor":37},{"not_picked":["Stack","Sweeping Beam","BasicCrystalCard"],"picked":"SKIP","floor":37},{"not_picked":["Lockon+1","Doom and Gloom+1"],"picked":"Chill","floor":42},{"not_picked":["Barrage+1","Consume"],"picked":"Beam Cell+1","floor":48}],"player_experience":1010594,"relics_obtained":[{"floor":7,"key":"ReplayTheSpireMod:TigerMarble"},{"floor":9,"key":"Anchor"},{"floor":10,"key":"Quantum Egg"},{"floor":24,"key":"Whetstone"},{"floor":26,"key":"Omamori"},{"floor":39,"key":"TungstenRod"},{"floor":42,"key":"Molten Egg 2"},{"floor":48,"key":"Blood Vial"}],"event_choices":[{"cards_removed":["Hologram"],"damage_healed":0,"gold_gain":0,"player_choice":"Gave Card","damage_taken":0,"relics_obtained":["Blue Doll"],"max_hp_gain":0,"max_hp_loss":0,"event_name":"WeMeetAgain","floor":3,"gold_loss":0},{"damage_healed":0,"gold_gain":1,"player_choice":"Relic Relic ","damage_taken":17,"max_hp_gain":0,"max_hp_loss":0,"event_name":"betterThird:BetterScrap","floor":13,"gold_loss":0,"cards_obtained":["ReplayTheSpireMod:LeadingStrike"]},{"damage_healed":0,"gold_gain":0,"cards_transformed":["Strike_B"],"player_choice":"Transformed","damage_taken":0,"max_hp_gain":0,"max_hp_loss":0,"event_name":"Transmorgrifier","floor":22,"gold_loss":0,"cards_obtained":["Scrape"]},{"cards_removed":["CommonCold"],"damage_healed":0,"gold_gain":0,"player_choice":"Gave Gold","damage_taken":0,"max_hp_gain":0,"max_hp_loss":0,"event_name":"Beggar","floor":29,"gold_loss":75},{"damage_healed":0,"gold_gain":0,"player_choice":"Read","damage_taken":0,"max_hp_gain":0,"max_hp_loss":0,"event_name":"The Library","floor":30,"gold_loss":0,"cards_obtained":["Gash"]},{"damage_healed":0,"gold_gain":0,"player_choice":"Fight","damage_taken":0,"max_hp_gain":0,"max_hp_loss":0,"event_name":"Mysterious Sphere","floor":39,"gold_loss":0},{"damage_healed":0,"gold_gain":275,"player_choice":"Desecrate","damage_taken":0,"max_hp_gain":0,"max_hp_loss":0,"event_name":"Golden Shrine","floor":46,"gold_loss":0,"cards_obtained":["Regret"]},{"damage_healed":0,"gold_gain":50,"player_choice":"Touch","damage_taken":5,"max_hp_gain":0,"max_hp_loss":0,"event_name":"FaceTrader","floor":49,"gold_loss":0}],"is_beta":false,"boss_relics":[{"not_picked":["Sozu","Replay:Ancient Bell"],"picked":"Cursed Key"},{"not_picked":["Philosopher\u0027s Stone","ChewingGum"],"picked":"Replay:Drink Me"}],"items_purged_floors":[20,20,38],"is_endless":false,"potions_floor_spawned":[10,12,14,18,31,36,42,48],"killed_by":"Shield and Spear","ascension_level":20}}