{"host":"pyvkqaq4yb2dtxwu","time":1609585674,"event":{"mods":["AchievementEnabler","BaseMod","Colored Map","Colored Powertips","DeckTracker","Minty Spire (QoL Compilation)"],"gold_per_floor":[115,135,135,63,78,78,110,110,110,110,121,121,141,157,157,258,258,268,282,282,282,169,169,198,198,198,213,242,242,261,280,280,377,377,392,140,140,190,190,190,209,242,242,252,264,41,59,70,70,70],"floor_reached":51,"playtime":4131,"items_purged":["Strike_G","Defend_G","Defend_G"],"score":699,"play_id":"b67f8ac7-402d-45df-aa60-9cdd2a336716","local_time":"20210102030753","is_ascension_mode":false,"campfire_choices":[{"data":"Blur","floor":6,"key":"SMITH"},{"data":"Cloak And Dagger","floor":8,"key":"SMITH"},{"data":"Backflip","floor":10,"key":"SMITH"},{"floor":15,"key":"REST"},{"floor":23,"key":"REST"},{"data":"Burst","floor":25,"key":"SMITH"},{"data":"Infinite Blades","floor":29,"key":"SMITH"},{"floor":32,"key":"REST"},{"data":"Footwork","floor":40,"key":"SMITH"},{"floor":49,"key":"REST"}],"circlet_count":0,"master_deck":["Strike_G","Strike_G","Defend_G","Defend_G","Defend_G","Survivor","Neutralize+1","Blade Dance","Backflip+1","Cloak And Dagger+1","Blur+1","Deflect","Infinite Blades+1","Outmaneuver","Backflip","Burst+1","Burst","Backstab","Slice","Footwork+1","Blade Dance+1","Adrenaline","Cloak And Dagger+1","PanicButton","Finisher+1","Writhe","Clumsy","Flechettes+1","Accuracy","Slice","Backstab"],"relics":["Ring of the Snake","Thread and Needle","Tingsha","WristBlade","Nilry\u0027s Codex","Pear","InkBottle","Red Mask","Cursed Key","Sling","Lizard Tail","Bottled Flame","Happy Flower"],"acts_visited":["Exordium","TheCity","TheBeyond"],"potions_floor_usage":[7,16,18,33,50],"damage_taken":[{"damage":0,"enemies":"Jaw Worm","floor":1,"turns":5},{"damage":0,"enemies":"Cultist","floor":2,"turns":4},{"damage":0,"enemies":"Small Slimes","floor":5,"turns":3},{"damage":31,"enemies":"Gremlin Nob","floor":7,"turns":5},{"damage":0,"enemies":"2 Fungi Beasts","floor":11,"turns":4},{"damage":3,"enemies":"Exordium Wildlife","floor":13,"turns":6},{"damage":0,"enemies":"Looter","floor":14,"turns":3},{"damage":18,"enemies":"Slime Boss","floor":16,"turns":15},{"damage":5,"enemies":"2 Thieves","floor":18,"turns":4},{"damage":18,"enemies":"Chosen","floor":19,"turns":5},{"damage":10,"enemies":"Slavers","floor":24,"turns":7},{"damage":0,"enemies":"Centurion and Healer","floor":27,"turns":5},{"damage":3,"enemies":"Masked Bandits","floor":28,"turns":4},{"damage":6,"enemies":"Snake Plant","floor":30,"turns":5},{"damage":4,"enemies":"Shelled Parasite and Fungi","floor":31,"turns":4},{"damage":1,"enemies":"Champ","floor":33,"turns":9},{"damage":17,"enemies":"3 Shapes","floor":35,"turns":3},{"damage":15,"enemies":"Mind Bloom Boss Battle","floor":38,"turns":7},{"damage":0,"enemies":"Orb Walker","floor":41,"turns":2},{"damage":0,"enemies":"Giant Head","floor":42,"turns":7},{"damage":0,"enemies":"3 Darklings","floor":44,"turns":3},{"damage":1,"enemies":"Sphere and 2 Shapes","floor":45,"turns":3},{"damage":0,"enemies":"Jaw Worm Horde","floor":47,"turns":3},{"damage":0,"enemies":"Spire Growth","floor":48,"turns":2},{"damage":17,"enemies":"Donu and Deca","floor":50,"turns":7}],"seed_played":"-6459608664549978939","potions_obtained":[{"floor":2,"key":"Fire Potion"},{"floor":11,"key":"SteroidPotion"},{"floor":13,"key":"Strength Potion"},{"floor":16,"key":"AttackPotion"},{"floor":18,"key":"EssenceOfSteel"},{"floor":19,"key":"Explosive Potion"},{"floor":38,"key":"CultistPotion"}],"is_trial":false,"path_per_floor":["M","M","?","$","M","R","E","R","T","R","M","?","M","M","R","B",null,"M","M","?","?","$","R","E","R","T","M","?","R","M","M","R","B",null,"M","$","?","?","?","R","M","E","T","M","M","$","M","M","R","B",null],"character_chosen":"THE_SILENT","items_purchased":["Blur","Footwork","Sling","Accuracy","Slice"],"campfire_rested":4,"item_purchase_floors":[4,22,36,46,46],"current_hp_per_floor":[70,70,70,70,70,70,39,39,39,39,39,44,41,41,63,45,75,70,52,36,36,36,58,58,58,58,58,55,55,49,45,70,69,85,68,68,68,53,74,74,74,74,74,74,73,73,73,73,85,68],"gold":70,"neow_bonus":"UPGRADE_CARD","is_daily":false,"chose_seed":false,"campfire_upgraded":6,"win_rate":0.0,"timestamp":1609585673,"path_taken":["M","M","?","$","M","R","E","R","T","R","?","?","M","M","R","BOSS","M","M","?","?","$","R","E","R","T","?","?","R","M","M","R","BOSS","M","$","?","?","?","R","M","E","T","M","M","$","?","M","R","BOSS"],"items_purchased_type":["Card","Card","Relic","Card","Card"],"build_version":"2020-12-22","purchased_purges":3,"victory":true,"max_hp_per_floor":[70,70,70,70,70,70,70,70,70,70,70,75,75,75,75,75,75,75,75,75,75,75,75,85,85,85,85,85,85,85,85,85,85,85,85,85,85,85,85,85,85,85,85,85,85,85,85,85,85,85],"card_choices":[{"not_picked":["Poisoned Stab","PiercingWail"],"picked":"Blade Dance","floor":1},{"not_picked":["All Out Attack","Poisoned Stab"],"picked":"Backflip","floor":2},{"not_picked":["Flying Knee","Eviscerate"],"picked":"Deflect","floor":5},{"not_picked":["Predator","Deadly Poison"],"picked":"Infinite Blades","floor":7},{"not_picked":["Catalyst","Dagger Throw"],"picked":"Outmaneuver","floor":11},{"not_picked":["Sucker Punch","Riddle With Holes"],"picked":"Backflip","floor":13},{"not_picked":["Prepared","Backflip"],"picked":"Burst","floor":14},{"not_picked":["Malaise","Night Terror"],"picked":"Burst","floor":16},{"not_picked":["Eviscerate","Distraction"],"picked":"Backstab","floor":18},{"not_picked":["PiercingWail","Noxious Fumes"],"picked":"Slice","floor":19},{"not_picked":["Tactician","Cloak And Dagger","Endless Agony"],"picked":"SKIP","floor":24},{"not_picked":["Deflect","Dagger Throw","Sucker Punch"],"picked":"SKIP","floor":27},{"not_picked":["Outmaneuver","Poisoned Stab+1"],"picked":"Blade Dance+1","floor":28},{"not_picked":["Dagger Spray","Flying Knee","Bane+1"],"picked":"SKIP","floor":30},{"not_picked":["Crippling Poison+1","Expertise","Dodge and Roll"],"picked":"SKIP","floor":31},{"not_picked":["Unload","Corpse Explosion"],"picked":"Adrenaline","floor":33},{"not_picked":["Dodge and Roll+1","Outmaneuver"],"picked":"Cloak And Dagger+1","floor":35},{"not_picked":["Sadistic Nature","Mind Blast"],"picked":"PanicButton","floor":37},{"not_picked":["Bane","Noxious Fumes"],"picked":"Finisher+1","floor":38},{"not_picked":["Sucker Punch+1","Blade Dance","Deadly Poison"],"picked":"SKIP","floor":41},{"not_picked":["Calculated Gamble","Bane+1","Malaise"],"picked":"SKIP","floor":42},{"not_picked":["Bouncing Flask","Dagger Spray","Skewer+1"],"picked":"SKIP","floor":44},{"not_picked":["Noxious Fumes","All Out Attack+1"],"picked":"Flechettes+1","floor":45},{"not_picked":["Catalyst","Distraction+1","PiercingWail"],"picked":"SKIP","floor":47},{"not_picked":["Expertise","Finisher+1"],"picked":"Backstab","floor":48}],"player_experience":95471,"relics_obtained":[{"floor":7,"key":"Thread and Needle"},{"floor":9,"key":"Tingsha"},{"floor":20,"key":"Nilry\u0027s Codex"},{"floor":24,"key":"Pear"},{"floor":26,"key":"InkBottle"},{"floor":28,"key":"Red Mask"},{"floor":38,"key":"Lizard Tail"},{"floor":42,"key":"Bottled Flame"},{"floor":43,"key":"Happy Flower"}],"event_choices":[{"damage_healed":0,"gold_gain":0,"cards_transformed":["Strike_G"],"player_choice":"Transformed","damage_taken":0,"max_hp_gain":0,"max_hp_loss":0,"event_name":"Transmorgrifier","floor":3,"gold_loss":0,"cards_obtained":["Cloak And Dagger"]},{"damage_healed":0,"gold_gain":0,"player_choice":"Donut","damage_taken":0,"max_hp_gain":5,"max_hp_loss":0,"event_name":"Big Fish","floor":12,"gold_loss":0},{"damage_healed":0,"gold_gain":0,"player_choice":"Obtained Book","damage_taken":16,"max_hp_gain":0,"max_hp_loss":0,"event_name":"Cursed Tome","floor":20,"gold_loss":0},{"cards_removed":["Strike_G"],"damage_healed":0,"gold_gain":0,"player_choice":"Elegance","damage_taken":0,"max_hp_gain":0,"max_hp_loss":0,"event_name":"Back to Basics","floor":21,"gold_loss":0},{"damage_healed":0,"gold_gain":0,"player_choice":"Fought Bandits","damage_taken":0,"max_hp_gain":0,"max_hp_loss":0,"event_name":"Masked Bandits","floor":28,"gold_loss":0},{"damage_healed":0,"gold_gain":0,"player_choice":"Memory 1","damage_taken":0,"max_hp_gain":0,"max_hp_loss":0,"event_name":"SensoryStone","floor":37,"gold_loss":0},{"damage_healed":0,"gold_gain":0,"player_choice":"Fight","damage_taken":0,"max_hp_gain":0,"max_hp_loss":0,"event_name":"MindBloom","floor":38,"gold_loss":0},{"damage_healed":21,"gold_gain":0,"player_choice":"Writhe","damage_taken":0,"max_hp_gain":0,"max_hp_loss":0,"event_name":"Winding Halls","floor":39,"gold_loss":0,"cards_obtained":["Writhe"]}],"is_beta":false,"boss_relics":[{"not_picked":["Ring of the Serpent","Velvet Choker"],"picked":"WristBlade"},{"not_picked":["Empty Cage","HoveringKite"],"picked":"Cursed Key"}],"items_purged_floors":[22,36,46],"is_endless":false,"potions_floor_spawned":[2,11,13,16,18,19,24,30,38,41,42,45],"ascension_level":0}}