{"host":"2se5dq1do2gp0x9k","time":1609617190,"event":{"mods":["AchievementEnabler","BaseMod","Block Reminder","Colored Map","Colored Powertips","Minty Spire (QoL Compilation)","Relic Stats","StSLib","SuperFastMode"],"gold_per_floor":[112,14,14,14,26,53,71,21,21,21,41,41,77,101,101,225,225,248,52,71,146,165,165,203,203,203,216,216,216,234,234,234],"floor_reached":31,"playtime":1570,"items_purged":["Defend_P"],"score":362,"play_id":"7155fe15-af7e-4f0e-8493-4c0e158d2c56","local_time":"20210102115310","is_ascension_mode":true,"campfire_choices":[{"data":"Prostrate","floor":12.0,"key":"SMITH"},{"data":"Eruption","floor":15.0,"key":"SMITH"},{"data":"Collect","floor":23,"key":"SMITH"},{"data":"Brilliance","floor":25,"key":"SMITH"},{"floor":29,"key":"REST"}],"circlet_count":0,"master_deck":["Strike_P","Defend_P+1","Defend_P+1","Eruption+1","Vigilance","Evaluate+1","Tantrum","EmptyBody","Brilliance+1","Prostrate+1","MentalFortress+1","LessonLearned","Prostrate+1","Pray","ThirdEye+1","Pray","Collect+1","Conclude+1","MasterReality+1"],"relics":["PureWater","Damaru","Frozen Egg 2","Bag of Preparation","Golden Idol","Mummified Hand","Runic Pyramid","The Courier","Molten Egg 2"],"acts_visited":["Exordium","TheCity"],"potions_floor_usage":[],"damage_taken":[{"damage":0.0,"enemies":"2 Louse","floor":1.0,"turns":2.0},{"damage":0.0,"enemies":"Jaw Worm","floor":5.0,"turns":3.0},{"damage":16.0,"enemies":"Gremlin Nob","floor":6.0,"turns":3.0},{"damage":0.0,"enemies":"Cultist","floor":7.0,"turns":4.0},{"damage":0.0,"enemies":"Blue Slaver","floor":11.0,"turns":1.0},{"damage":0.0,"enemies":"Lagavulin","floor":13.0,"turns":4.0},{"damage":1.0,"enemies":"Large Slime","floor":14.0,"turns":2.0},{"damage":12.0,"enemies":"The Guardian","floor":16.0,"turns":9.0},{"damage":10.0,"enemies":"2 Thieves","floor":18.0,"turns":4.0},{"damage":0,"enemies":"Chosen","floor":20,"turns":3},{"damage":2,"enemies":"Centurion and Healer","floor":22,"turns":5},{"damage":13,"enemies":"Book of Stabbing","floor":24,"turns":3},{"damage":0,"enemies":"Chosen and Byrds","floor":27,"turns":7},{"damage":16,"enemies":"Snake Plant","floor":30,"turns":3},{"damage":44,"enemies":"Gremlin Leader","floor":31,"turns":5}],"seed_played":"7190914082075737372","potions_obtained":[{"floor":1.0,"key":"Regen Potion"},{"floor":14.0,"key":"PowerPotion"},{"floor":22,"key":"EssenceOfSteel"}],"is_trial":false,"path_per_floor":["M","$","?","$","M","E","M","?","T","?","M","R","E","M","R","B",null,"M","$","M","?","M","R","E","R","T","M","?","R","M","E"],"character_chosen":"WATCHER","items_purchased":["Tantrum","EmptyBody","Pray","ThirdEye"],"campfire_rested":1,"item_purchase_floors":[2,2,19,19],"current_hp_per_floor":[72,72,72,72,72,56,56,56,56,56,56,56,56,55,55,43,67,57,57,57,51,49,49,36,36,36,36,36,56,40,0,0],"gold":234,"neow_bonus":"RANDOM_COMMON_RELIC","is_daily":false,"chose_seed":false,"campfire_upgraded":4,"win_rate":0.0,"timestamp":1609617190,"path_taken":["M","$","?","?","M","E","?","?","T","?","M","R","E","M","R","BOSS","M","$","M","?","M","R","E","R","T","?","?","R","M","E"],"items_purchased_type":["Card","Card","Card","Card"],"build_version":"2020-12-22","purchased_purges":1,"victory":false,"max_hp_per_floor":[72,72,72,72,72,72,72,72,72,67,67,67,67,67,67,67,67,67,67,67,67,67,67,67,67,67,67,67,67,67,67,67],"relic_stats":{"counters":[15,58],"Golden Idol":69,"Mummified Hand":[11],"Bag of Preparation":[22],"obtain_stats":[{"Golden Idol":10,"Mummified Hand":13,"Damaru":0,"Molten Egg 2":26,"The Courier":24,"Bag of Preparation":9,"PureWater":0,"Frozen Egg 2":6,"Runic Pyramid":17},{"Golden Idol":4,"Mummified Hand":6,"Damaru":0,"Molten Egg 2":12,"The Courier":12,"Bag of Preparation":4,"PureWater":0,"Frozen Egg 2":3,"Runic Pyramid":8},{"Golden Idol":12,"Mummified Hand":17,"Damaru":0,"Molten Egg 2":43,"The Courier":43,"Bag of Preparation":12,"PureWater":0,"Frozen Egg 2":8,"Runic Pyramid":28}]},"card_choices":[{"not_picked":["Vengeance","Swivel"],"picked":"Evaluate","floor":1.0},{"not_picked":["EmptyFist","Crescendo","CrushJoints"],"picked":"SKIP","floor":5.0},{"not_picked":["BowlingBash","Crescendo"],"picked":"Prostrate","floor":6.0},{"not_picked":["Halt","WindmillStrike"],"picked":"MentalFortress+1","floor":7.0},{"not_picked":["ReachHeaven","EmptyFist","BowlingBash"],"picked":"SKIP","floor":11.0},{"not_picked":["FlurryOfBlows","PathToVictory","EmptyBody"],"picked":"SKIP","floor":13.0},{"not_picked":["SashWhip","ReachHeaven","WindmillStrike"],"picked":"SKIP","floor":14.0},{"not_picked":["Blasphemy","Scrawl"],"picked":"LessonLearned","floor":16.0},{"not_picked":["FlyingSleeves+1","ReachHeaven"],"picked":"Prostrate+1","floor":18.0},{"not_picked":["Wireheading+1","ThirdEye"],"picked":"Pray","floor":20},{"not_picked":["Crescendo","Wireheading+1"],"picked":"Collect","floor":22},{"not_picked":["JustLucky","Swivel","InnerPeace"],"picked":"SKIP","floor":24},{"not_picked":["PathToVictory","ReachHeaven+1","BattleHymn+1"],"picked":"SKIP","floor":27},{"not_picked":["EmptyBody+1","InnerPeace","ThirdEye"],"picked":"SKIP","floor":30}],"player_experience":3709123,"relics_obtained":[{"floor":6.0,"key":"Frozen Egg 2"},{"floor":9.0,"key":"Bag of Preparation"},{"floor":13.0,"key":"Mummified Hand"},{"floor":24,"key":"The Courier"},{"floor":26,"key":"Molten Egg 2"}],"event_choices":[{"damage_healed":0.0,"max_hp_gain":0.0,"max_hp_loss":0.0,"gold_gain":0.0,"cards_transformed":["Strike_P"],"event_name":"Living Wall","player_choice":"Change","floor":3.0,"gold_loss":0.0,"damage_taken":0.0,"cards_obtained":["Brilliance"]},{"cards_removed":["Defend_P"],"damage_healed":0.0,"max_hp_gain":0.0,"max_hp_loss":0.0,"gold_gain":0.0,"event_name":"The Cleric","player_choice":"Card Removal","floor":8.0,"gold_loss":50.0,"damage_taken":0.0},{"damage_healed":0.0,"max_hp_gain":0.0,"max_hp_loss":5.0,"gold_gain":0.0,"event_name":"Golden Idol","player_choice":"Lose Max HP","floor":10.0,"gold_loss":0.0,"damage_taken":0.0,"relics_obtained":["Golden Idol"]},{"damage_healed":0,"gold_gain":75,"player_choice":"Touch","damage_taken":6,"max_hp_gain":0,"max_hp_loss":0,"event_name":"FaceTrader","floor":21,"gold_loss":0},{"damage_healed":0,"gold_gain":0,"cards_transformed":["Strike_P","Strike_P"],"player_choice":"Became Test Subject","damage_taken":0,"max_hp_gain":0,"max_hp_loss":0,"event_name":"Drug Dealer","floor":28,"gold_loss":0,"cards_obtained":["Conclude","MasterReality"]}],"is_beta":false,"boss_relics":[{"not_picked":["Cursed Key","Runic Dome"],"picked":"Runic Pyramid"}],"items_purged_floors":[19],"is_endless":false,"potions_floor_spawned":[1,14,22,24],"killed_by":"Gremlin Leader","ascension_level":3}}