{"host":"93x13jgem5w43hjr","time":1609605443,"event":{"mods":["AchievementEnabler","BaseMod","Better Note","Colored Map","Colored Powertips","Downfall","Minty Spire (QoL Compilation)","Rare Cards Sparkle","StSLib"],"gold_per_floor":[99,99,129,129,129,54,77,77,104,122,133,58,43,56,67,170,170,170,188,188,57,57,85,85,105,105,124,135,135,165,250,262,365,365,365,379,394,408,408,408,433,72,84,97,82,94,19,38,54,54],"floor_reached":51,"playtime":3843,"items_purged":["Guardian:Strike_Guardian","Pain"],"score":779,"play_id":"1a45d789-2405-4430-891c-dc5e52267a2d","local_time":"20210102093723","is_ascension_mode":true,"campfire_choices":[{"floor":1,"key":"RECALL"},{"data":"Guardian:Harden","floor":6,"key":"SMITH"},{"data":"Guardian:ArmoredProtocol","floor":12,"key":"SMITH"},{"data":"Guardian:StasisField","floor":18,"key":"SMITH"},{"data":"Guardian:EvasiveProtocol","floor":26,"key":"SMITH"},{"data":"Guardian:SpikerProtocol","floor":29,"key":"SMITH"},{"data":"Guardian:RollAttack","floor":35,"key":"SMITH"},{"data":"Guardian:TwinSlam","floor":40,"key":"SMITH"},{"data":"Guardian:GuardianWhirl","floor":47,"key":"SMITH"}],"circlet_count":0,"master_deck":["Guardian:Strike_Guardian","Guardian:Strike_Guardian","Guardian:Strike_Guardian","Guardian:Defend_Guardian","Guardian:Defend_Guardian","Guardian:Defend_Guardian","Guardian:Defend_Guardian","Guardian:CurlUp","Guardian:TwinSlam+1","Guardian:Harden+1","Guardian:PiercingHide","Guardian:RollAttack+1","Guardian:ArmoredProtocol+1","Guardian:ChargeCore","Guardian:StasisField+1","Guardian:GuardianWhirl+1","Necronomicurse","Guardian:SpikerProtocol+1","RitualDagger","Guardian:PiercingHide","Guardian:EvasiveProtocol+1","Guardian:ExploitGems","Guardian:Repulse","Parasite","Guardian:EvasiveProtocol+1","Guardian:Gem_Green","Parasite"],"relics":["Guardian:ModeShifter","downfall:HeartsMalice","Mango","downfall:HeartBlessingRed","Oddly Smooth Stone","Bottled Lightning","downfall:HeartBlessingGreen","Coffee Dripper","Necronomicon","Toy Ornithopter","Letter Opener","Red Mask","Busted Crown","Bottled Tornado","downfall:HeartBlessingBlue"],"acts_visited":["Exordium","TheCity","TheBeyond"],"potions_floor_usage":[13,16,33,33,44,45],"damage_taken":[{"damage":0,"enemies":"2 Louse","floor":2,"turns":1},{"damage":0,"enemies":"Jaw Worm","floor":4,"turns":1},{"damage":0,"enemies":"Cultist","floor":8,"turns":1},{"damage":11,"enemies":"Lagavulin","floor":9,"turns":11},{"damage":0,"enemies":"Large Slime","floor":10,"turns":7},{"damage":0,"enemies":"2 Fungi Beasts","floor":11,"turns":5},{"damage":0,"enemies":"downfall:FleeingMerchant","floor":13,"turns":4},{"damage":0,"enemies":"3 Louse","floor":14,"turns":2},{"damage":2,"enemies":"Large Slime","floor":15,"turns":8},{"damage":4,"enemies":"downfall:Watcher","floor":16,"turns":14},{"damage":0,"enemies":"3 Byrds","floor":19,"turns":4},{"damage":0,"enemies":"downfall:FleeingMerchant","floor":21,"turns":4},{"damage":0,"enemies":"Book of Stabbing","floor":23,"turns":6},{"damage":0,"enemies":"Chosen","floor":25,"turns":4},{"damage":0,"enemies":"Centurion and Healer","floor":27,"turns":4},{"damage":2,"enemies":"Snake Plant","floor":28,"turns":3},{"damage":0,"enemies":"Masked Bandits","floor":30,"turns":3},{"damage":0,"enemies":"Sentry and Sphere","floor":32,"turns":4},{"damage":0,"enemies":"downfall:Silent","floor":33,"turns":6},{"damage":0,"enemies":"3 Darklings","floor":36,"turns":4},{"damage":0,"enemies":"3 Shapes","floor":37,"turns":3},{"damage":0,"enemies":"Writhing Mass","floor":38,"turns":7},{"damage":2,"enemies":"downfall:FleeingMerchant","floor":42,"turns":4},{"damage":0,"enemies":"3 Darklings","floor":43,"turns":2},{"damage":0,"enemies":"Maw","floor":44,"turns":8},{"damage":0,"enemies":"downfall:FleeingMerchant","floor":45,"turns":4},{"damage":15,"enemies":"Transient","floor":46,"turns":5},{"damage":0,"enemies":"4 Shapes","floor":48,"turns":2},{"damage":0,"enemies":"Writhing Mass","floor":49,"turns":8},{"damage":23,"enemies":"downfall:Ironclad","floor":50,"turns":22}],"seed_played":"2790226696512344393","potions_obtained":[{"floor":9,"key":"Ancient Potion"},{"floor":10,"key":"BlessingOfTheForge"},{"floor":11,"key":"Guardian:BlockOnCardUsePotion"},{"floor":14,"key":"Ancient Potion"},{"floor":19,"key":"SpeedPotion"},{"floor":33,"key":"ColorlessPotion"},{"floor":36,"key":"Ancient Potion"},{"floor":37,"key":"PowerPotion"},{"floor":44,"key":"SneckoOil"},{"floor":49,"key":"LiquidBronze"}],"is_trial":false,"path_per_floor":["R","M","?","M","?","R","T","M","E","M","M","R","$","M","M","B",null,"R","M","?","$","?","E","T","M","R","M","M","R","?","?","M","B",null,"R","M","M","M","?","R","T","$","M","M","$","M","R","M","M","B",null],"character_chosen":"GUARDIAN","items_purchased":["Guardian:SpikerProtocol","Bottled Tornado"],"campfire_rested":0,"item_purchase_floors":[21,42],"current_hp_per_floor":[80,80,94,94,94,94,94,94,83,83,83,83,83,83,81,77,94,94,94,78,78,72,72,72,72,72,72,70,70,70,54,54,64,94,94,94,94,94,108,108,108,106,106,108,108,93,103,103,103,80],"gold":54,"neow_bonus":"THREE_ENEMY_KILL","is_daily":false,"chose_seed":false,"campfire_upgraded":8,"win_rate":0.0,"timestamp":1609605443,"path_taken":["R","M","?","M","?","R","T","M","E","?","M","R","$","M","M","BOSS","R","M","?","$","?","E","T","M","R","M","M","R","?","?","M","BOSS","R","M","M","M","?","R","T","$","M","M","$","M","R","M","M","BOSS"],"items_purchased_type":["Card","Relic"],"build_version":"2020-12-22","purchased_purges":2,"victory":true,"max_hp_per_floor":[80,80,94,94,94,94,94,94,94,94,94,94,94,94,94,94,94,94,94,94,94,94,94,94,94,94,94,94,94,94,94,94,94,94,94,94,94,94,108,108,108,108,108,108,108,108,118,118,118,118],"card_choices":[{"not_picked":["Guardian:TimeBomb","Guardian:RollAttack"],"picked":"Guardian:Harden","floor":2},{"not_picked":["Guardian:PiercingHide","Guardian:Suspension"],"picked":"Guardian:Gem_White","floor":4},{"not_picked":["Guardian:DonusPower","Guardian:WalkerClaw"],"picked":"Guardian:PiercingHide","floor":8},{"not_picked":["Guardian:GemFire","Guardian:PiercingHide"],"picked":"Guardian:RollAttack","floor":9},{"not_picked":["Guardian:FloatingOrbs","Guardian:CrystalBeam"],"picked":"Guardian:ArmoredProtocol","floor":10},{"not_picked":["Guardian:CrystalBeam","Guardian:TemporalStrike","Guardian:WalkerClaw"],"picked":"SKIP","floor":11},{"not_picked":["Guardian:BronzeOrb","Guardian:SentryBeam"],"picked":"Guardian:Gem_Cyan","floor":13},{"not_picked":["Guardian:TemporalStrike","Guardian:Recover","Guardian:ConstructionForm"],"picked":"SKIP","floor":14},{"not_picked":["Guardian:WalkerClaw","Guardian:PrimingBeam"],"picked":"Guardian:ChargeCore","floor":15},{"not_picked":["Guardian:TimeSifter","Guardian:GatlingBeam"],"picked":"Guardian:StasisField","floor":16},{"not_picked":["Guardian:ShieldCharger","Guardian:DecasProtection"],"picked":"Guardian:GuardianWhirl","floor":19},{"not_picked":["Guardian:Gem_Lightblue","Guardian:Planning"],"picked":"Guardian:Gem_Crimson","floor":21},{"not_picked":["Guardian:RollAttack","Guardian:Gem_Red"],"picked":"Guardian:PiercingHide","floor":23},{"not_picked":["Guardian:ChargeCore+1","Guardian:GuardianWhirl"],"picked":"Guardian:EvasiveProtocol","floor":25},{"not_picked":["Guardian:PolyBeam","Guardian:WalkerClaw","Guardian:Incinerate"],"picked":"SKIP","floor":27},{"not_picked":["Guardian:Recover","Guardian:GuardianWhirl","Guardian:Incinerate+1"],"picked":"SKIP","floor":28},{"not_picked":["Guardian:ShieldCharger","Guardian:PiercingHide"],"picked":"Guardian:ExploitGems","floor":30},{"not_picked":["Guardian:VentSteam+1","Guardian:Planning"],"picked":"Guardian:Repulse","floor":32},{"not_picked":["Guardian:WalkerClaw+1"],"picked":"SKIP","floor":36},{"not_picked":["Guardian:PrismaticBeam+1"],"picked":"SKIP","floor":37},{"not_picked":[],"picked":"Guardian:EvasiveProtocol+1","floor":38},{"not_picked":["Guardian:VentSteam"],"picked":"SKIP","floor":42},{"not_picked":["Guardian:ShieldCharger"],"picked":"SKIP","floor":43},{"not_picked":["Guardian:PrismaticBarrier"],"picked":"SKIP","floor":44},{"not_picked":["Guardian:ChargeUp+1"],"picked":"SKIP","floor":45},{"not_picked":[],"picked":"Guardian:Gem_Green","floor":46},{"not_picked":[],"picked":"Guardian:Gem_Green","floor":48},{"not_picked":["Guardian:Recover+1"],"picked":"SKIP","floor":49}],"player_experience":167128,"relics_obtained":[{"floor":7,"key":"Oddly Smooth Stone"},{"floor":9,"key":"Bottled Lightning"},{"floor":20,"key":"Necronomicon"},{"floor":23,"key":"Toy Ornithopter"},{"floor":24,"key":"Letter Opener"},{"floor":30,"key":"Red Mask"}],"event_choices":[{"damage_healed":0,"gold_gain":0,"player_choice":"Fought Bandits","damage_taken":0,"max_hp_gain":0,"max_hp_loss":0,"event_name":"Masked Bandits","floor":30,"gold_loss":0}],"is_beta":false,"boss_relics":[{"not_picked":["Tiny House","Snecko Eye"],"picked":"Coffee Dripper"},{"not_picked":["Calling Bell","Astrolabe"],"picked":"Busted Crown"}],"items_purged_floors":[21,42],"is_endless":false,"potions_floor_spawned":[9,10,11,14,19,23,30,32,33,36,37,38,44,49],"ascension_level":1}}