{"host":"cxvb37eaaiijvrl4","time":1609592586,"event":{"mods":["ATMod(°¢èªMod)","BaseMod","Better Third Choice","Minty Spire (QoL Compilation)","MostiFishMod","Quick Restart","Rare Cards Sparkle","Shop Mod","Spicy Shops","StSLib","TestMod","Uncapped","²ÐÁôÖ®Îï"],"gold_per_floor":[109,44,94,107,118,153,172,172,172,172,183,183,31,72,72,161,161,177,27,48,72,88,88,122,137,137,137,153,171,204,228,228,323,323,349,682,682,700,233,267,267,57,57,57,80,98,98,139,139,147,158,158,158,4,38,45],"floor_reached":57,"playtime":2036,"items_purged":["Strike_R","Strike_R","Bash","Strike_R","AT_ChampionKick","Searing Blow","Inflame"],"score":3503,"play_id":"8cc250c3-3393-4642-9026-5b203128eac5","local_time":"20210102050306","is_ascension_mode":true,"campfire_choices":[{"data":"Corruption","floor":8.0,"key":"SMITH"},{"data":"Dark Embrace","floor":10.0,"key":"SMITH"},{"data":"Feel No Pain","floor":15.0,"key":"SMITH"},{"data":"MostiFishMod:SephirahHod","floor":23.0,"key":"SMITH"},{"data":"Barricade","floor":32,"key":"SMITH"},{"floor":41,"key":"RECALL"},{"data":"Feel No Pain","floor":44,"key":"SMITH"},{"data":"Evolve","floor":49,"key":"SMITH"},{"data":"Offering","floor":53,"key":"SMITH"}],"circlet_count":0,"master_deck":["AscendersBane","Defend_R","Defend_R","Defend_R","Defend_R","AT_ManFootWork","AT_BodySlamDance","Dark Embrace+1","Corruption+1","Seeing Red","AT_ManFootWork","Feel No Pain+1","MostiFishMod:RacingGame","MostiFishMod:SephirahHod+1","AT_BodySlamDance+1","Barricade+1","Seeing Red","Body Slam","Shrug It Off","Shrug It Off","Entrench","Seeing Red","Shockwave+1","Offering+1","testmod-EternalityOfKhronos","Purity","Evolve+1","AT_BodySlamDance+1","Feel No Pain+1","MostiFishMod:SephirahHod+1","Sentinel+1"],"relics":["Burning Blood","testmod-TestBox","DaveBox","AT_ATBox","Membership Card","testmod-Recursion","SynthV:TestCard","AT_ForceNature","testmod-Muramasa","MostiFishMod:Hod","Mango","Eternal Feather","testmod-DeterminationOfClimber","Self Forming Clay","Vajra","Bag of Marbles","DollysMirror","Darkstone Periapt","testmod-Nyarlathotep","testmod-Justice","Orrery","Anchor"],"acts_visited":["Exordium","TheCity","TheBeyond","TheEnding"],"potions_floor_usage":[],"damage_taken":[{"damage":0.0,"enemies":"Jaw Worm","floor":1.0,"turns":5.0},{"damage":0.0,"enemies":"Cultist","floor":4.0,"turns":3.0},{"damage":0.0,"enemies":"Small Slimes","floor":5.0,"turns":4.0},{"damage":32.0,"enemies":"Gremlin Nob","floor":6.0,"turns":4.0},{"damage":6.0,"enemies":"Blue Slaver","floor":7.0,"turns":5.0},{"damage":0.0,"enemies":"Exordium Thugs","floor":11.0,"turns":2.0},{"damage":0.0,"enemies":"3 Sentries","floor":14.0,"turns":5.0},{"damage":21.0,"enemies":"Slime Boss","floor":16.0,"turns":6.0},{"damage":0.0,"enemies":"Shell Parasite","floor":18.0,"turns":1.0},{"damage":0.0,"enemies":"Chosen","floor":20.0,"turns":2.0},{"damage":0.0,"enemies":"Snake Plant","floor":21.0,"turns":2.0},{"damage":0.0,"enemies":"Centurion and Healer","floor":22.0,"turns":2.0},{"damage":0.0,"enemies":"Gremlin Leader","floor":24.0,"turns":1.0},{"damage":0.0,"enemies":"Snecko","floor":25.0,"turns":1.0},{"damage":0.0,"enemies":"Cultist and Chosen","floor":28.0,"turns":2.0},{"damage":0,"enemies":"Chosen and Byrds","floor":29,"turns":1},{"damage":0,"enemies":"Book of Stabbing","floor":30,"turns":1},{"damage":0,"enemies":"Snake Plant","floor":31,"turns":1},{"damage":0,"enemies":"Collector","floor":33,"turns":2},{"damage":0,"enemies":"Orb Walker","floor":35,"turns":1},{"damage":3,"enemies":"3 Darklings","floor":38,"turns":1},{"damage":3,"enemies":"Nemesis","floor":40,"turns":1},{"damage":0,"enemies":"Maw","floor":45,"turns":1},{"damage":3,"enemies":"Sphere and 2 Shapes","floor":46,"turns":1},{"damage":3,"enemies":"Giant Head","floor":48,"turns":1},{"damage":0,"enemies":"Awakened One","floor":50,"turns":2},{"damage":0,"enemies":"Donu and Deca","floor":51,"turns":1},{"damage":0,"enemies":"Shield and Spear","floor":55,"turns":1},{"damage":0,"enemies":"The Heart","floor":56,"turns":4}],"seed_played":"7969396594965911527","potions_obtained":[{"floor":1.0,"key":"AttackPotion"},{"floor":5.0,"key":"Fire Potion"},{"floor":11.0,"key":"AttackPotion"},{"floor":20.0,"key":"LiquidMemories"},{"floor":48,"key":"PowerPotion"}],"is_trial":false,"path_per_floor":["M","$","?","M","M","E","M","R","T","R","M","?","$","E","R","B",null,"M","$","M","M","M","R","E","M","T","?","M","M","E","M","R","B",null,"M","?","?","M","$","E","R","$","T","R","M","M","$","E","R","B","B",null,"R","$","E","B",null],"character_chosen":"IRONCLAD","items_purchased":["AT_BodySlamDance","Feel No Pain","Barricade","Self Forming Clay","Vajra","Evolve","Feel No Pain","DollysMirror","testmod-Nyarlathotep","Orrery"],"campfire_rested":0,"item_purchase_floors":[2,13,19,39,39,39,42,42,47,54],"current_hp_per_floor":[74,74,74,75,75,49,49,49,49,49,55,55,55,61,61,46,63,68,68,68,68,68,68,82,82,82,82,82,82,82,82,82,82,82,82,82,77,82,82,82,82,82,82,82,82,82,82,82,82,82,82,82,82,82,82,82],"gold":45,"neow_bonus":"TRANSFORM_CARD","is_daily":false,"chose_seed":false,"campfire_upgraded":8,"win_rate":0.0,"timestamp":1609592586,"path_taken":["M","$","?","M","?","E","M","R","T","R","M","?","$","E","R","BOSS","M","$","M","M","M","R","E","M","T","?","?","M","E","M","R","BOSS","M","?","?","M","?","E","R","$","T","R","M","M","$","E","R","BOSS","BOSS","R","$","E","BOSS"],"items_purchased_type":["Card","Card","Card","Relic","Relic","Card","Card","Relic","Relic","Relic"],"build_version":"2020-12-22","purchased_purges":7,"victory":true,"max_hp_per_floor":[75,75,75,75,75,75,75,75,75,75,75,68,68,68,68,68,68,68,68,68,68,68,68,82,82,82,82,82,82,82,82,82,82,82,82,82,82,82,82,82,82,82,82,82,82,82,82,82,82,82,82,82,82,82,82,82],"card_choices":[{"not_picked":["Searing Blow","Combust","Twin Strike"],"picked":"SKIP","floor":1.0},{"not_picked":["Clash","Dropkick","Perfected Strike","Havoc"],"picked":"Dark Embrace","floor":4.0},{"not_picked":["Anger","True Grit","AT_DiedThrough","Flex","Clothesline"],"picked":"SKIP","floor":5.0},{"not_picked":["Clothesline","Metallicize","Shrug It Off","Iron Wave"],"picked":"Corruption","floor":6.0},{"not_picked":["AT_GerminateFire","Twin Strike","Blood for Blood","Pummel"],"picked":"Seeing Red","floor":7.0},{"not_picked":["Headbutt","AT_IchimonjiDouble","Thunderclap","Clash"],"picked":"AT_ManFootWork","floor":11.0},{"not_picked":["Fiend Fire","Iron Wave","Armaments","Hemokinesis"],"picked":"Inflame","floor":14.0},{"not_picked":["MostiFishMod:TemporaryOutbreak","Exhume","MostiFishMod:HellRitual","MostiFishMod:PerfectStrikeMKII"],"picked":"MostiFishMod:RacingGame","floor":16.0},{"not_picked":["Perfected Strike","Pommel Strike","MostiFishMod:BrandingRite","Rampage"],"picked":"AT_BodySlamDance+1","floor":18.0},{"not_picked":["AT_ShrugMaster","AT_IchimonjiDouble+1","Anger","Disarm"],"picked":"Seeing Red","floor":20.0},{"not_picked":["Sever Soul","Clash","Heavy Blade","Dropkick"],"picked":"Body Slam","floor":21.0},{"not_picked":["Sever Soul","Carnage","Sword Boomerang","Flex+1","AT_DrawKnifeCut"],"picked":"SKIP","floor":22.0},{"not_picked":["Cleave","Uppercut","Twin Strike","AT_DiedThrough"],"picked":"Shrug It Off","floor":24.0},{"not_picked":["Inflame","Clash","Burning Pact","Fiend Fire"],"picked":"Shrug It Off","floor":25.0},{"not_picked":["Twin Strike","Armaments","Wild Strike","AT_ManFootWork"],"picked":"Entrench","floor":28.0},{"not_picked":["Anger+1","Carnage","Sword Boomerang","AT_IchimonjiDouble"],"picked":"Seeing Red","floor":29},{"not_picked":["Havoc","Fire Breathing","Anger","Warcry"],"picked":"Shockwave+1","floor":30},{"not_picked":["Disarm","Headbutt","Heavy Blade","MostiFishMod:CullingBlade","Body Slam"],"picked":"SKIP","floor":31},{"not_picked":["MostiFishMod:HellRitual","Limit Break","MostiFishMod:Mania","MostiFishMod:Chiaki"],"picked":"Offering","floor":33},{"not_picked":["Hemokinesis","Clothesline+1","AT_BodySlamDance","Dropkick","Disarm+1"],"picked":"SKIP","floor":35},{"not_picked":["AT_PowerWithin","testmod-DeathImprint","testmod-HandmadeProducts","Good Instincts"],"picked":"testmod-EternalityOfKhronos","floor":37},{"not_picked":["Flash of Steel","Impatience","testmod-WeaknessCounterattack","testmod-PainDetonator"],"picked":"Purity","floor":37},{"not_picked":["Clash+1","True Grit","Twin Strike","Havoc","Intimidate+1"],"picked":"SKIP","floor":38},{"not_picked":["Clothesline","AT_ManFootWork+1","Warcry","Body Slam"],"picked":"AT_BodySlamDance+1","floor":40},{"not_picked":["Dual Wield","Armaments","Wild Strike+1","AT_IchimonjiDouble+1","AT_DrawKnifeCut+1"],"picked":"SKIP","floor":45},{"not_picked":["Flex","True Grit","Thunderclap","Anger","AT_IchimonjiDouble+1"],"picked":"SKIP","floor":46},{"not_picked":["True Grit+1","Pommel Strike","Flex","Reckless Charge","MostiFishMod:TemporaryOutbreak"],"picked":"SKIP","floor":48},{"not_picked":["Anger","Headbutt","Warcry","Heavy Blade"],"picked":"Sentinel+1","floor":54},{"not_picked":["Clash","Clothesline","Uppercut","Anger+1","Pommel Strike"],"picked":"SKIP","floor":55}],"player_experience":675274,"relics_obtained":[{"floor":1.0,"key":"SynthV:TestCard"},{"floor":6.0,"key":"AT_ForceNature"},{"floor":14.0,"key":"testmod-Muramasa"},{"floor":24.0,"key":"Mango"},{"floor":26.0,"key":"Eternal Feather"},{"floor":40,"key":"Bag of Marbles"},{"floor":43,"key":"Darkstone Periapt"},{"floor":48,"key":"testmod-Justice"},{"floor":55,"key":"Anchor"}],"event_choices":[{"damage_healed":0.0,"max_hp_gain":0.0,"max_hp_loss":0.0,"gold_gain":50.0,"event_name":"Golden Shrine","player_choice":"Pray","floor":3.0,"gold_loss":0.0,"damage_taken":0.0},{"damage_healed":0.0,"max_hp_gain":0.0,"max_hp_loss":7.0,"gold_gain":0.0,"event_name":"Golden Idol","player_choice":"Lose Max HP","floor":12.0,"gold_loss":0.0,"damage_taken":0.0,"relics_obtained":["Golden Idol"]},{"damage_healed":0.0,"max_hp_gain":0.0,"max_hp_loss":0.0,"gold_gain":0.0,"cards_transformed":["Strike_R"],"event_name":"Transmorgrifier","player_choice":"Transformed","floor":27.0,"gold_loss":0.0,"damage_taken":0.0,"cards_obtained":["Searing Blow"]},{"damage_healed":0,"gold_gain":333,"player_choice":"Gave Idol","damage_taken":0,"max_hp_gain":0,"max_hp_loss":0,"event_name":"The Moai Head","floor":36,"relics_lost":["Golden Idol"],"gold_loss":0},{"damage_healed":0,"gold_gain":0,"player_choice":"Memory 3","damage_taken":10,"max_hp_gain":0,"max_hp_loss":0,"event_name":"SensoryStone","floor":37,"gold_loss":0}],"is_beta":false,"boss_relics":[{"not_picked":["testmod-BatchProcessingSystem","xbg"],"picked":"MostiFishMod:Hod"},{"not_picked":["FixedStarFall","Calling Bell"],"picked":"testmod-DeterminationOfClimber"}],"items_purged_floors":[2,13,13,19,39,39,54],"is_endless":false,"potions_floor_spawned":[1,5,11,14,18,20,22,25,38,45,48],"ascension_level":20}}