{"host":"p4zclu0beiy6gkiq","time":1609580676,"event":{"mods":["AchievementEnabler","BaseMod","Bestiary","Colored Map","Colored Powertips","DeckTracker","Minty Spire (QoL Compilation)","Quick Restart","StSLib","SuperFastMode","The Cursed"],"gold_per_floor":[119,9,9,9,19,46,46,56,83,33,66,66,83,113,113,215,215,201,201,201,201,29,59,72,72,96,126,143,471,490,507,507,507,507],"floor_reached":33,"playtime":3049,"items_purged":["Strike_B"],"score":497,"play_id":"20c60bee-5f11-4c5c-a7fe-0cd6e6089776","local_time":"20210102184436","is_ascension_mode":true,"campfire_choices":[{"data":"Chill","floor":7.0,"key":"SMITH"},{"data":"Defragment","floor":12.0,"key":"SMITH"},{"data":"Double Energy","floor":15.0,"key":"SMITH"},{"data":"Apotheosis","floor":25.0,"key":"SMITH"},{"data":"Seek","floor":32.0,"key":"SMITH"}],"circlet_count":0,"master_deck":["Strike_B","Defend_B","Defend_B","Defend_B","Zap","Dualcast","Cold Snap","Rip and Tear","Regret","Go for the Eyes","Chill+1","Biased Cognition","Defragment+1","Conserve Battery","Double Energy+1","Seek+1","RitualDagger","Apotheosis+1","Hologram","Go for the Eyes","Aggregate","Reboot","White Noise+1","Reinforced Body","BootSequence+1"],"relics":["Cracked Core","PreservedInsect","Pocketwatch","Du-Vu Doll","Anchor","Tiny Chest","Sozu","Enchiridion","Omamori","Boot","Vajra","Old Coin"],"acts_visited":["Exordium","TheCity"],"potions_floor_usage":[],"damage_taken":[{"damage":1.0,"enemies":"Cultist","floor":1.0,"turns":3.0},{"damage":0.0,"enemies":"Small Slimes","floor":5.0,"turns":2.0},{"damage":0.0,"enemies":"Gremlin Nob","floor":6.0,"turns":2.0},{"damage":6.0,"enemies":"Jaw Worm","floor":8.0,"turns":2.0},{"damage":1.0,"enemies":"Lagavulin","floor":11.0,"turns":4.0},{"damage":15.0,"enemies":"Gremlin Gang","floor":13.0,"turns":4.0},{"damage":2.0,"enemies":"Gremlin Nob","floor":14.0,"turns":3.0},{"damage":9.0,"enemies":"Hexaghost","floor":16.0,"turns":9.0},{"damage":1.0,"enemies":"2 Thieves","floor":18.0,"turns":4.0},{"damage":9.0,"enemies":"Slavers","floor":23.0,"turns":4.0},{"damage":6.0,"enemies":"Shell Parasite","floor":24.0,"turns":5.0},{"damage":7.0,"enemies":"Gremlin Leader","floor":27.0,"turns":7.0},{"damage":1.0,"enemies":"Sentry and Sphere","floor":28.0,"turns":3.0},{"damage":2.0,"enemies":"Slavers","floor":29.0,"turns":8.0},{"damage":4.0,"enemies":"Snecko","floor":30.0,"turns":3.0},{"damage":0.0,"enemies":"Snake Plant","floor":31.0,"turns":3.0},{"damage":3,"enemies":"Champ","floor":33,"turns":6}],"seed_played":"-7794631084229267953","potions_obtained":[{"floor":5.0,"key":"PowerPotion"},{"floor":11.0,"key":"BlessingOfTheForge"}],"is_trial":false,"path_per_floor":["M","$","?","?","M","E","R","M","T","?","E","R","M","E","R","B",null,"M","?","?","?","$","E","M","R","T","E","M","E","M","M","R","B"],"character_chosen":"DEFECT","items_purchased":["Rip and Tear","Apotheosis"],"campfire_rested":0,"item_purchase_floors":[2,22],"current_hp_per_floor":[67,67,67,49,49,49,49,43,43,43,42,42,27,25,25,16,68,67,67,61,45,45,36,30,30,30,23,22,20,16,16,16,13,13],"gold":507,"neow_bonus":"REMOVE_TWO","is_daily":false,"chose_seed":false,"campfire_upgraded":5,"win_rate":0.0,"timestamp":1609580676,"path_taken":["M","$","?","?","?","E","R","?","T","?","E","R","M","E","R","BOSS","M","?","?","?","$","E","M","R","T","E","M","E","M","M","R","BOSS"],"items_purchased_type":["Card","Card"],"build_version":"2020-12-22","purchased_purges":1,"victory":false,"max_hp_per_floor":[68,68,68,68,68,68,68,68,68,68,68,68,68,68,68,68,68,68,68,68,68,68,68,68,68,68,68,68,68,68,68,68,68,68],"card_choices":[{"not_picked":["Compile Driver","Sweeping Beam"],"picked":"Cold Snap","floor":1.0},{"not_picked":["Steam","Rip and Tear"],"picked":"Go for the Eyes","floor":5.0},{"not_picked":["Redo","Conserve Battery"],"picked":"Chill","floor":6.0},{"not_picked":["Force Field","Melter"],"picked":"Biased Cognition","floor":8.0},{"not_picked":["Leap","Storm"],"picked":"Defragment","floor":11.0},{"not_picked":["Compile Driver","Steam"],"picked":"Conserve Battery","floor":13.0},{"not_picked":["Sweeping Beam","Redo"],"picked":"Double Energy","floor":14.0},{"not_picked":["Electrodynamics","Biased Cognition"],"picked":"Seek","floor":16.0},{"not_picked":["Sweeping Beam","Heatsinks","Compile Driver"],"picked":"SKIP","floor":18.0},{"not_picked":["Compile Driver+1","Stack"],"picked":"Hologram","floor":23.0},{"not_picked":["Sweeping Beam","Steam Power"],"picked":"Go for the Eyes","floor":24.0},{"not_picked":["Stack","Compile Driver"],"picked":"Aggregate","floor":27.0},{"not_picked":["Beam Cell","Steam+1"],"picked":"Reboot","floor":28.0},{"not_picked":["Rebound","Self Repair"],"picked":"White Noise+1","floor":29.0},{"not_picked":["Cold Snap+1","Undo"],"picked":"Reinforced Body","floor":30.0},{"not_picked":["Tempest+1","Rebound"],"picked":"BootSequence+1","floor":31.0}],"player_experience":94747,"relics_obtained":[{"floor":6.0,"key":"Du-Vu Doll"},{"floor":11.0,"key":"Anchor"},{"floor":14.0,"key":"Tiny Chest"},{"floor":21.0,"key":"Enchiridion"},{"floor":23.0,"key":"Omamori"},{"floor":26.0,"key":"Boot"},{"floor":27.0,"key":"Vajra"},{"floor":29.0,"key":"Old Coin"}],"event_choices":[{"damage_healed":0.0,"max_hp_gain":0.0,"max_hp_loss":0.0,"gold_gain":0.0,"event_name":"Big Fish","player_choice":"Box","floor":3.0,"gold_loss":0.0,"damage_taken":0.0,"relics_obtained":["PreservedInsect"],"cards_obtained":["Regret"]},{"damage_healed":0.0,"max_hp_gain":0.0,"max_hp_loss":0.0,"gold_gain":0.0,"event_name":"Scrap Ooze","player_choice":"Success","floor":4.0,"gold_loss":0.0,"damage_taken":18.0,"relics_obtained":["Pocketwatch"]},{"cards_removed":["Strike_B"],"damage_healed":0.0,"max_hp_gain":0.0,"max_hp_loss":0.0,"gold_gain":0.0,"event_name":"The Cleric","player_choice":"Card Removal","floor":10.0,"gold_loss":50.0,"damage_taken":0.0},{"damage_healed":0.0,"max_hp_gain":0.0,"max_hp_loss":0.0,"gold_gain":0.0,"event_name":"Ghosts","player_choice":"Ignored","floor":19.0,"gold_loss":0.0,"damage_taken":0.0},{"damage_healed":0.0,"max_hp_gain":0.0,"max_hp_loss":0.0,"gold_gain":0.0,"event_name":"Nest","player_choice":"Joined the Cult","floor":20.0,"gold_loss":0.0,"damage_taken":6.0,"cards_obtained":["RitualDagger"]},{"damage_healed":0.0,"max_hp_gain":0.0,"max_hp_loss":0.0,"gold_gain":0.0,"event_name":"Cursed Tome","player_choice":"Obtained Book","floor":21.0,"gold_loss":0.0,"damage_taken":16.0}],"is_beta":false,"boss_relics":[{"not_picked":["Velvet Choker","Empty Cage"],"picked":"Sozu"}],"items_purged_floors":[2],"is_endless":false,"potions_floor_spawned":[5,11,27,28,29],"killed_by":"Champ","ascension_level":1}}