{"host":"i4eavuqabbk5mi94","time":1609599017,"event":{"mods":["BaseMod","Googly Eyes","Minty Spire (QoL Compilation)"],"gold_per_floor":[117,137,137,137,62,93,93,104,152,186,196,213,225,400,400,498,498,517,533,458,474,484,484,484,484],"floor_reached":24,"playtime":1142,"items_purged":["Strike_R"],"score":294,"play_id":"ecacf794-02c6-40ed-9349-9115352e5ab5","local_time":"20210102145017","is_ascension_mode":true,"campfire_choices":[{"data":"Armaments","floor":7,"key":"SMITH"},{"data":"Rampage","floor":15,"key":"SMITH"},{"floor":23,"key":"REST"}],"circlet_count":0,"master_deck":["Strike_R","Strike_R","Strike_R","Defend_R","Defend_R","Defend_R","Defend_R","Bash","Pommel Strike","Uppercut","Evolve","Armaments+1","Rampage+1","Reaper","True Grit","Thunderclap","Dual Wield","Seeing Red+1"],"relics":["Burning Blood","NeowsBlessing","Anchor","CaptainsWheel","PreservedInsect","Bird Faced Urn","SacredBark"],"acts_visited":["Exordium","TheCity"],"potions_floor_usage":[16,16,18,19,21,22],"damage_taken":[{"damage":0,"enemies":"2 Louse","floor":1,"turns":1},{"damage":0,"enemies":"Small Slimes","floor":2,"turns":1},{"damage":0,"enemies":"Gremlin Nob","floor":6,"turns":1},{"damage":1,"enemies":"Cultist","floor":8,"turns":3},{"damage":10,"enemies":"Lagavulin","floor":10,"turns":5},{"damage":10,"enemies":"Exordium Wildlife","floor":11,"turns":5},{"damage":3,"enemies":"Looter","floor":12,"turns":4},{"damage":9,"enemies":"2 Fungi Beasts","floor":13,"turns":3},{"damage":51,"enemies":"Slime Boss","floor":16,"turns":12},{"damage":48,"enemies":"3 Byrds","floor":18,"turns":7},{"damage":13,"enemies":"Chosen","floor":19,"turns":7},{"damage":21,"enemies":"Centurion and Healer","floor":21,"turns":12},{"damage":57,"enemies":"Shelled Parasite and Fungi","floor":22,"turns":11},{"damage":46,"enemies":"Snecko","floor":24,"turns":6}],"seed_played":"5589870430673322971","potions_obtained":[{"floor":8,"key":"ColorlessPotion"},{"floor":11,"key":"BloodPotion"},{"floor":12,"key":"Strength Potion"},{"floor":16,"key":"Fire Potion"},{"floor":18,"key":"Block Potion"},{"floor":19,"key":"SkillPotion"}],"is_trial":false,"path_per_floor":["M","M","?","?","$","E","R","M","T","E","M","M","M","?","R","B",null,"M","M","?","M","M","R","M"],"character_chosen":"IRONCLAD","items_purchased":[],"campfire_rested":1,"item_purchase_floors":[],"current_hp_per_floor":[80,80,62,62,62,68,68,73,73,69,65,68,65,65,65,22,66,30,30,30,25,8,32,0,0],"gold":484,"neow_bonus":"THREE_ENEMY_KILL","is_daily":false,"chose_seed":false,"campfire_upgraded":2,"win_rate":0.0,"timestamp":1609599017,"path_taken":["M","M","?","?","$","E","R","M","T","E","M","M","?","?","R","BOSS","M","M","?","M","M","R","M"],"items_purchased_type":[],"build_version":"2020-12-22","purchased_purges":1,"victory":false,"max_hp_per_floor":[80,80,80,80,80,80,80,80,80,80,80,80,80,80,80,80,80,80,80,80,80,80,80,80,80],"card_choices":[{"not_picked":["Warcry","True Grit"],"picked":"Pommel Strike","floor":1},{"not_picked":["Evolve","Headbutt"],"picked":"Uppercut","floor":2},{"not_picked":["Reckless Charge","Rage"],"picked":"Armaments","floor":6},{"not_picked":["Dark Embrace","Iron Wave"],"picked":"Rampage","floor":8},{"not_picked":["Perfected Strike","Blood for Blood","Anger"],"picked":"SKIP","floor":10},{"not_picked":["Rupture","Anger","Warcry"],"picked":"SKIP","floor":11},{"not_picked":["Rage","Reaper","Heavy Blade"],"picked":"SKIP","floor":12},{"not_picked":["Uppercut","Perfected Strike","Carnage"],"picked":"SKIP","floor":13},{"not_picked":["Limit Break","Bludgeon"],"picked":"Reaper","floor":16},{"not_picked":["Clash","Entrench"],"picked":"True Grit","floor":18},{"not_picked":["Battle Trance","Uppercut"],"picked":"Thunderclap","floor":19},{"not_picked":["Perfected Strike","Bloodletting"],"picked":"Dual Wield","floor":21},{"not_picked":["Pummel+1","Clash"],"picked":"Seeing Red+1","floor":22}],"player_experience":366188,"relics_obtained":[{"floor":6,"key":"CaptainsWheel"},{"floor":9,"key":"PreservedInsect"},{"floor":10,"key":"Bird Faced Urn"}],"event_choices":[{"damage_healed":0,"gold_gain":0,"player_choice":"Success","damage_taken":18,"relics_obtained":["Anchor"],"max_hp_gain":0,"max_hp_loss":0,"event_name":"Scrap Ooze","floor":3,"gold_loss":0},{"damage_healed":0,"gold_gain":0,"cards_transformed":["Strike_R"],"player_choice":"Transformed","damage_taken":0,"max_hp_gain":0,"max_hp_loss":0,"event_name":"Transmorgrifier","floor":4,"gold_loss":0,"cards_obtained":["Evolve"]},{"damage_healed":0,"gold_gain":175,"player_choice":"AGREE","damage_taken":0,"max_hp_gain":0,"max_hp_loss":0,"event_name":"Liars Game","floor":14,"gold_loss":0,"cards_obtained":["Doubt"]},{"cards_removed":["Doubt"],"damage_healed":0,"gold_gain":0,"player_choice":"Gave Gold","damage_taken":0,"max_hp_gain":0,"max_hp_loss":0,"event_name":"Beggar","floor":20,"gold_loss":75}],"is_beta":false,"boss_relics":[{"not_picked":["Busted Crown","Runic Cube"],"picked":"SacredBark"}],"items_purged_floors":[5],"is_endless":false,"potions_floor_spawned":[8,11,12,13,16,18,19],"killed_by":"Snecko","ascension_level":5}}