{"host":"c7jf6qmun6p1cqff","time":1609570508,"event":{"mods":["BaseMod","Colored Map","HumanHunterMod(π÷ŒÔ…±»Àmod)","Minty Spire (QoL Compilation)","The Servant 0.9.4","noobMod"],"gold_per_floor":[114,132,132,150,170,204,219,246,282,323,353,376,407,430,442,554,566,566],"floor_reached":17,"playtime":1287,"items_purged":[],"score":208,"play_id":"24e34567-409f-4b90-beda-7b4b5d14a963","local_time":"20210102145508","is_ascension_mode":false,"campfire_choices":[{"floor":15,"key":"RECALL"}],"circlet_count":0,"master_deck":["Strike_S","Strike_S","Strike_S","Strike_S","Defend_S","Defend_S","Defend_S","Defend_S","KidneyShot","Exchange","Unruled","BestPractice","DoubleEdge","Sunlight","SpecialFormula","Defy","ShatteredReality","FanOfKnives","Ricochet","ShiftingGears","DoubleEdge","Potential","Dilation"],"relics":["Uniform","ice","NeowsBlessing","Torii","Vajra","MawBank","Toy Ornithopter","Ectoplasm"],"acts_visited":["Exordium","TheCity"],"potions_floor_usage":[8],"damage_taken":[{"damage":0,"enemies":"Jaw Worm","floor":1,"turns":1},{"damage":0,"enemies":"Cultist","floor":2,"turns":1},{"damage":0,"enemies":"Small Slimes","floor":4,"turns":1},{"damage":8,"enemies":"3 Louse","floor":5,"turns":3},{"damage":32,"enemies":"Gremlin Nob","floor":6,"turns":4},{"damage":11,"enemies":"2 Fungi Beasts","floor":7,"turns":2},{"damage":32,"enemies":"3 Sentries","floor":8,"turns":11},{"damage":9,"enemies":"Gremlin Nob","floor":10,"turns":3},{"damage":6,"enemies":"Exordium Thugs","floor":11,"turns":2},{"damage":11,"enemies":"Large Slime","floor":12,"turns":5},{"damage":0,"enemies":"3 Louse","floor":13,"turns":2},{"damage":0,"enemies":"2 Fungi Beasts","floor":14,"turns":2},{"damage":47,"enemies":"The Guardian","floor":16,"turns":5}],"seed_played":"7243163095508222794","potions_obtained":[{"floor":1,"key":"Energy Potion"},{"floor":4,"key":"SmokeBomb"},{"floor":5,"key":"FearPotion"},{"floor":10,"key":"Dexterity Potion"}],"is_trial":false,"path_per_floor":["M","M","?","M","M","E","M","E","T","E","M","M","M","M","R","B",null],"character_chosen":"THE_SERVANT","items_purchased":[],"campfire_rested":0,"item_purchase_floors":[],"current_hp_per_floor":[65,65,65,65,57,25,19,56,56,52,51,48,48,48,48,6,86,86],"gold":566,"neow_bonus":"THREE_ENEMY_KILL","is_daily":false,"chose_seed":false,"campfire_upgraded":0,"win_rate":0.0,"timestamp":1609570508,"path_taken":["M","M","?","M","M","E","M","E","T","E","M","M","?","M","R","BOSS"],"items_purchased_type":[],"build_version":"2020-12-22","purchased_purges":0,"victory":false,"max_hp_per_floor":[65,65,65,65,65,65,65,69,69,70,71,74,75,75,75,86,86,86],"card_choices":[{"not_picked":["Collapse","Alleviate"],"picked":"Unruled","floor":1},{"not_picked":["Unruled","Revamp"],"picked":"BestPractice","floor":2},{"not_picked":["Defy","FastForward"],"picked":"DoubleEdge","floor":4},{"not_picked":["Defy","Rearm"],"picked":"Sunlight","floor":5},{"not_picked":["MoonPhase","FastForward"],"picked":"SpecialFormula","floor":6},{"not_picked":["Starlight","Moonlight"],"picked":"Defy","floor":7},{"not_picked":["Barrier","StarChef"],"picked":"ShatteredReality","floor":8},{"not_picked":["SurpressingFire","Unruled"],"picked":"FanOfKnives","floor":10},{"not_picked":["SurpressingFire","Barrier"],"picked":"Ricochet","floor":11},{"not_picked":["Comet","Potential"],"picked":"ShiftingGears","floor":12},{"not_picked":["Potential","FloweringNight"],"picked":"DoubleEdge","floor":13},{"not_picked":["Revamp","Collapse"],"picked":"Potential","floor":14},{"not_picked":["FloweringNight","Deny"],"picked":"Dilation","floor":16}],"player_experience":48862,"relics_obtained":[{"floor":3,"key":"Torii"},{"floor":6,"key":"Vajra"},{"floor":8,"key":"MawBank"},{"floor":10,"key":"Toy Ornithopter"}],"event_choices":[{"damage_healed":0,"gold_gain":0,"player_choice":"Relic","damage_taken":0,"max_hp_gain":0,"max_hp_loss":0,"event_name":"Wheel of Change","floor":3,"gold_loss":0}],"is_beta":false,"boss_relics":[{"not_picked":["Astrolabe","Runic Pyramid"],"picked":"Ectoplasm"}],"items_purged_floors":[],"is_endless":false,"potions_floor_spawned":[1,4,5,10,13,16],"ascension_level":0}}