{"host":"n900smz9wr3yo27a","time":1609603213,"event":{"mods":["Arknights The Spire","BaseMod","CapriCore","GungeonMod","Hermit","Koishi","Lobotomy","Marisa£¨Ùöéë¡¡Øª×âÞÞ£©","Minty Spire (QoL Compilation)","Prisma Mod","Replay The Spire","StSLib","Td1madao Mod","The Animator","The Bug Knight","The Cursed","The Dragon Tamer","The Gatherer","The Hierophant","The Immortal","The Jungle","The Necromancer","The Poker Player","The Runesmith","WarShipGirlsR/??á´Ò³R mod"],"gold_per_floor":[119,119,119,143,143,176,194,194,194,227,227,227,243,281,281,404,404,425,35,59,59,77,77,110,110,110,125,138,138,151,7,7,137,137,152,215,233,233,248,248,0,0,23,43,43,43,62,10,10,10,10,10],"floor_reached":50,"playtime":1844,"items_purged":["DTMod:Strike"],"score":580,"play_id":"6ff1a0f2-6a74-40eb-9c6d-e8435020f032","local_time":"20210103010013","is_ascension_mode":false,"metric_token":1631,"campfire_choices":[{"data":"DTMod:FlameSlash","floor":8,"key":"SMITH"},{"data":"DTMod:HeatWave","floor":12,"key":"SMITH"},{"data":"DTMod:FlameSlash","floor":15,"key":"SMITH"},{"floor":23,"key":"RECALL"},{"floor":32,"key":"REST"},{"floor":40,"key":"REST"},{"floor":42,"key":"REST"},{"floor":45,"key":"REST"},{"data":"DTMod:DragonDance","floor":49,"key":"SMITH"}],"dtmod_dragon_data":[0,50,1,1,8,8],"circlet_count":0,"master_deck":["DTMod:Strike","DTMod:Strike","DTMod:DoubleHit+1","DTMod:TargetDefense+1","DTMod:TargetDefense","DTMod:TargetDefense","DTMod:SwitchingTactic","DTMod:FlameSlash+1","DTMod:Threaten","DTMod:ShieldDrain","DTMod:HeatWave+1","DTMod:FlameSlash+1","DTMod:QuickFly","DTMod:Punisher","DTMod:Harmonize","DTMod:DragonDance+1","DTMod:ComboAttack+1","Shame","DTMod:FlameSlash","Necronomicurse","Clumsy","DTMod:BurningForce","DTMod:BurningForce","DTMod:BurningEnergy","DTMod:DoubleHit+1","DTMod:FierySynthesis+1","DTMod:SneakAttack","DTMod:Training+1","Parasite","DTMod:MagicField+1","DTMod:Multitask","DTMod:ShieldDrain+1"],"relics":["DTMod:PactStone","NeowsBlessing","Golden Idol","NlothsMask","Ice Cream","Pen Nib","DTMod:SolidMemories","Cursed Key","Bottled Tornado","Replay:Bottled Flurry","Ancient Tea Set","Necronomicon","DollysMirror","SlaversCollar","Ginger","Red Mask","Gremlin Food"],"acts_visited":["Exordium","TheCity","TheBeyond"],"potions_floor_usage":[14,24,33,39,44],"damage_taken":[{"damage":0,"enemies":"2 Louse","floor":1,"turns":1},{"damage":0,"enemies":"Jaw Worm","floor":4,"turns":1},{"damage":0,"enemies":"Lagavulin","floor":6,"turns":1},{"damage":0,"enemies":"Cultist","floor":7,"turns":3},{"damage":11,"enemies":"Gremlin Nob","floor":10,"turns":5},{"damage":0,"enemies":"2 Fungi Beasts","floor":13,"turns":3},{"damage":10,"enemies":"Lagavulin","floor":14,"turns":6},{"damage":0,"enemies":"Slime Boss","floor":16,"turns":9},{"damage":0,"enemies":"3 Byrds","floor":18,"turns":4},{"damage":0,"enemies":"Spheric Guardian","floor":20,"turns":2},{"damage":0,"enemies":"Shelled Parasite and Fungi","floor":22,"turns":3},{"damage":0,"enemies":"Slavers","floor":24,"turns":3},{"damage":1,"enemies":"Snake Plant","floor":27,"turns":3},{"damage":0,"enemies":"Sentry and Sphere","floor":28,"turns":4},{"damage":0,"enemies":"Cultist and Chosen","floor":30,"turns":4},{"damage":29,"enemies":"Champ","floor":33,"turns":6},{"damage":0,"enemies":"Orb Walker","floor":35,"turns":3},{"damage":0,"enemies":"Mind Bloom Boss Battle","floor":36,"turns":6},{"damage":40,"enemies":"3 Shapes","floor":37,"turns":4},{"damage":0,"enemies":"Transient","floor":39,"turns":5},{"damage":4,"enemies":"Sphere and 2 Shapes","floor":44,"turns":3},{"damage":0,"enemies":"3 Darklings","floor":47,"turns":2},{"damage":46,"enemies":"Time Eater","floor":50,"turns":7}],"seed_played":"-6151398854329697510","potions_obtained":[{"floor":7,"key":"Energy Potion"},{"floor":14,"key":"Dexterity Potion"},{"floor":16,"key":"Languid Potion"},{"floor":24,"key":"SteroidPotion"},{"floor":27,"key":"LifebloodPotion"},{"floor":33,"key":"SpeedPotion"},{"floor":47,"key":"Energy Potion"}],"is_trial":false,"path_per_floor":["M","?","$","M","?","E","M","R","T","E","?","R","M","E","R","B",null,"M","$","M","?","M","R","E","?","T","M","M","?","M","$","R","B",null,"M","?","M","?","M","R","?","R","T","M","R","?","M","$","R","B"],"character_chosen":"THE_DT","items_purchased":["DTMod:DragonDance","Bottled Tornado","DollysMirror","AttackPotion"],"campfire_rested":4,"item_purchase_floors":[19,19,31,48],"current_hp_per_floor":[45,34,34,34,34,34,34,34,34,23,14,14,14,4,4,4,45,45,45,45,45,45,45,45,29,29,28,28,28,28,28,41,12,45,45,45,5,5,5,18,18,31,31,27,40,40,40,40,40,0,0,0],"gold":10,"neow_bonus":"THREE_ENEMY_KILL","is_daily":false,"chose_seed":false,"campfire_upgraded":4,"win_rate":0.0,"timestamp":1609603213,"path_taken":["M","?","$","M","?","E","?","R","T","E","?","R","M","E","R","BOSS","M","$","M","?","M","R","E","?","T","?","M","?","M","?","R","BOSS","M","?","M","?","M","R","?","R","T","M","R","?","M","?","R","BOSS"],"items_purchased_type":["Card","Relic","Relic","Potion"],"build_version":"2020-12-22","purchased_purges":1,"victory":false,"max_hp_per_floor":[45,45,45,45,45,45,45,45,45,45,45,45,45,45,45,45,45,45,45,45,45,45,45,45,45,45,45,45,45,45,45,45,45,45,45,45,45,45,45,45,45,45,45,45,45,45,45,45,45,45,45,45],"card_choices":[{"not_picked":["DTMod:Punisher","DTMod:MasterPlan"],"picked":"DTMod:FlameSlash","floor":1},{"not_picked":["DTMod:Observe","DTMod:Coolant"],"picked":"DTMod:Threaten","floor":4},{"not_picked":["DTMod:Haste","DTMod:FlameSlash"],"picked":"DTMod:ShieldDrain","floor":6},{"not_picked":["DTMod:FlameSlash","DTMod:BlueScale"],"picked":"DTMod:HeatWave","floor":7},{"not_picked":["DTMod:GhostSkin","DTMod:PurifyingFlame"],"picked":"DTMod:FlameSlash","floor":10},{"not_picked":["DTMod:TagTeam","DTMod:CleansingStrike"],"picked":"DTMod:QuickFly","floor":13},{"not_picked":["DTMod:CrossStep","DTMod:BuildUp"],"picked":"DTMod:Punisher","floor":14},{"not_picked":["DTMod:Prediction","DTMod:TriAttack"],"picked":"DTMod:Harmonize","floor":16},{"not_picked":["DTMod:DarkBreath","DTMod:Hide","DTMod:Weaken"],"picked":"SKIP","floor":18},{"not_picked":["DTMod:TagTeam","DTMod:BurningEnergy"],"picked":"DTMod:ComboAttack+1","floor":20},{"not_picked":["DTMod:CleansingStrike","DTMod:BlazingStrike"],"picked":"DTMod:FlameSlash","floor":22},{"not_picked":["DTMod:ExcessFootwork","DTMod:Punisher+1","DTMod:Hide+1"],"picked":"SKIP","floor":24},{"not_picked":["DTMod:Weaken","DTMod:PurifyingFlame"],"picked":"DTMod:BurningForce","floor":27},{"not_picked":["DTMod:CalculatedDefense","DTMod:BizarreTactic"],"picked":"DTMod:BurningForce","floor":28},{"not_picked":["DTMod:MagicField","DTMod:BreakAttack+1"],"picked":"DTMod:BurningEnergy","floor":30},{"not_picked":["DTMod:LightShield","DTMod:RepeatStrike"],"picked":"DTMod:FierySynthesis","floor":33},{"not_picked":["DTMod:HeatWave+1","DTMod:BuildUp+1"],"picked":"DTMod:SneakAttack","floor":35},{"not_picked":["DTMod:CleansingStrike","DTMod:HeatWave+1","DTMod:Coolant+1"],"picked":"SKIP","floor":37},{"not_picked":["DTMod:Adaptation+1","DTMod:Coolant+1"],"picked":"DTMod:Training+1","floor":39},{"not_picked":["DTMod:Conduct","DTMod:Multitask"],"picked":"DTMod:MagicField+1","floor":44},{"not_picked":[],"picked":"DTMod:Multitask","floor":46},{"not_picked":["DTMod:ComboAttack","DTMod:Training"],"picked":"DTMod:ShieldDrain+1","floor":47}],"player_experience":756646,"relics_obtained":[{"floor":6,"key":"Ice Cream"},{"floor":10,"key":"Pen Nib"},{"floor":14,"key":"DTMod:SolidMemories"},{"floor":24,"key":"Ancient Tea Set"},{"floor":25,"key":"Necronomicon"},{"floor":36,"key":"Ginger"},{"floor":43,"key":"Gremlin Food"}],"event_choices":[{"damage_healed":0,"gold_gain":0,"player_choice":"Take Damage","damage_taken":11,"relics_obtained":["Golden Idol"],"max_hp_gain":0,"max_hp_loss":0,"event_name":"Golden Idol","floor":2,"gold_loss":0},{"damage_healed":0,"gold_gain":0,"player_choice":"Trade","damage_taken":0,"relics_obtained":["NlothsMask"],"max_hp_gain":0,"max_hp_loss":0,"event_name":"FaceTrader","floor":5,"gold_loss":0},{"damage_healed":0,"gold_gain":0,"player_choice":"Entered Light","damage_taken":9,"max_hp_gain":0,"max_hp_loss":0,"event_name":"Shining Light","floor":11,"gold_loss":0,"cards_upgraded":["DTMod:DoubleHit","DTMod:TargetDefense"]},{"damage_healed":0,"gold_gain":0,"player_choice":"Stole Relic","damage_taken":0,"relics_obtained":["Replay:Bottled Flurry"],"max_hp_gain":0,"max_hp_loss":0,"event_name":"Addict","floor":21,"gold_loss":0,"cards_obtained":["Shame"]},{"damage_healed":0,"gold_gain":0,"player_choice":"Obtained Book","damage_taken":16,"max_hp_gain":0,"max_hp_loss":0,"event_name":"Cursed Tome","floor":25,"gold_loss":0},{"cards_removed":["DTMod:TargetDefense"],"damage_healed":0,"gold_gain":0,"player_choice":"Offered Basic","damage_taken":0,"max_hp_gain":0,"max_hp_loss":0,"event_name":"Bonfire Elementals","floor":29,"gold_loss":0},{"damage_healed":0,"gold_gain":0,"player_choice":"Fight","damage_taken":0,"max_hp_gain":0,"max_hp_loss":0,"event_name":"MindBloom","floor":36,"gold_loss":0},{"cards_removed":["DTMod:Strike"],"damage_healed":0,"gold_gain":0,"player_choice":"Removed Attack","damage_taken":0,"max_hp_gain":0,"max_hp_loss":0,"event_name":"Falling","floor":38,"gold_loss":0},{"damage_healed":0,"gold_gain":0,"player_choice":"Paid","damage_taken":0,"relics_obtained":["Red Mask"],"max_hp_gain":0,"max_hp_loss":0,"event_name":"Tomb of Lord Red Mask","floor":41,"gold_loss":248}],"is_beta":false,"boss_relics":[{"not_picked":["Replay:Wanted Poster","Honey Jar"],"picked":"Cursed Key"},{"not_picked":["SacredBark","Black Star"],"picked":"SlaversCollar"}],"items_purged_floors":[19],"is_endless":false,"potions_floor_spawned":[7,14,16,24,27,33,37,47],"killed_by":"Time Eater","ascension_level":0}}