{"host":"rmsq46plbpwfbxcc","time":1609589813,"event":{"mods":["AchievementEnabler","BaseMod","Colored Map","Colored Powertips","DeckTracker","KOR Keyword Fix","Minty Spire (QoL Compilation)","Permanent Neow","Quick Restart","SuperFastMode"],"gold_per_floor":[110,121,134,150,168,168,203,203,230,230,262,262,147,167,167,272,272,289,189,114,114,126,126,173,185,197,53,53,72,99,112,112,210,260,271,15,70,70,70,98,110,110,135,135,135],"floor_reached":44,"playtime":1536,"items_purged":["Defend_G","Strike_G","Strike_G"],"score":655,"play_id":"4f13ceaa-07aa-482b-95c1-411f1f1d7095","local_time":"20210102211653","is_ascension_mode":true,"campfire_choices":[{"data":"Neutralize","floor":6,"key":"SMITH"},{"data":"Backflip","floor":10,"key":"SMITH"},{"data":"Cloak And Dagger","floor":12,"key":"SMITH"},{"data":"Terror","floor":15,"key":"SMITH"},{"data":"Adrenaline","floor":25,"key":"SMITH"},{"data":"Burst","floor":28,"key":"SMITH"},{"data":"Blur","floor":32,"key":"SMITH"}],"circlet_count":0,"master_deck":["Strike_G","Defend_G+1","Defend_G","Survivor","Neutralize+1","Riddle With Holes+1","Predator+1","Envenom+1","Backflip+1","PiercingWail","Acrobatics+1","Cloak And Dagger+1","Terror+1","Burst+1","Adrenaline+1","Blur+1","Bullet Time","Choke","Finisher","Blade Dance+1","Madness","Madness","Blade Dance+1","Secret Technique"],"relics":["Astrolabe","Torii","Bag of Marbles","Oddly Smooth Stone","Black Star","MawBank","Bronze Scales","CaptainsWheel","Singing Bowl","Lee\u0027s Waffle","Art of War","The Specimen","Tiny House","Mango","Akabeko","Pocketwatch","War Paint"],"acts_visited":["Exordium","TheCity","TheBeyond"],"potions_floor_usage":[5,7,18,22,24,33,37,37,40],"damage_taken":[{"damage":1,"enemies":"Cultist","floor":1,"turns":3},{"damage":0,"enemies":"2 Louse","floor":2,"turns":2},{"damage":0,"enemies":"Small Slimes","floor":3,"turns":3},{"damage":6,"enemies":"3 Louse","floor":4,"turns":3},{"damage":3,"enemies":"Large Slime","floor":5,"turns":4},{"damage":10,"enemies":"Gremlin Nob","floor":7,"turns":4},{"damage":3,"enemies":"Lagavulin","floor":11,"turns":8},{"damage":1,"enemies":"2 Fungi Beasts","floor":14,"turns":3},{"damage":16,"enemies":"Slime Boss","floor":16,"turns":10},{"damage":3,"enemies":"2 Thieves","floor":18,"turns":4},{"damage":9,"enemies":"Spheric Guardian","floor":22,"turns":4},{"damage":17,"enemies":"Slavers","floor":24,"turns":9},{"damage":1,"enemies":"Centurion and Healer","floor":29,"turns":4},{"damage":11,"enemies":"Gremlin Leader","floor":30,"turns":7},{"damage":19,"enemies":"Sentry and Sphere","floor":31,"turns":8},{"damage":37,"enemies":"Automaton","floor":33,"turns":9},{"damage":1,"enemies":"3 Darklings","floor":35,"turns":5},{"damage":2,"enemies":"2 Orb Walkers","floor":37,"turns":4},{"damage":31,"enemies":"Reptomancer","floor":40,"turns":9},{"damage":0,"enemies":"Orb Walker","floor":41,"turns":3},{"damage":43,"enemies":"Giant Head","floor":44,"turns":6}],"seed_played":"-225173728484473358","potions_obtained":[{"floor":2,"key":"Explosive Potion"},{"floor":5,"key":"Fire Potion"},{"floor":7,"key":"GhostInAJar"},{"floor":16,"key":"ColorlessPotion"},{"floor":22,"key":"Poison Potion"},{"floor":30,"key":"CunningPotion"},{"floor":33,"key":"Block Potion"},{"floor":34,"key":"LiquidMemories"},{"floor":37,"key":"LiquidMemories"}],"is_trial":false,"path_per_floor":["M","M","M","M","M","R","E","?","T","R","E","R","$","M","R","B",null,"M","$","?","?","M","?","E","R","T","$","R","M","E","M","R","B",null,"M","$","?","?","?","E","M","?","T","E"],"character_chosen":"THE_SILENT","items_purchased":["Terror","Lee\u0027s Waffle","Finisher","Blade Dance"],"campfire_rested":0,"item_purchase_floors":[13,27,36,36],"current_hp_per_floor":[69,69,69,63,60,60,50,50,50,50,47,47,47,46,46,30,60,57,57,57,57,48,48,31,31,31,77,77,78,67,50,50,13,69,70,70,82,69,69,38,40,40,40,0,0],"gold":135,"neow_bonus":"BOSS_RELIC","is_daily":false,"chose_seed":false,"campfire_upgraded":7,"win_rate":0.0,"timestamp":1609589813,"path_taken":["M","M","M","?","M","R","E","?","T","R","E","R","$","M","R","BOSS","M","$","?","?","M","?","E","R","T","$","R","M","E","M","R","BOSS","M","$","?","?","?","E","M","?","T","E"],"items_purchased_type":["Card","Relic","Card","Card"],"build_version":"2020-12-22","purchased_purges":3,"victory":false,"max_hp_per_floor":[70,70,70,70,70,70,70,70,70,70,70,70,70,70,70,70,70,70,70,70,70,70,70,70,70,70,77,77,79,79,81,81,81,86,88,88,102,102,102,102,104,104,104,104,104],"card_choices":[{"not_picked":["Flying Knee","Caltrops","Dagger Spray"],"picked":"SKIP","floor":1},{"not_picked":["Outmaneuver","Flying Knee"],"picked":"Backflip","floor":2},{"not_picked":["Leg Sweep","Sucker Punch","Concentrate"],"picked":"SKIP","floor":3},{"not_picked":["Bane","Grand Finale"],"picked":"PiercingWail","floor":4},{"not_picked":["Dagger Spray","Bane"],"picked":"Acrobatics","floor":5},{"not_picked":["Dagger Throw","Flying Knee","Sucker Punch"],"picked":"SKIP","floor":7},{"not_picked":["Deflect","Bane"],"picked":"Cloak And Dagger","floor":11},{"not_picked":["Quick Slash","Deadly Poison","Dash"],"picked":"SKIP","floor":14},{"not_picked":["Corpse Explosion","Venomology"],"picked":"Burst","floor":16},{"not_picked":["Poisoned Stab","Deflect","Quick Slash"],"picked":"SKIP","floor":18},{"not_picked":["Poisoned Stab","Slice+1","Sucker Punch"],"picked":"SKIP","floor":22},{"not_picked":["Caltrops","Acrobatics"],"picked":"Adrenaline","floor":24},{"not_picked":["Flying Knee","Poisoned Stab","Deadly Poison"],"picked":"Singing Bowl","floor":29},{"not_picked":["Flying Knee+1","Terror"],"picked":"Blur","floor":30},{"not_picked":["Dodge and Roll","Quick Slash","Heel Hook"],"picked":"Singing Bowl","floor":31},{"not_picked":["Burst","Venomology"],"picked":"Bullet Time","floor":33},{"not_picked":["Outmaneuver","Flying Knee+1"],"picked":"Choke","floor":34},{"not_picked":["Deflect+1","Dagger Throw","PiercingWail+1"],"picked":"Singing Bowl","floor":35},{"not_picked":["Deflect","Prepared"],"picked":"Caltrops+1","floor":37},{"not_picked":["PiercingWail","Caltrops+1"],"picked":"Blade Dance+1","floor":40},{"not_picked":["Dash","Setup+1","Grand Finale"],"picked":"Singing Bowl","floor":41},{"not_picked":["Madness","Secret Weapon"],"picked":"Secret Technique","floor":42}],"player_experience":647887,"relics_obtained":[{"floor":7,"key":"Torii"},{"floor":9,"key":"Bag of Marbles"},{"floor":11,"key":"Oddly Smooth Stone"},{"floor":24,"key":"Bronze Scales"},{"floor":24,"key":"CaptainsWheel"},{"floor":26,"key":"Singing Bowl"},{"floor":30,"key":"Art of War"},{"floor":30,"key":"The Specimen"},{"floor":37,"key":"Mango"},{"floor":40,"key":"Akabeko"},{"floor":40,"key":"Pocketwatch"},{"floor":43,"key":"War Paint"}],"event_choices":[{"damage_healed":0,"gold_gain":0,"player_choice":"Ignored","damage_taken":0,"max_hp_gain":0,"max_hp_loss":0,"event_name":"Liars Game","floor":8,"gold_loss":0},{"cards_removed":["Defend_G"],"damage_healed":0,"gold_gain":0,"player_choice":"Gave Gold","damage_taken":0,"max_hp_gain":0,"max_hp_loss":0,"event_name":"Beggar","floor":20,"gold_loss":75},{"damage_healed":0,"gold_gain":0,"player_choice":"Ignored","damage_taken":0,"max_hp_gain":0,"max_hp_loss":0,"event_name":"Vampires","floor":21,"gold_loss":0},{"damage_healed":0,"gold_gain":0,"player_choice":"Opened","damage_taken":0,"relics_obtained":["MawBank"],"max_hp_gain":0,"max_hp_loss":0,"event_name":"The Mausoleum","floor":23,"gold_loss":0},{"damage_healed":0,"gold_gain":0,"player_choice":"Fight","damage_taken":0,"max_hp_gain":0,"max_hp_loss":0,"event_name":"Mysterious Sphere","floor":37,"gold_loss":0},{"damage_healed":0,"gold_gain":0,"player_choice":"Embrace Madness","damage_taken":13,"max_hp_gain":0,"max_hp_loss":0,"event_name":"Winding Halls","floor":38,"gold_loss":0,"cards_obtained":["Madness","Madness"]},{"cards_removed":["Caltrops"],"damage_healed":0,"gold_gain":0,"player_choice":"Removed Power","damage_taken":0,"max_hp_gain":0,"max_hp_loss":0,"event_name":"Falling","floor":39,"gold_loss":0},{"damage_healed":0,"gold_gain":0,"player_choice":"Memory 1","damage_taken":0,"max_hp_gain":0,"max_hp_loss":0,"event_name":"SensoryStone","floor":42,"gold_loss":0}],"is_beta":false,"boss_relics":[{"not_picked":["Busted Crown","Velvet Choker"],"picked":"Black Star"},{"not_picked":["Runic Pyramid","Runic Dome"],"picked":"Tiny House"}],"items_purged_floors":[13,19,36],"is_endless":false,"potions_floor_spawned":[2,5,7,16,22,30,33,37],"killed_by":"Giant Head","ascension_level":5}}