{"host":"2hea6pl5vmah38iy","time":1609578281,"event":{"mods":["AchievementEnabler","BaseMod","Colored Map","DeckTracker","Keyboard Shortcuts","Minty Spire (QoL Compilation)","Rare Cards Sparkle","StSLib","SuperFastMode","everything is the same but u backflip on backflip"],"gold_per_floor":[115,115,19,19,29,29,42,42,91,91,119,137,137,168,168,240,240,254,254,264,282,296,296,296,296,296],"floor_reached":25,"playtime":674,"items_purged":[],"score":359,"play_id":"2bfbe4b7-ac8f-4e94-a3b3-8ccd33da982a","local_time":"20210102180441","is_ascension_mode":true,"campfire_choices":[{"data":"Consume","floor":6.0,"key":"SMITH"},{"data":"Zap","floor":10,"key":"SMITH"},{"floor":15,"key":"REST"},{"data":"Biased Cognition","floor":23,"key":"SMITH"}],"circlet_count":0,"master_deck":["AscendersBane","Strike_B","Strike_B","Strike_B","Defend_B","Defend_B","Defend_B","Zap+1","Dualcast","Sweeping Beam","Ball Lightning","Consume+1","Gash","Capacitor","Cold Snap","Cold Snap","Biased Cognition+1","Capacitor","Compile Driver"],"relics":["Cracked Core","NeowsBlessing","Nunchaku","Bottled Flame","Omamori","Velvet Choker","Dead Branch"],"acts_visited":["Exordium","TheCity"],"potions_floor_usage":[14,16,21,25],"damage_taken":[{"damage":0.0,"enemies":"Small Slimes","floor":1.0,"turns":1.0},{"damage":0.0,"enemies":"Jaw Worm","floor":5.0,"turns":1.0},{"damage":0.0,"enemies":"Cultist","floor":7.0,"turns":1.0},{"damage":40,"enemies":"Gremlin Nob","floor":11,"turns":4},{"damage":5,"enemies":"Exordium Wildlife","floor":12,"turns":3},{"damage":11,"enemies":"Lagavulin","floor":14,"turns":5},{"damage":7,"enemies":"Hexaghost","floor":16,"turns":8},{"damage":2,"enemies":"Spheric Guardian","floor":18,"turns":4},{"damage":10,"enemies":"Chosen","floor":20,"turns":4},{"damage":15,"enemies":"Snake Plant","floor":21,"turns":3},{"damage":6,"enemies":"Snecko","floor":22,"turns":5},{"damage":31,"enemies":"Gremlin Leader","floor":25,"turns":2}],"seed_played":"-1596512739923441111","potions_obtained":[{"floor":5.0,"key":"Dexterity Potion"},{"floor":12,"key":"DuplicationPotion"},{"floor":14,"key":"FearPotion"},{"floor":18,"key":"Dexterity Potion"},{"floor":19,"key":"DuplicationPotion"},{"floor":19,"key":"Swift Potion"}],"is_trial":false,"path_per_floor":["M","?","$","?","M","R","M","$","T","R","E","M","?","E","R","B",null,"M","?","M","M","M","R","?","E"],"character_chosen":"DEFECT","items_purchased":["Ball Lightning","Consume"],"campfire_rested":1,"item_purchase_floors":[3,3],"current_hp_per_floor":[64,57,57,57,57,57,57,57,57,57,17,12,12,1,22,15,57,55,55,45,30,24,24,24,0,0],"gold":296,"neow_bonus":"THREE_ENEMY_KILL","is_daily":false,"chose_seed":false,"campfire_upgraded":3,"win_rate":0.0,"timestamp":1609578281,"path_taken":["M","?","$","?","?","R","M","?","T","R","E","M","?","E","R","BOSS","M","?","?","M","?","R","?","E"],"items_purchased_type":["Card","Card"],"build_version":"2020-12-22","purchased_purges":0,"victory":false,"max_hp_per_floor":[71,71,71,71,71,71,71,71,71,71,71,71,71,71,71,71,71,71,71,71,71,71,71,71,71,71],"card_choices":[{"not_picked":["Streamline","Reprogram"],"picked":"Sweeping Beam","floor":1.0},{"not_picked":["Conserve Battery","Tempest"],"picked":"Capacitor","floor":5.0},{"not_picked":["Beam Cell","Turbo","Reinforced Body"],"picked":"SKIP","floor":7},{"not_picked":["Streamline","Sweeping Beam","Creative AI"],"picked":"SKIP","floor":11},{"not_picked":["Doom and Gloom","Streamline"],"picked":"Cold Snap","floor":12},{"not_picked":["Sunder","Beam Cell"],"picked":"Cold Snap","floor":14},{"not_picked":["Reboot","Creative AI"],"picked":"Biased Cognition","floor":16},{"not_picked":["Recycle","Beam Cell","Stack"],"picked":"SKIP","floor":18},{"not_picked":["Cold Snap","Double Energy","Gash"],"picked":"SKIP","floor":20},{"not_picked":["Conserve Battery","Stack"],"picked":"Capacitor","floor":21},{"not_picked":["Cold Snap","Beam Cell"],"picked":"Compile Driver","floor":22}],"player_experience":453548,"relics_obtained":[{"floor":9,"key":"Nunchaku"},{"floor":11,"key":"Bottled Flame"},{"floor":14,"key":"Omamori"}],"event_choices":[{"cards_removed":["Defend_B"],"damage_healed":0.0,"max_hp_gain":0.0,"max_hp_loss":0.0,"gold_gain":0.0,"event_name":"Golden Wing","player_choice":"Card Removal","floor":2.0,"gold_loss":0.0,"damage_taken":7.0},{"damage_healed":0.0,"max_hp_gain":0.0,"max_hp_loss":0.0,"gold_gain":0.0,"cards_transformed":["Strike_B"],"event_name":"Transmorgrifier","player_choice":"Transformed","floor":4.0,"gold_loss":0.0,"damage_taken":0.0,"cards_obtained":["Gash"]},{"damage_healed":0,"gold_gain":0,"player_choice":"Ignored","damage_taken":0,"max_hp_gain":0,"max_hp_loss":0,"event_name":"Liars Game","floor":13,"gold_loss":0},{"damage_healed":0,"gold_gain":0,"player_choice":"Got Potions","damage_taken":0,"max_hp_gain":0,"max_hp_loss":0,"event_name":"Lab","floor":19,"gold_loss":0},{"damage_healed":0,"gold_gain":0,"player_choice":"Opened","damage_taken":0,"relics_obtained":["Dead Branch"],"max_hp_gain":0,"max_hp_loss":0,"event_name":"The Mausoleum","floor":24,"gold_loss":0,"cards_obtained":["Writhe"]}],"is_beta":false,"boss_relics":[{"not_picked":["Tiny House","Cursed Key"],"picked":"Velvet Choker"}],"items_purged_floors":[],"is_endless":false,"potions_floor_spawned":[5,12,14,18],"killed_by":"Gremlin Leader","ascension_level":14}}