{"host":"f5pfdf07lxwkzoqo","time":1609608923,"event":{"mods":["Act Like it!","Aspiration","BaseMod","BetterRewards","Colored Powertips","Conspire","Downfall","Duelist Mod","GifTheSpireLib","GungeonMod","Hallownest","Highlight Path","Hubris","Jorbs\u0027s Wanderer Trilogy","Minty Spire (QoL Compilation)","Rare Cards Sparkle","StSLib","The Animator"],"gold_per_floor":[109,132,161,176,6,6,52,66,145,145,172,184,211,11,11,108,108,125,125,137,178,192,192,206,234,234,251,265,265,265,296,296,413,413,431,442,455,455,455,497,497,528,555,571,583,46,98,113,113,113,113,113,554,554,554],"floor_reached":54,"playtime":7491,"items_purged":[],"score":880,"play_id":"e1583aa8-6b2a-49ea-924d-7b2b464c5061","local_time":"20210102173523","is_ascension_mode":false,"campfire_choices":[{"data":"animator:Saitama","floor":6,"key":"SMITH"},{"data":"animator:MetalKnight","floor":15,"key":"SMITH"},{"data":"animator:Saitama","floor":23,"key":"SMITH"},{"data":"animator:Tet","floor":29,"key":"SMITH"},{"data":"animator:Tatsumaki","floor":32,"key":"SMITH"},{"floor":41,"key":"RECALL"},{"data":"animator:SirTouchMe","floor":49,"key":"SMITH"},{"data":"animator:HigakiRinne","floor":52,"key":"SMITH"}],"circlet_count":0,"master_deck":["animator:Defend_OnePunchMan","animator:Defend","animator:Defend","animator:Defend","animator:Genos","animator:MumenRider","animator:Entoma","animator:YuiTsuruno","animator:Saitama","animator:Melzalgald","animator:Sebas","animator:ZankiKiguchi","animator:Arpeggio","animator:Tatsumaki","animator:MetalKnight+1","animator:Saitama","animator:Urushihara","animator:Saitama","animator:YaoHaDucy","Bite","Bite","Bite","Bite","Bite","animator:UneriGinkaku","animator:SilverFang","animator:Shuna+1","animator:Raven","animator:Kaijin","animator:Tet","animator:MamiTomoe","animator:HigakiRinne","animator:Raven","animator:SirTouchMe","animator:Mitsurugi","animator:HigakiRinne","animator:MisaKurobane","animator:Patchouli","animator:Urushihara","animator:Kyubey","animator:Shalltear","animator:SayakaMiki","animator:SilverFang","animator:Emilia","animator:QuestionMark","animator:Shalltear","animator:Ciel","animator:Kaijin","animator:HomuraAkemi+1","animator:Megumin+1"],"relics":["animator:CursedGlyph","animator:TheEgnaroPiece","animator:AncientMedallion"],"acts_visited":["Exordium","TheCity","TheBeyond","TheEnding","EYB:TheUnnamedReign"],"potions_floor_usage":[7,7,11,11,11,12,13,13,16,16,24,28,31,40,40,40,45],"damage_taken":[{"damage":2,"enemies":"Small Slimes","floor":1,"turns":3},{"damage":0,"enemies":"Cultist","floor":2,"turns":3},{"damage":0,"enemies":"Jaw Worm","floor":3,"turns":3},{"damage":8,"enemies":"Blue Slaver","floor":4,"turns":4},{"damage":8,"enemies":"Lagavulin","floor":7,"turns":5},{"damage":5,"enemies":"Large Slime","floor":8,"turns":4},{"damage":0,"enemies":"3 Louse","floor":11,"turns":3},{"damage":0,"enemies":"2 Fungi Beasts","floor":12,"turns":3},{"damage":4,"enemies":"Gremlin Nob","floor":13,"turns":3},{"damage":22,"enemies":"The Guardian","floor":16,"turns":8},{"damage":0,"enemies":"conspire:FuzzyDice","floor":18,"turns":6},{"damage":5,"enemies":"Shell Parasite","floor":20,"turns":4},{"damage":16,"enemies":"Chosen and Byrds","floor":21,"turns":7},{"damage":0,"enemies":"Cultist and Chosen","floor":22,"turns":5},{"damage":6,"enemies":"Snecko","floor":24,"turns":5},{"damage":2,"enemies":"theDuelist:KaibaA2","floor":25,"turns":3},{"damage":1,"enemies":"Chosen and Byrds","floor":27,"turns":5},{"damage":0,"enemies":"3 Cultists","floor":28,"turns":4},{"damage":22,"enemies":"Gremlin Leader","floor":31,"turns":6},{"damage":56,"enemies":"hubris:MusketHawk","floor":33,"turns":8},{"damage":18,"enemies":"3 Shapes","floor":35,"turns":4},{"damage":0,"enemies":"Orb Walker","floor":36,"turns":2},{"damage":0,"enemies":"Transient","floor":37,"turns":5},{"damage":10,"enemies":"Reptomancer","floor":40,"turns":5},{"damage":7,"enemies":"Nemesis","floor":42,"turns":3},{"damage":0,"enemies":"Spire Growth","floor":44,"turns":3},{"damage":5,"enemies":"Sphere and 2 Shapes","floor":45,"turns":4},{"damage":0,"enemies":"conspire:MimicChest","floor":47,"turns":4},{"damage":6,"enemies":"Writhing Mass","floor":48,"turns":5},{"damage":0,"enemies":"hubris:GrandSnecko","floor":50,"turns":8},{"damage":113,"enemies":"animator:TRIPLE_SHAPES_WEAK","floor":54,"turns":7}],"seed_played":"-2617827296161910065","potions_obtained":[{"floor":1,"key":"Energy Potion"},{"floor":3,"key":"BlessingOfTheForge"},{"floor":10,"key":"ColorlessPotion"},{"floor":10,"key":"EntropicBrew"},{"floor":10,"key":"GamblersBrew"},{"floor":11,"key":"conspire:TimeTravelPotion"},{"floor":12,"key":"DistilledChaos"},{"floor":13,"key":"Swift Potion"},{"floor":21,"key":"sneckomod:MuddlingPotion"},{"floor":24,"key":"PowerPotion"},{"floor":28,"key":"LiquidBronze"},{"floor":33,"key":"Energy Potion"},{"floor":35,"key":"Weak Potion"},{"floor":37,"key":"PowerPotion"},{"floor":40,"key":"Guardian:BlockOnCardUsePotion"},{"floor":42,"key":"Dexterity Potion"},{"floor":44,"key":"Fire Potion"}],"is_trial":false,"path_per_floor":["M","M","M","M","$","R","E","M","T","?","M","M","E","$","R","B",null,"M","?","M","M","M","R","M","E","T","M","M","R","?","E","R","B",null,"M","M","M","?","?","E","R","E","T","M","M","$","?","M","R","B",null,"R","??","M"],"character_chosen":"THE_ANIMATOR","items_purchased":["Membership Card","animator:Sebas","aspiration:VileToxins","Strawberry","animator:Urushihara","DemoMod:PinkGuonStone","Medical Kit","DemoMod:ChaffGrenade","animator:Emilia+1","animator:QuestionMark+1","animator:Shalltear","animator:Ciel+1","animator:Kaijin"],"campfire_rested":0,"item_purchase_floors":[5,5,14,14,14,46,46,46,46,46,46,46,46],"current_hp_per_floor":[70,70,70,65,65,65,57,54,54,54,56,57,57,64,64,42,87,89,62,59,53,63,63,61,61,71,77,79,79,63,56,56,10,82,73,77,80,70,60,68,68,69,69,78,77,84,90,90,90,90,90,90,94,0,0],"gold":554,"neow_bonus":"TEN_PERCENT_HP_BONUS","is_daily":false,"chose_seed":false,"campfire_upgraded":7,"win_rate":0.0,"timestamp":1609608923,"path_taken":["M","M","M","M","$","R","E","M","T","?","M","M","E","?","R","BOSS","M","?","M","M","M","R","M","E","T","M","M","R","?","E","R","BOSS","M","M","M","?","?","E","R","E","T","M","M","$","?","M","R","BOSS","R","??","M"],"items_purchased_type":["Relic","Card","Relic","Relic","Card","Relic","Relic","Relic","Card","Card","Card","Card","Card"],"build_version":"2020-12-22","purchased_purges":0,"victory":false,"max_hp_per_floor":[72,72,72,75,75,75,75,77,77,77,79,80,80,87,87,87,87,89,62,63,63,65,65,65,65,75,77,79,79,79,82,82,82,82,84,80,80,80,80,82,82,82,82,83,83,90,90,90,90,90,90,90,94,94,94],"card_choices":[{"not_picked":["animator:SayakaMiki","animator:FielNirvalen"],"picked":"animator:Entoma","floor":1},{"not_picked":["animator:Azekura","animator:Elsword"],"picked":"animator:YuiTsuruno","floor":2},{"not_picked":["animator:Togame","animator:Demiurge"],"picked":"animator:Saitama","floor":3},{"not_picked":["animator:Genos","animator:SilverFang"],"picked":"animator:Melzalgald","floor":4},{"not_picked":["animator:Sebas","animator:Geryuganshoop"],"picked":"animator:ZankiKiguchi","floor":7},{"not_picked":["animator:Benimaru","animator:Shion"],"picked":"animator:Arpeggio","floor":8},{"not_picked":["animator:ChlammyZell","animator:Kyubey"],"picked":"animator:Tatsumaki","floor":11},{"not_picked":["animator:Geryuganshoop","animator:Tatsumaki"],"picked":"animator:MetalKnight","floor":12},{"not_picked":["animator:Vanir","animator:Megumin"],"picked":"animator:Saitama","floor":13},{"not_picked":["animator:Rimuru","animator:MadokaKaname"],"picked":"animator:Saitama","floor":16},{"not_picked":["animator:Cocytus","animator:IrohaTamaki"],"picked":"animator:YaoHaDucy+1","floor":18},{"not_picked":["animator:Geryuganshoop","animator:Cocytus+1"],"picked":"animator:UneriGinkaku","floor":20},{"not_picked":["animator:Melzalgald","animator:Tatsumaki"],"picked":"animator:SilverFang","floor":21},{"not_picked":["animator:MumenRider","animator:SayakaMiki"],"picked":"animator:Shuna+1","floor":22},{"not_picked":["animator:TukaLunaMarceau","animator:Jibril"],"picked":"animator:Raven","floor":24},{"not_picked":["animator:Elsword","animator:YachiyoNanami"],"picked":"animator:Entoma","floor":25},{"not_picked":["animator:Shion","animator:Vesta"],"picked":"animator:Kaijin","floor":27},{"not_picked":["animator:Raven+1","animator:Millim"],"picked":"animator:Tet","floor":28},{"not_picked":["animator:Saitama","animator:MumenRider"],"picked":"animator:MamiTomoe","floor":31},{"not_picked":["animator:Biyorigo","animator:Sora"],"picked":"animator:HigakiRinne","floor":33},{"not_picked":["animator:Ara","animator:Verdia"],"picked":"animator:Raven+1","floor":35},{"not_picked":["animator:Evileye","animator:Sebas"],"picked":"animator:SirTouchMe","floor":36},{"not_picked":["animator:DolaCouronne+1","animator:Demiurge+1"],"picked":"animator:Mitsurugi+1","floor":37},{"not_picked":["animator:KotoriKanbe","animator:Kuroyukihime"],"picked":"animator:MisaKurobane","floor":39},{"not_picked":["animator:Kuroyukihime","animator:MisakiNakahara"],"picked":"animator:Patchouli","floor":39},{"not_picked":["animator:Magilou","animator:MisakiNakahara"],"picked":"animator:Urushihara","floor":39},{"not_picked":["animator:PandorasActor+1","animator:OrikoMikuni+1"],"picked":"animator:Kyubey+1","floor":40},{"not_picked":["animator:TsurugaMeisai+1","animator:DolaRiku+1"],"picked":"animator:Shalltear","floor":42},{"not_picked":["animator:IrohaTamaki","animator:YuiTsuruno"],"picked":"animator:SayakaMiki+1","floor":44},{"not_picked":["animator:Cocytus+1","animator:Add+1"],"picked":"animator:SilverFang+1","floor":45},{"not_picked":["animator:Shion","animator:Konayuki+1"],"picked":"animator:HomuraAkemi+1","floor":47},{"not_picked":["animator:Cocytus+1","animator:IrohaTamaki"],"picked":"animator:Megumin","floor":48}],"player_experience":531186,"relics_obtained":[{"floor":7,"key":"animator:OldCoffin"},{"floor":9,"key":"DemoMod:DecoyRelic"},{"floor":13,"key":"Orichalcum"},{"floor":25,"key":"Nunchaku"},{"floor":26,"key":"Pear"},{"floor":31,"key":"Lantern"},{"floor":36,"key":"animator:CursedGlyph"},{"floor":40,"key":"Toxic Egg 2"},{"floor":42,"key":"animator:Buoy"},{"floor":47,"key":"Akabeko"},{"floor":53,"key":"animator:TheEgnaroPiece"},{"floor":53,"key":"animator:AncientMedallion"}],"event_choices":[{"damage_healed":0,"gold_gain":0,"player_choice":"Got Potions","damage_taken":0,"max_hp_gain":0,"max_hp_loss":0,"event_name":"Lab","floor":10,"gold_loss":0},{"damage_healed":0,"gold_gain":0,"player_choice":"Became a vampire","damage_taken":0,"max_hp_gain":0,"max_hp_loss":27,"event_name":"Vampires","floor":19,"gold_loss":0,"cards_obtained":["Bite","Bite","Bite","Bite","Bite"]},{"damage_healed":0,"gold_gain":0,"player_choice":"Embrace Madness","damage_taken":10,"max_hp_gain":0,"max_hp_loss":0,"event_name":"Winding Halls","floor":38,"gold_loss":0,"cards_obtained":["animator:HigakiRinne"]},{"damage_healed":0,"gold_gain":0,"player_choice":"Memory 3","damage_taken":10,"max_hp_gain":0,"max_hp_loss":0,"event_name":"SensoryStone","floor":39,"gold_loss":0}],"is_beta":false,"boss_relics":[{"not_picked":["conspire:RoyalGoblet","hubris:ScarierMask"],"picked":"Coffee Dripper"},{"not_picked":["Runic Dome","SacredBark"],"picked":"aspiration:PoetsPen_weak"}],"items_purged_floors":[],"is_endless":false,"potions_floor_spawned":[1,3,11,12,13,21,24,28,33,35,37,40,42,44],"killed_by":"animator:TRIPLE_SHAPES_WEAK","ascension_level":0}}