{"host":"vibqkechdt2q5u53","time":1609610058,"event":{"mods":["2.2 Compatiblity","Act Like it!","Aspiration","BaseMod","Better Note","Challenge The Spire","Chen","Colored Map","Conspire","Decade(王小明)","Dio Mod","Dota2Spire","Gensokyo","GungeonMod","Hallownest","HololiveMod","KinomotoSakuraMod(木之本樱)","Koishi","KomeijiMod","LagranYue(拉格朗・月)","Lobotomy","LobotomyExtend","Luminous","Marisa（F雨　魔理沙）","Minty Spire (QoL Compilation)","Prisma Mod","Reimu（博丽灵梦）","Remilia（蕾米莉亚）","Replay The Spire","RumiaBox-露米娅的神秘盒子","Spicy Shops","StSLib","The Bug Knight","The Poker Player","WarShipGirlsR/战舰少女R mod","Yakumo Yukari mod","Youmu（魂魄妖梦）","[IsaacMod]以撒尖塔","vexMod"],"gold_per_floor":[109,209,227,227,241,273,284,300,368,67,101,125,125,198,198,293,293,293,334,357,374,396,442,442,476,476,576,84,84,127,127,127,235,235,264,281,291,148,201,239,326,326,326,326,354,404,327,343,163,184,184],"floor_reached":52,"playtime":4764,"items_purged":["ObsessionWithThePresentWorld","Doubt"],"score":932,"play_id":"2280fcf3-6340-47ac-b0c0-73f94d007486","local_time":"20210103015418","is_ascension_mode":false,"campfire_choices":[{"data":"TurningAngelCut","floor":13,"key":"SMITH"},{"data":"SwordOfBindingDesires","floor":15,"key":"SMITH"},{"floor":24,"key":"REST"},{"data":"FiveSignsOfTheDyingDeva","floor":29,"key":"SMITH"},{"data":"HeartExcerptSlash","floor":32,"key":"SMITH"},{"data":"FiveSignsOfTheDyingDeva","floor":42,"key":"SMITH"},{"floor":44,"key":"REST"}],"circlet_count":0,"master_deck":["DoctorFetus","CrescentMoonSlash","PhosphoricSlash","SwordOfBindingDesires+1","Regret","LifeCuttingSword","PreachingAvici","HumanGodSword+1","TurningAngelCut+1","HellFireSword+1","TwoHundredYojanaInOneSlash","FiveSignsOfTheDyingDeva+1","VoidnessSword+1","FiveSignsOfTheDyingDeva+1","FastingOfTheYoungPreta","BizarrenessOfSixRealms","SwordOfBindingDesires+1","IrresoluteSoul+1","SlashOfSaigyouSpringWind","HiganSword+1","HeartExcerptSlash+1","CurseOfTheBell","GreatEnlightenmentAppearingAndDisappearing","WickedSoul","IrresoluteSoul+1","AsuraSword+1","StrangeHalfBody+1","CelestialStarSword+1","CelestialStarSword+1","WickedSoul","GreatEnlightenmentAppearingAndDisappearing","DeadlyForm+1","HellFireSword+1"],"relics":["HalfPhantom","HushsDoor","DeadEye","LagranYue:RandomDrawCardRelic","NeowsBlessing","LetterFromLob","Frozen Egg 2","Replay:Bottled Steam","Dota2Spire:Dagon","Lantern","SalivaCoin","Iron Hammer","conspire:RoyalGoblet","Replay:WaspNest","Peace Pipe","GodSword1","Bag of Preparation","Membership Card","Pocketwatch","Calling Bell","Dota2Spire:UrnOfShadows","ShirouKen","SumBook","Happy Flower","DemoMod:MeltedRock","TheBean","Incense Burner","Replay:Baseball","SteamSale","Hololive_LightStick","vexMod:Dragonfruit","Chaos","Centennial Puzzle","Potion Belt","DemoMod:GlassGuonStoneRelic","Hallownest:StagBellRelic1"],"acts_visited":["Exordium","TheCity","Hallownest:KingdomsEdge"],"potions_floor_usage":[16,23,31,33,33,40,50,50],"damage_taken":[{"damage":0,"enemies":"2 Louse","floor":1,"turns":1},{"damage":0,"enemies":"Cultist","floor":3,"turns":1},{"damage":0,"enemies":"Jaw Worm","floor":5,"turns":1},{"damage":7,"enemies":"HollowMod:MossKnight","floor":6,"turns":8},{"damage":0,"enemies":"Blue Slaver","floor":7,"turns":3},{"damage":2,"enemies":"Lots of Slimes","floor":8,"turns":3},{"damage":2,"enemies":"Replay:BlueRogue","floor":11,"turns":6},{"damage":8,"enemies":"Exordium Wildlife","floor":12,"turns":3},{"damage":0,"enemies":"Hexaghost","floor":16,"turns":8},{"damage":10,"enemies":"Shell Parasite","floor":19,"turns":4},{"damage":3,"enemies":"Spheric Guardian","floor":20,"turns":3},{"damage":0,"enemies":"Snecko","floor":21,"turns":2},{"damage":9,"enemies":"Shelled Parasite and Fungi","floor":22,"turns":4},{"damage":24,"enemies":"conspire:SneckoGhost","floor":23,"turns":6},{"damage":2,"enemies":"Book of Stabbing","floor":25,"turns":2},{"damage":16,"enemies":"HollowMod:Nosk","floor":30,"turns":6},{"damage":8,"enemies":"StardustCrusaders","floor":33,"turns":5},{"damage":20,"enemies":"Hallownest:3_Siblings","floor":35,"turns":5},{"damage":1,"enemies":"Hallownest:2_Littles","floor":36,"turns":1},{"damage":0,"enemies":"Hallownest:Xero_Hu_Marmu","floor":37,"turns":1},{"damage":26,"enemies":"Hallownest:monsterPrimalAspid","floor":39,"turns":3},{"damage":6,"enemies":"Hallownest:StalkingDevout","floor":40,"turns":4},{"damage":1,"enemies":"Hallownest:StalkingDevout","floor":41,"turns":2},{"damage":0,"enemies":"Hallownest:StalkingDevout","floor":41,"turns":2},{"damage":0,"enemies":"Hallownest:eliteCollector","floor":45,"turns":4},{"damage":32,"enemies":"Hallownest:Slobbering_and_Violent","floor":46,"turns":4},{"damage":0,"enemies":"Hallownest:Shield_Sturdy","floor":48,"turns":1},{"damage":22,"enemies":"Hallownest:BossHollowKnight","floor":50,"turns":1}],"seed_played":"-6101623524197776258","potions_obtained":[{"floor":3,"key":"DemoMod:LeadSkinPotion"},{"floor":5,"key":"PowerPotion"},{"floor":7,"key":"SkillPotion"},{"floor":8,"key":"BlessingOfTheForge"},{"floor":14,"key":"Dota2Spire:Clarity"},{"floor":23,"key":"Milkshake"},{"floor":31,"key":"Fruit Juice"},{"floor":31,"key":"Cursed Concoction"},{"floor":31,"key":"Explosive Potion"},{"floor":33,"key":"Regen Potion"},{"floor":37,"key":"SteroidPotion"},{"floor":40,"key":"Elixir"},{"floor":46,"key":"Weak Potion"},{"floor":48,"key":"FearPotion"}],"is_trial":false,"path_per_floor":["M","?","M","?","M","E","M","M","T","$","E","M","R","?","R","B",null,"M","M","M","M","M","E","R","E","T","?","$","R","E","?","R","B",null,"M","M","M","$","M","E","?","R","T","R","E","M","$","M","R_BF","B",null,null],"character_chosen":"YOUMU","items_purchased":["HellFireSword+1","Lantern","FiveSignsOfTheDyingDeva","FastingOfTheYoungPreta","Bag of Preparation","Membership Card","Happy Flower","DemoMod:MeltedRock","SteamSale","Hololive_LightStick","vexMod:Dragonfruit","Chaos","Centennial Puzzle","Potion Belt","HellFireSword+1","Dota2Spire:HealingSalve","Fire Potion","MagicPotion:ReiMu"],"campfire_rested":2,"item_purchase_floors":[10,10,17,17,28,28,38,38,47,47,47,47,47,47,47,47,47,47],"current_hp_per_floor":[75,75,75,75,75,68,68,66,66,66,64,56,56,38,38,38,69,69,59,56,56,47,23,43,41,41,41,41,41,25,30,30,22,74,60,59,59,59,33,48,47,47,47,69,69,43,48,48,48,26,26],"gold":184,"neow_bonus":"THREE_ENEMY_KILL","is_daily":false,"chose_seed":false,"campfire_upgraded":5,"win_rate":0.0,"timestamp":1609610058,"path_taken":["M","?","?","?","M","E","M","M","T","?","E","M","R","?","R","BOSS","M","?","M","M","M","E","R","E","T","?","$","R","E","?","R","BOSS","M","M","M","$","M","E","?","R","T","R","E","M","$","M","R_BF","BOSS"],"items_purchased_type":["Card","Card","Card","Card","Relic","Relic","Relic","Relic","Relic","Relic","Relic","Card","Relic","Relic","Card","Potion","Potion","Potion"],"build_version":"2020-12-22","purchased_purges":2,"victory":true,"max_hp_per_floor":[75,75,75,75,75,75,75,75,75,75,75,75,75,75,75,75,69,69,69,69,69,69,69,69,69,69,69,69,69,69,74,74,74,74,74,74,74,74,74,74,74,74,74,74,74,74,79,79,79,79,79],"card_choices":[{"not_picked":[],"picked":"DoctorFetus","floor":0},{"not_picked":["Bomb","SlashClearingTheSixSenses"],"picked":"CrescentMoonSlash","floor":1},{"not_picked":["CherryBlossomFlashing","ThreeKonsSevenHakus"],"picked":"PhosphoricSlash","floor":2},{"not_picked":["Bomb","CherryBlossomFlashing"],"picked":"SwordOfBindingDesires","floor":3},{"not_picked":["DispleasureOfTheSevenHakus","SwordOfBindingDesires"],"picked":"LifeCuttingSword","floor":5},{"not_picked":["SpiritCuttingSword","SlashClearingTheSixSenses"],"picked":"PreachingAvici","floor":6},{"not_picked":["Bomb","SuddenPhantomFormationSlashOfKarmicWind+1"],"picked":"HumanGodSword+1","floor":7},{"not_picked":["PhosphoricSlash","SpiritCuttingSword"],"picked":"TurningAngelCut","floor":8},{"not_picked":["TurningAngelCut","LowerRealmReflectionSlash"],"picked":"ObsessionWithThePresentWorld","floor":11},{"not_picked":["ThreeKonsSevenHakus","FourBirthsSword"],"picked":"TwoHundredYojanaInOneSlash","floor":12},{"not_picked":["GhostSword","CrescentMoonSlash"],"picked":"FiveSignsOfTheDyingDeva","floor":14},{"not_picked":["MatsuyoiReflectingSatelliteSlash","DeadlyForm+1"],"picked":"VoidnessSword+1","floor":16},{"not_picked":["CrescentMoonSlash","LowerRealmReflectionSlash"],"picked":"BizarrenessOfSixRealms","floor":19},{"not_picked":["SlashOfAscensionToBuddhahood","SpiritCuttingSword"],"picked":"SwordOfBindingDesires+1","floor":20},{"not_picked":["TurningAngelCut","LifeCuttingSword"],"picked":"IrresoluteSoul+1","floor":21},{"not_picked":["ObsessionWithThePresentWorld","TwoHundredYojanaInOneSlash","SpiritCuttingSword"],"picked":"SKIP","floor":22},{"not_picked":["SlashOfMeditation","CelestialStarSword+1"],"picked":"SlashOfSaigyouSpringWind","floor":23},{"not_picked":["CelestialStarSword+1","SlashOfMeditation"],"picked":"HiganSword+1","floor":25},{"not_picked":["BloodOfAsura","SlashOfMeditation"],"picked":"HeartExcerptSlash","floor":30},{"not_picked":["SlashOfMeditation+1","TwoHundredYojanaInOneSlash","LifeCuttingSword"],"picked":"SKIP","floor":35},{"not_picked":["AsTheSilentNirvana+1","HiganSword+1","RapidSlash"],"picked":"SKIP","floor":36},{"not_picked":["HeavenSword+1","PhosphoricSlash+1","LifeCuttingSword+1"],"picked":"SKIP","floor":37},{"not_picked":["LowerRealmReflectionSlash+1","LifeCuttingSword","SlashOfMeditation+1"],"picked":"SKIP","floor":39},{"not_picked":["HumanKnowledgeSword+1","HeartExcerptSlash","BizarrenessOfSixRealms"],"picked":"SKIP","floor":40},{"not_picked":["CherryBlossomFlashing+1","WickedSoul","FiveSignsOfTheDyingDeva+1"],"picked":"SKIP","floor":45},{"not_picked":["FiveSignsOfTheDyingDeva","SwordOfBindingDesires+1","HumanKnowledgeSword"],"picked":"SKIP","floor":46},{"not_picked":["SlashOfDepartureFromHesitation","HumanKnowledgeSword","RapidSlash"],"picked":"SKIP","floor":48}],"player_experience":207287,"relics_obtained":[{"floor":1,"key":"LetterFromLob"},{"floor":6,"key":"Replay:Bottled Steam"},{"floor":9,"key":"Dota2Spire:Dagon"},{"floor":11,"key":"SalivaCoin"},{"floor":14,"key":"Iron Hammer"},{"floor":23,"key":"Replay:WaspNest"},{"floor":25,"key":"Peace Pipe"},{"floor":26,"key":"GodSword1"},{"floor":30,"key":"Pocketwatch"},{"floor":34,"key":"Dota2Spire:UrnOfShadows"},{"floor":34,"key":"ShirouKen"},{"floor":34,"key":"SumBook"},{"floor":40,"key":"TheBean"},{"floor":43,"key":"Incense Burner"},{"floor":45,"key":"Replay:Baseball"}],"event_choices":[{"damage_healed":0,"gold_gain":0,"player_choice":"Box","damage_taken":0,"relics_obtained":["Frozen Egg 2"],"max_hp_gain":0,"max_hp_loss":0,"event_name":"Big Fish","floor":4,"gold_loss":0,"cards_obtained":["Regret"]},{"damage_healed":0,"gold_gain":0,"player_choice":"Got Potions","damage_taken":0,"max_hp_gain":0,"max_hp_loss":0,"event_name":"Lab","floor":31,"gold_loss":0}],"is_beta":false,"boss_relics":[{"not_picked":["Replay:Drink Me","Abe\u0027s Treasure"],"picked":"conspire:RoyalGoblet"},{"not_picked":[]},{"not_picked":["Snecko Eye","Replay:Wanted Poster"],"picked":"Calling Bell"},{"not_picked":[]}],"items_purged_floors":[28,47],"is_endless":false,"potions_floor_spawned":[3,5,7,8,12,23,33,37,40,46,48],"ascension_level":0}}