{"host":"6c5k6nz7dpk27rbw","time":1609603302,"event":{"mods":["BaseMod","Minty Spire (QoL Compilation)","Quick Restart","Replay The Spire","StSLib","simple"],"gold_per_floor":[154,529,529,1029,1114,1114,1264,1264,1264,1359,41,101,256,306,306,816,816,971,1026,1026,618,708,838,898,898,898,808,948,1018,1018,767,767,1292,1292,1367,1422,0,60,490,660,735,860,975,1120,1190,1190,1315,1315,1315,1540,1540,1540,39,189,189],"floor_reached":56,"playtime":3589,"items_purged":["Strike_P","Strike_P","Strike_P","Defend_P","Defend_P","Defend_P"],"score":1910,"play_id":"ff27eb15-250b-4df4-9a15-ff0eb772abf2","local_time":"20210103000142","is_ascension_mode":true,"campfire_choices":[{"data":"Eruption","floor":6,"key":"SMITH"},{"data":"Vigilance","floor":6,"key":"SMITH"},{"data":"EmptyBody","floor":6,"key":"SMITH"},{"floor":6,"key":"RECALL"},{"floor":6,"key":"REST"},{"floor":8,"key":"REST"},{"data":"FearNoEvil","floor":15,"key":"SMITH"},{"data":"EmptyMind","floor":15,"key":"SMITH"},{"data":"Crescendo","floor":15,"key":"SMITH"},{"data":"FlurryOfBlows","floor":15,"key":"SMITH"},{"floor":15,"key":"REST"},{"data":"Ghostly","floor":25,"key":"SMITH"},{"floor":25,"key":"REST"},{"data":"Ghostly","floor":25,"key":"SMITH"},{"data":"Ghostly","floor":25,"key":"SMITH"},{"data":"Ghostly","floor":25,"key":"SMITH"},{"data":"Ghostly","floor":25,"key":"SMITH"},{"data":"Replay:AllIn","floor":25,"key":"SMITH"},{"floor":25,"key":"REST"},{"floor":30,"key":"REST"},{"data":"EmptyFist","floor":32,"key":"SMITH"},{"data":"ClearTheMind","floor":32,"key":"SMITH"},{"data":"Crescendo","floor":32,"key":"SMITH"},{"data":"Crescendo","floor":32,"key":"SMITH"},{"floor":32,"key":"REST"},{"data":"InnerPeace","floor":49,"key":"SMITH"},{"data":"EmptyFist","floor":49,"key":"SMITH"},{"data":"Vault","floor":49,"key":"SMITH"},{"floor":49,"key":"REST"},{"floor":52,"key":"REST"}],"circlet_count":0,"master_deck":["Eruption+1","Vigilance+1","FlurryOfBlows+1","FlurryOfBlows+1","EmptyFist+1","MentalFortress+1","FearNoEvil+1","Crescendo+1","FlurryOfBlows+1","Ghostly+1","Ghostly+1","Ghostly+1","Ghostly+1","Ghostly+1","EmptyFist+1","ClearTheMind+1","Adaptation+1","Crescendo+1","Crescendo+1","Vault+1","EmptyFist+1","Crescendo+1","InnerPeace+1","Tantrum"],"relics":["HolyWater","Anchor","Letter Opener","Lantern","Frozen Egg 2","Sundial","Honey Jar","Replay:Ringing Soul","HandDrill","Ginger","Quantum Egg","Replay:Baseball","Orrery","Replay:Grab Bag","Busted Crown","Coffee Dripper","Black Star","Red Mask","Dream Catcher","Bottled Flame","ReplayTheSpireMod:Shallot","Damaru","Omamori","Blood Vial","StoneCalendar","Darkstone Periapt","Potion Belt","ReplayTheSpireMod:Ring of Challenge","Bag of Preparation","OrangePellets","Bottled Lightning","Incense Burner","BargainBundle","Replay:Kaleidoscope","Pen Nib","ReplayTheSpireMod:Lightbulb","Gremlin Food"],"acts_visited":["Exordium","TheCity","TheBeyond","TheEnding"],"potions_floor_usage":[29,44,50,50,55,55,55],"damage_taken":[{"damage":0.0,"enemies":"Jaw Worm","floor":1.0,"turns":2.0},{"damage":0,"enemies":"2 Louse","floor":5,"turns":2},{"damage":0,"enemies":"Lagavulin","floor":7,"turns":3},{"damage":0,"enemies":"Cultist","floor":10,"turns":3},{"damage":0,"enemies":"2 Fungi Beasts","floor":12,"turns":2},{"damage":0,"enemies":"3 Sentries","floor":13,"turns":3},{"damage":0,"enemies":"Exordium Thugs","floor":14,"turns":2},{"damage":0,"enemies":"Slime Boss","floor":16,"turns":3},{"damage":0,"enemies":"2 Thieves","floor":18,"turns":2},{"damage":0,"enemies":"Shell Parasite","floor":19,"turns":1},{"damage":0,"enemies":"Snecko","floor":22,"turns":3},{"damage":0,"enemies":"Gremlin Leader","floor":23,"turns":2},{"damage":0,"enemies":"Centurion and Healer","floor":24,"turns":4},{"damage":1,"enemies":"Replay:Snechameleon","floor":28,"turns":3},{"damage":0,"enemies":"3 Cultists","floor":29,"turns":2},{"damage":0,"enemies":"Pondfish","floor":33,"turns":3},{"damage":0,"enemies":"3 Shapes","floor":35,"turns":3},{"damage":0,"enemies":"Orb Walker","floor":36,"turns":2},{"damage":0,"enemies":"Spire Growth","floor":38,"turns":2},{"damage":0,"enemies":"R_Hoarder","floor":40,"turns":5},{"damage":0,"enemies":"Sphere and 2 Shapes","floor":41,"turns":2},{"damage":0,"enemies":"Reptomancer","floor":42,"turns":3},{"damage":18,"enemies":"R_Hoarder","floor":44,"turns":4},{"damage":0,"enemies":"Writhing Mass","floor":45,"turns":2},{"damage":0,"enemies":"Giant Head","floor":47,"turns":3},{"damage":1,"enemies":"Replay:Hell Engine","floor":50,"turns":5},{"damage":0,"enemies":"Shield and Spear","floor":54,"turns":3},{"damage":17,"enemies":"The Heart","floor":55,"turns":4}],"seed_played":"1484144983105660986","potions_obtained":[{"floor":7,"key":"Regen Potion"},{"floor":12,"key":"EssenceOfSteel"},{"floor":13,"key":"SteroidPotion"},{"floor":14,"key":"PowerPotion"},{"floor":19,"key":"AttackPotion"},{"floor":28,"key":"LifebloodPotion"},{"floor":29,"key":"Elixir"},{"floor":35,"key":"SteroidPotion"},{"floor":38,"key":"CultistPotion"},{"floor":45,"key":"SteroidPotion"},{"floor":47,"key":"Death Potion"}],"is_trial":false,"path_per_floor":["M","?","?","?","M","R","E","R","T","M","$","M","E","M","R","B",null,"M","M","?","$","M","E","M","R","T","?","E","M","R","$","R","B",null,"M","M","?","M","?","E","M","E","T","E","M","?","E","?","R","B",null,"R","$","E","B",null],"character_chosen":"WATCHER","items_purchased":["Lantern","EmptyMind","Frozen Egg 2","Replay:Ringing Soul","HandDrill","EmptyFist","ClearTheMind","Orrery","Bag of Preparation","OrangePellets","Bottled Lightning","Incense Burner","BargainBundle","Replay:Kaleidoscope","Pen Nib","Tantrum"],"campfire_rested":9,"item_purchase_floors":[11,11,11,21,21,31,31,31,53,53,53,53,53,53,53,53],"current_hp_per_floor":[72,61,61,61,61,72,72,72,72,72,72,72,72,72,72,72,72,72,72,36,36,39,42,45,45,45,45,47,50,51,54,54,57,57,60,63,63,66,40,40,40,40,40,24,26,26,31,31,50,51,66,66,69,69,52],"gold":189,"neow_bonus":"RANDOM_COMMON_RELIC","is_daily":false,"chose_seed":false,"campfire_upgraded":20,"win_rate":0.0,"timestamp":1609603302,"path_taken":["M","?","?","?","M","R","E","R","T","M","$","M","E","M","R","BOSS","M","M","?","$","M","E","M","R","T","?","E","?","R","$","R","BOSS","M","M","?","M","?","E","M","E","T","E","M","?","E","?","R","BOSS","R","$","E","BOSS"],"items_purchased_type":["Relic","Card","Relic","Relic","Relic","Card","Card","Relic","Relic","Relic","Relic","Relic","Relic","Relic","Relic","Card"],"build_version":"2020-12-22","purchased_purges":6,"victory":true,"max_hp_per_floor":[72,72,72,72,72,72,72,72,72,72,72,72,72,72,72,72,72,72,72,36,36,39,42,45,45,45,45,48,51,51,54,54,57,57,60,63,63,66,66,66,66,66,66,66,66,63,66,66,66,66,66,66,69,69,69],"card_choices":[{"not_picked":["Nirvana","Prostrate"],"picked":"EmptyFist+1","floor":1},{"not_picked":["Protect","FlyingSleeves"],"picked":"EmptyBody","floor":5},{"not_picked":["SignatureMove","JustLucky"],"picked":"MentalFortress+1","floor":7},{"not_picked":["CutThroughFate","Ragnarok"],"picked":"FearNoEvil","floor":10},{"not_picked":["Consecrate","BowlingBash"],"picked":"Crescendo","floor":12},{"not_picked":["EmptyBody","BattleHymn+1"],"picked":"FlurryOfBlows","floor":13},{"not_picked":["Replay:ManipulateFuture","PathToVictory","FlyingSleeves"],"picked":"SKIP","floor":14},{"not_picked":["Wish","ConjureBlade"],"picked":"Replay:AllIn","floor":16},{"not_picked":["CrushJoints","Consecrate","JustLucky"],"picked":"FollowUp","floor":18},{"not_picked":["Replay:Hum","Replay:AllIn","WreathOfFlame"],"picked":"FlurryOfBlows","floor":19},{"not_picked":["Replay:DivineShield+1","Replay:AtTheReady","PathToVictory+1"],"picked":"Halt","floor":22},{"not_picked":["Brilliance","Conclude","DeusExMachina"],"picked":"Worship","floor":23},{"not_picked":["FlyingSleeves","CrushJoints","Nirvana+1"],"picked":"Sanctity","floor":24},{"not_picked":["Wireheading+1","JustLucky+1","CarveReality"],"picked":"Replay:Vibes","floor":28},{"not_picked":["BowlingBash+1","FlurryOfBlows","Replay:BluntJabs"],"picked":"Replay:Hum","floor":29},{"not_picked":["FlyingSleeves","Protect","Prostrate"],"picked":"Devotion+1","floor":31},{"not_picked":["SashWhip","ClearTheMind","Prostrate"],"picked":"Adaptation+1","floor":31},{"not_picked":["Swivel","Alpha","Evaluate"],"picked":"Crescendo","floor":31},{"not_picked":["Perseverance","Replay:Cycle","MentalFortress+1"],"picked":"Crescendo","floor":31},{"not_picked":["Consecrate","Protect","SpiritShield"],"picked":"Adaptation+1","floor":31},{"not_picked":["MasterReality+1","DevaForm+1","ConjureBlade"],"picked":"Vault","floor":33},{"not_picked":["Evaluate+1"],"picked":"EmptyFist","floor":35},{"not_picked":["CarveReality+1"],"picked":"BowlingBash","floor":36},{"not_picked":["Evaluate"],"picked":"Crescendo+1","floor":38},{"not_picked":["MentalFortress+1","PathToVictory+1"],"picked":"SKIP","floor":40},{"not_picked":["Swivel+1","SashWhip"],"picked":"SKIP","floor":41},{"not_picked":["MentalFortress+1","Protect"],"picked":"SKIP","floor":42},{"not_picked":["EmptyFist+1","SashWhip"],"picked":"SKIP","floor":44},{"not_picked":["Halt+1","EmptyBody"],"picked":"SKIP","floor":45},{"not_picked":["Adaptation+1"],"picked":"InnerPeace","floor":47},{"not_picked":["Weave","JustLucky"],"picked":"SKIP","floor":54}],"player_experience":269938,"relics_obtained":[{"floor":7,"key":"Letter Opener"},{"floor":13,"key":"Sundial"},{"floor":23,"key":"Ginger"},{"floor":26,"key":"Quantum Egg"},{"floor":28,"key":"Replay:Baseball"},{"floor":39,"key":"Dream Catcher"},{"floor":40,"key":"Bottled Flame"},{"floor":40,"key":"ReplayTheSpireMod:Shallot"},{"floor":42,"key":"Damaru"},{"floor":42,"key":"Omamori"},{"floor":43,"key":"Blood Vial"},{"floor":44,"key":"StoneCalendar"},{"floor":44,"key":"Darkstone Periapt"},{"floor":47,"key":"Potion Belt"},{"floor":48,"key":"ReplayTheSpireMod:Ring of Challenge"},{"floor":54,"key":"ReplayTheSpireMod:Lightbulb"},{"floor":54,"key":"Gremlin Food"}],"event_choices":[{"damage_healed":0,"gold_gain":75,"player_choice":"Gather Gold","damage_taken":11,"max_hp_gain":0,"max_hp_loss":0,"event_name":"World of Goop","floor":2,"gold_loss":0},{"damage_healed":0,"gold_gain":0,"player_choice":"Ignored","damage_taken":0,"max_hp_gain":0,"max_hp_loss":0,"event_name":"Shining Light","floor":3,"gold_loss":0},{"damage_healed":0,"gold_gain":100,"player_choice":"Pray","damage_taken":0,"max_hp_gain":0,"max_hp_loss":0,"event_name":"Golden Shrine","floor":4,"gold_loss":0},{"damage_healed":0,"gold_gain":0,"player_choice":"Became a Ghost","damage_taken":0,"max_hp_gain":0,"max_hp_loss":36,"event_name":"Ghosts","floor":20,"gold_loss":0,"cards_obtained":["Ghostly","Ghostly","Ghostly","Ghostly","Ghostly"]},{"cards_removed":["EmptyMind"],"damage_healed":0,"gold_gain":0,"player_choice":"Removal","damage_taken":0,"max_hp_gain":0,"max_hp_loss":0,"event_name":"Designer","floor":27,"gold_loss":90},{"damage_healed":0,"gold_gain":0,"player_choice":"Paid","damage_taken":0,"relics_obtained":["Red Mask"],"max_hp_gain":0,"max_hp_loss":0,"event_name":"Tomb of Lord Red Mask","floor":37,"gold_loss":1422},{"damage_healed":0,"gold_gain":0,"player_choice":"Max HP","damage_taken":0,"max_hp_gain":0,"max_hp_loss":3,"event_name":"Winding Halls","floor":46,"gold_loss":0}],"is_beta":false,"boss_relics":[{"not_picked":["ReplayTheSpireMod:DimensionalGlitch","Tiny House"],"picked":"Honey Jar"},{"not_picked":["Runic Pyramid","VioletLotus"],"picked":"Replay:Grab Bag"},{"not_picked":["Cursed Key","SlaversCollar"],"picked":"Busted Crown"},{"not_picked":["Runic Dome","Fusion Hammer"],"picked":"Coffee Dripper"},{"not_picked":["Astrolabe","Calling Bell"],"picked":"Black Star"},{"not_picked":["Pandora\u0027s Box","Empty Cage"],"picked":"HolyWater"}],"items_purged_floors":[11,11,11,11,11,11],"is_endless":false,"potions_floor_spawned":[7,12,13,14,19,28,29,35,38,41,45,47],"ascension_level":1}}