{"host":"gfcy6tva0ju5i6qm","time":1609569628,"event":{"mods":["AchievementEnabler","Act Like it!","Bartender","BaseMod","Best Route Mod","Better Altar","Better Match","Better Note","Better Sensory Stone","Better Skull","Block Reminder","Colored Map","Colored Powertips","DeckTracker","Friendly Minions","GifTheSpireLib","Hermit","Jorbs\u0027s Wanderer Trilogy","Minty Spire (QoL Compilation)","Rare Cards Sparkle","Shop Mod","StSLib","The Bladedancer","The Bug Knight","The Cursed","The Disciple","The Hierophant","The Judge","The Servant 0.9.4","TheFirefly","everything is the same but u backflip on backflip"],"gold_per_floor":[119,131,150,161,177,203,203,203,203,213,245,23,42,76,76,172,172,187,187,187,49,69,97,97,97,97],"floor_reached":25,"playtime":2026,"items_purged":["Strike_R","Pain"],"score":322,"play_id":"7f02cf6d-e7be-40f9-8cd1-807a60f8b3a6","local_time":"20210102014028","is_ascension_mode":true,"campfire_choices":[{"data":"Barricade","floor":8.0,"key":"SMITH"},{"data":"Armaments","floor":15.0,"key":"SMITH"}],"circlet_count":0,"master_deck":["Strike_R","Strike_R","Strike_R","Defend_R","Defend_R","Defend_R","Defend_R","Bash","Armaments+1","Clothesline","Pommel Strike","Cleave","Barricade+1","Uppercut","Fire Breathing","Shrug It Off","Fiend Fire","Juggernaut","Reckless Charge","Metallicize","True Grit","Dual Wield"],"relics":["Burning Blood","Bronze Scales","Turnip","The Courier","Ancient Tea Set","Calipers","SacredBark","WarpedTongs","Omamori"],"acts_visited":["Exordium","TheCity"],"potions_floor_usage":[25,25],"damage_taken":[{"damage":1.0,"enemies":"Cultist","floor":1.0,"turns":5.0},{"damage":7.0,"enemies":"Jaw Worm","floor":2.0,"turns":3.0},{"damage":5.0,"enemies":"Small Slimes","floor":3.0,"turns":3.0},{"damage":11.0,"enemies":"Gremlin Gang","floor":4.0,"turns":7.0},{"damage":11.0,"enemies":"Large Slime","floor":5.0,"turns":6.0},{"damage":20.0,"enemies":"Gremlin Nob","floor":6.0,"turns":4.0},{"damage":5.0,"enemies":"2 Fungi Beasts","floor":10.0,"turns":4.0},{"damage":30.0,"enemies":"3 Sentries","floor":11.0,"turns":5.0},{"damage":4.0,"enemies":"3 Louse","floor":13.0,"turns":3.0},{"damage":0.0,"enemies":"Lagavulin","floor":14.0,"turns":8.0},{"damage":9.0,"enemies":"Hexaghost","floor":16.0,"turns":11.0},{"damage":2.0,"enemies":"Shell Parasite","floor":18.0,"turns":6.0},{"damage":12.0,"enemies":"Chosen","floor":22.0,"turns":5.0},{"damage":28.0,"enemies":"Slavers","floor":23.0,"turns":6.0},{"damage":53,"enemies":"Book of Stabbing","floor":25,"turns":6}],"seed_played":"7323004381114640581","potions_obtained":[{"floor":0.0,"key":"Block Potion"},{"floor":0.0,"key":"Explosive Potion"},{"floor":0.0,"key":"GamblersBrew"},{"floor":2.0,"key":"PowerPotion"},{"floor":3.0,"key":"FearPotion"},{"floor":10.0,"key":"PowerPotion"},{"floor":11.0,"key":"BlessingOfTheForge"},{"floor":14.0,"key":"EssenceOfSteel"},{"floor":18.0,"key":"Fire Potion"}],"is_trial":false,"path_per_floor":["M","M","M","M","M","E","?","R","T","M","E","$","M","E","R","B",null,"M","?","?","$","M","E","$","E"],"character_chosen":"IRONCLAD","items_purchased":["Ancient Tea Set","Shrug It Off","Metallicize"],"campfire_rested":0,"item_purchase_floors":[12,12,21],"current_hp_per_floor":[80,79,80,75,70,56,49,49,49,50,26,26,28,34,34,31,80,80,80,80,80,74,52,52,0,0],"gold":97,"neow_bonus":"THREE_SMALL_POTIONS","is_daily":false,"chose_seed":false,"campfire_upgraded":2,"win_rate":0.0,"timestamp":1609569628,"path_taken":["M","M","M","M","?","E","?","R","T","M","E","$","M","E","R","BOSS","M","?","?","$","M","E","$","E"],"items_purchased_type":["Relic","Card","Card"],"build_version":"2020-12-22","purchased_purges":2,"victory":false,"max_hp_per_floor":[80,80,80,80,80,80,80,80,80,80,80,80,80,80,80,80,80,80,80,80,80,80,80,80,80,80],"card_choices":[{"not_picked":["Searing Blow","True Grit"],"picked":"Armaments","floor":1.0},{"not_picked":["Searing Blow","Rage"],"picked":"Clothesline","floor":2.0},{"not_picked":["Blood for Blood","Headbutt"],"picked":"Pommel Strike","floor":3.0},{"not_picked":["Warcry","Anger"],"picked":"Cleave","floor":4.0},{"not_picked":["Twin Strike","Entrench","Carnage"],"picked":"SKIP","floor":5.0},{"not_picked":["Body Slam","Sword Boomerang"],"picked":"Barricade","floor":6.0},{"not_picked":["Sentinel","Battle Trance"],"picked":"Uppercut","floor":10.0},{"not_picked":["Headbutt","Thunderclap"],"picked":"Fire Breathing","floor":11.0},{"not_picked":["Cleave","Sword Boomerang","Burning Pact"],"picked":"SKIP","floor":13.0},{"not_picked":["Shrug It Off","Dark Embrace"],"picked":"Fiend Fire","floor":14.0},{"not_picked":["Reaper","Corruption"],"picked":"Juggernaut","floor":16.0},{"not_picked":["Pommel Strike","Havoc+1"],"picked":"Reckless Charge","floor":18.0},{"not_picked":["Thunderclap","Sword Boomerang"],"picked":"True Grit","floor":22.0},{"not_picked":["Brutality","Armaments+1"],"picked":"Dual Wield","floor":23.0}],"player_experience":431237,"relics_obtained":[{"floor":6.0,"key":"Bronze Scales"},{"floor":9.0,"key":"Turnip"},{"floor":11.0,"key":"The Courier"},{"floor":14.0,"key":"Calipers"},{"floor":23.0,"key":"Omamori"}],"event_choices":[{"cards_removed":["Strike_R"],"damage_healed":0.0,"max_hp_gain":0.0,"max_hp_loss":0.0,"gold_gain":0.0,"event_name":"Golden Wing","player_choice":"Card Removal","floor":7.0,"gold_loss":0.0,"damage_taken":7.0},{"cards_removed":["Barricade"],"damage_healed":0.0,"max_hp_gain":0.0,"max_hp_loss":0.0,"gold_gain":0.0,"event_name":"betterNote:BetterNote","player_choice":"Give","floor":19.0,"gold_loss":0.0,"damage_taken":0.0,"cards_obtained":["None"]},{"damage_healed":0.0,"max_hp_gain":0.0,"max_hp_loss":0.0,"gold_gain":0.0,"event_name":"Accursed Blacksmith","player_choice":"Rummage","floor":20.0,"gold_loss":0.0,"damage_taken":0.0,"relics_obtained":["WarpedTongs"],"cards_obtained":["Pain"]}],"is_beta":false,"boss_relics":[{"not_picked":["Runic Dome","Velvet Choker"],"picked":"SacredBark"}],"items_purged_floors":[12,21],"is_endless":false,"potions_floor_spawned":[2,3,10,11,14,18,22],"killed_by":"Book of Stabbing","ascension_level":4}}