{"host":"u85py5faooku4mut","time":1609579396,"event":{"mods":["2.2 Compatiblity","AchievementEnabler","BaseMod","Better Skull","Better Third Choice","BetterRewards","Challenge The Spire","Colored Powertips","Halation","Hermit","Hubris","Marisa????????","Minty Spire (QoL Compilation)","Replay The Spire","Shade Mod","Spicy Shops","StSLib","The Bug Knight","The Cursed","The Disciple","The Jungle","The Servant 0.9.4"],"gold_per_floor":[119,119,137,147,147,147,147,147,180,194,239,11,43,43,55,6,6,6,6],"floor_reached":18,"playtime":598,"items_purged":[],"score":281,"play_id":"81a794aa-305e-446e-b9fc-126cd12e7f87","local_time":"20210102162316","is_ascension_mode":true,"campfire_choices":[{"data":"Pot Of Greed","floor":8.0,"key":"SMITH"}],"circlet_count":0,"master_deck":["Strike_G","Strike_G","Strike_G","Strike_G","Strike_G","Defend_G","Defend_G","Defend_G","Defend_G","Defend_G","Survivor","Dagger Throw","Pot Of Greed+1","Pot Of Greed","Prepared","Bane","hubris:Sniper","Cloak And Dagger","Grand Finale+1","Dodge and Roll","Quick Slash","Pot Of Greed+1","Infinite Blades+1","Prepared","Hidden Blade","Underhanded Strike","Pot Of Greed","Dodge and Roll"],"relics":["Ring of the Snake","Membership Card","Grinning Jar","ReplayFunnel","Blue Doll","Happy Flower","Mummified Hand","DollysMirror","halation:LettersToHer","Pear","Dead Branch"],"acts_visited":["Exordium"],"potions_floor_usage":[],"damage_taken":[{"damage":2.0,"enemies":"Jaw Worm","floor":1.0,"turns":3.0},{"damage":0.0,"enemies":"Small Slimes","floor":3.0,"turns":3.0},{"damage":0.0,"enemies":"Cultist","floor":4.0,"turns":3.0},{"damage":0.0,"enemies":"Gremlin Nob","floor":9.0,"turns":3.0},{"damage":13.0,"enemies":"Exordium Wildlife","floor":10.0,"turns":4.0},{"damage":0.0,"enemies":"HollowMod:MossKnight","floor":13.0,"turns":3.0},{"damage":2.0,"enemies":"Red Slaver","floor":15.0,"turns":3.0},{"damage":0,"enemies":"Fading Forest","floor":18,"turns":3}],"seed_played":"-7055278840208156959","potions_obtained":[{"floor":1.0,"key":"Elixir"},{"floor":10.0,"key":"SpeedPotion"},{"floor":15.0,"key":"Cursed Concoction"}],"is_trial":false,"path_per_floor":["M","?","M","M","?","PTL","PTL","R","E","M","T","$","E","$","M","$","R","B"],"character_chosen":"THE_SILENT","items_purchased":["Membership Card","Fruit Juice","Dagger Throw","Grinning Jar","Prepared","Mummified Hand","DollysMirror","Infinite Blades","Prepared","Pear","Dead Branch","Dodge and Roll"],"campfire_rested":0,"item_purchase_floors":[0,0,0,0,0,12,12,12,12,14,14,16],"current_hp_per_floor":[62,59,59,59,59,59,59,59,59,46,46,46,46,20,18,18,18,18,18],"gold":6,"neow_bonus":"","is_daily":false,"chose_seed":false,"campfire_upgraded":1,"win_rate":0.0,"timestamp":1609579396,"path_taken":["M","?","M","M","?","PTL","PTL","R","E","M","T","$","E","?","M","$","R","BOSS"],"items_purchased_type":["Relic","Potion","Card","Relic","Card","Relic","Relic","Card","Card","Relic","Relic","Card"],"build_version":"2020-12-22","purchased_purges":0,"victory":false,"max_hp_per_floor":[75,75,75,75,75,75,75,75,75,75,75,75,75,85,85,85,85,85,85],"card_choices":[{"not_picked":["Dodge and Roll","Acrobatics"],"picked":"Bane","floor":1.0},{"not_picked":["Distraction","Terror"],"picked":"hubris:Sniper","floor":3.0},{"not_picked":["Backflip","Flechettes"],"picked":"Cloak And Dagger","floor":4.0},{"not_picked":["Phantasmal Killer","Reflex"],"picked":"Dodge and Roll","floor":9.0},{"not_picked":["Slice","hubris:SlightOfHand"],"picked":"Quick Slash","floor":10.0},{"not_picked":["ReplayTheSpireMod:The Works","Backflip"],"picked":"Hidden Blade","floor":13.0},{"not_picked":["Eviscerate","ReplayTheSpireMod:Tripwire"],"picked":"Underhanded Strike","floor":15.0}],"player_experience":240625,"relics_obtained":[{"floor":9.0,"key":"Blue Doll"},{"floor":11.0,"key":"Happy Flower"},{"floor":13.0,"key":"halation:LettersToHer"}],"event_choices":[{"damage_healed":0.0,"max_hp_gain":0.0,"max_hp_loss":0.0,"gold_gain":0.0,"event_name":"betterThird:BetterScrap","player_choice":"Relic ","floor":2.0,"gold_loss":0.0,"damage_taken":3.0,"cards_obtained":["Conclude"]},{"damage_healed":0,"gold_gain":0,"player_choice":"Grow","damage_taken":0,"max_hp_gain":0,"max_hp_loss":0,"event_name":"Living Wall","floor":17,"gold_loss":0,"cards_upgraded":["Infinite Blades"]}],"is_beta":false,"boss_relics":[],"items_purged_floors":[],"is_endless":false,"potions_floor_spawned":[1,10,15],"killed_by":"Fading Forest","ascension_level":1}}