{"host":"minbhrtlkaoly5f0","time":1609599757,"event":{"mods":["Act Like it!","BaseMod","Colored Map","Colored Powertips","Lobotomy","LobotomyExtend","Luminous","Minty Spire (QoL Compilation)","Quick Restart","StSLib"],"gold_per_floor":[118,118,5,23,43,43,54,54,54,129,129,129,129,155,155,155,155],"floor_reached":16,"playtime":485,"items_purged":["SpecialBullet"],"score":98,"play_id":"f1375f9c-83ba-4480-86ba-868e89c71465","local_time":"20210102230237","is_ascension_mode":false,"campfire_choices":[{"floor":15,"key":"REST"}],"circlet_count":0,"master_deck":["SpecialBullet","SpecialBullet","SpecialBullet","SpecialBullet","SpecialBullet","SpecialBullet","InformationCode","ExtractionCode","TrainingCode","CherryBlossoms","RedEyes","RedEyes","Moonlight","Soda","VoidDream","Mimicry","Galaxy","NakedNest","FeatherOfHonor","OldLady","FeatherOfHonor"],"relics":["CogitoBucket","RabbitCall","LetterFromLob","Question Card","Mercury Hourglass","Matryoshka","Bronze Scales"],"acts_visited":["Exordium"],"potions_floor_usage":[14,14,14,16],"damage_taken":[{"damage":0,"enemies":"2 Louse","floor":1,"turns":2},{"damage":6,"enemies":"Cultist","floor":4,"turns":3},{"damage":21,"enemies":"Jaw Worm","floor":5,"turns":4},{"damage":0,"enemies":"Exordium Wildlife","floor":7,"turns":3},{"damage":31,"enemies":"Lagavulin","floor":14,"turns":7},{"damage":35,"enemies":"Hexaghost","floor":16,"turns":7}],"seed_played":"-7239267648846886435","potions_obtained":[{"floor":1,"key":"Dexterity Potion"},{"floor":7,"key":"EntropicBrew"}],"is_trial":false,"path_per_floor":["M","?","$","M","M","R","M","R","T","?","T","?","T","E","R","B"],"character_chosen":"Angela","items_purchased":["Moonlight"],"campfire_rested":1,"item_purchase_floors":[3],"current_hp_per_floor":[70,70,70,64,49,49,49,49,49,38,38,38,38,9,30,0,0],"gold":155,"neow_bonus":"THREE_CARDS","is_daily":false,"chose_seed":false,"campfire_upgraded":0,"win_rate":0.0,"timestamp":1609599757,"path_taken":["M","?","$","M","?","R","M","R","T","?","?","?","?","E","R","BOSS"],"items_purchased_type":["Card"],"build_version":"2020-12-22","purchased_purges":1,"victory":false,"max_hp_per_floor":[70,70,70,70,70,70,70,70,70,70,70,70,70,70,70,70,70],"card_choices":[{"not_picked":["Horn","Wingbeat"],"picked":"Soda","floor":0},{"not_picked":["PunishingBird","GalaxyChild"],"picked":"CherryBlossoms","floor":1},{"not_picked":["Diffraction"],"picked":"RedEyes","floor":1},{"not_picked":["CherryBlossom"],"picked":"Soda","floor":4},{"not_picked":["Scorched","WallGazer"],"picked":"VoidDream","floor":4},{"not_picked":["Laetitia_ego"],"picked":"Mimicry","floor":4},{"not_picked":["WristCuter"],"picked":"Galaxy","floor":5},{"not_picked":["SnowQueen","MHz"],"picked":"NakedNest","floor":7},{"not_picked":["CUTE"],"picked":"FeatherOfHonor","floor":7},{"not_picked":["MHz","Bloodbath"],"picked":"OldLady","floor":14},{"not_picked":["Noise","Harvest"],"picked":"FeatherOfHonor","floor":14}],"player_experience":23836,"relics_obtained":[{"floor":1,"key":"LetterFromLob"},{"floor":9,"key":"Question Card"},{"floor":11,"key":"Mercury Hourglass"},{"floor":13,"key":"Matryoshka"},{"floor":14,"key":"Bronze Scales"}],"event_choices":[{"damage_healed":0,"gold_gain":0,"cards_transformed":["SpecialBullet"],"player_choice":"Transformed","damage_taken":0,"max_hp_gain":0,"max_hp_loss":0,"event_name":"Transmorgrifier","floor":2,"gold_loss":0,"cards_obtained":["RedEyes"]},{"damage_healed":0,"gold_gain":75,"player_choice":"Gather Gold","damage_taken":11,"max_hp_gain":0,"max_hp_loss":0,"event_name":"World of Goop","floor":10,"gold_loss":0},{"cards_removed":["Soda"],"damage_healed":0,"gold_gain":0,"player_choice":"Forget","damage_taken":0,"max_hp_gain":0,"max_hp_loss":0,"event_name":"Living Wall","floor":12,"gold_loss":0}],"is_beta":false,"boss_relics":[],"items_purged_floors":[3],"is_endless":false,"potions_floor_spawned":[1,7],"killed_by":"Hexaghost","ascension_level":0}}