{"host":"kymla13zdh49urji","time":1609586789,"event":{"mods":["BaseMod","Conspire","Friendly Minions","Hermit","Minty Spire (QoL Compilation)","Replay The Spire","StSLib","The Construct","The Disciple"],"gold_per_floor":[115,115,115,130,17,17,48,48,48,61,76,89,99,174,174,269,269,281,320,330,57,67,67,77,97,97,112,112,112],"floor_reached":28,"playtime":2846,"items_purged":[],"score":299,"play_id":"ad659445-7b24-4fce-bbcf-7039dc91701a","local_time":"20210102032629","is_ascension_mode":false,"campfire_choices":[{"data":"construct:LaserCore","floor":6,"key":"SMITH"},{"data":"construct:AttackMode","floor":8,"key":"SMITH"},{"floor":15,"key":"DIG"},{"floor":23,"key":"REST"}],"circlet_count":0,"master_deck":["construct:Strike_Gold","construct:Strike_Gold","construct:Strike_Gold","construct:Strike_Gold","construct:Strike_Gold","construct:Defend_Gold","construct:Defend_Gold","construct:Defend_Gold","construct:Defend_Gold","construct:Defend_Gold","construct:AttackMode+1","construct:DefenseMode","construct:ModeShift+1","construct:Analyze","construct:LaserCore+1","construct:Failsafe","construct:HeavyBolt","construct:Accumulate","construct:CriticalHit","construct:ForceCore","construct:Tumble","construct:Reserves+1","construct:ChargeShot","construct:Boost","construct:GuardCore+1","construct:Synchronize+1","construct:FlameCore+1","construct:HammerDown","construct:ShiftStrike+1","construct:ShiftGuard+1","construct:Forcefield+1","construct:PointDefense+1"],"relics":["construct:Cogwheel","NeowsBlessing","Iron Hammer","Gremlin Horn","Replay:Ringing Soul","Toxic Egg 2","Ring of Chaos","Matryoshka"],"acts_visited":["Exordium","TheCity"],"potions_floor_usage":[11,12,16,16,20,22,22,24,24,27],"damage_taken":[{"damage":0,"enemies":"Cultist","floor":1,"turns":1},{"damage":0,"enemies":"2 Louse","floor":4,"turns":1},{"damage":0,"enemies":"3 Sentries","floor":7,"turns":2},{"damage":0,"enemies":"Small Slimes","floor":10,"turns":3},{"damage":1,"enemies":"Exordium Thugs","floor":11,"turns":4},{"damage":2,"enemies":"Looter","floor":12,"turns":2},{"damage":2,"enemies":"3 Louse","floor":13,"turns":2},{"damage":50,"enemies":"Hexaghost","floor":16,"turns":9},{"damage":24,"enemies":"Chosen","floor":18,"turns":5},{"damage":11,"enemies":"2 Thieves","floor":20,"turns":4},{"damage":6,"enemies":"3 Cultists","floor":22,"turns":3},{"damage":14,"enemies":"Centurion and Healer","floor":24,"turns":7},{"damage":39,"enemies":"Shelled Parasite and Fungi","floor":25,"turns":6},{"damage":8,"enemies":"3 Cultists","floor":27,"turns":5},{"damage":19,"enemies":"Slavers","floor":28,"turns":1}],"seed_played":"-4775039456816139157","potions_obtained":[{"floor":1,"key":"SkillPotion"},{"floor":10,"key":"LifebloodPotion"},{"floor":11,"key":"Fire Potion"},{"floor":13,"key":"Block Potion"},{"floor":19,"key":"Languid Potion"},{"floor":19,"key":"LiquidMemories"},{"floor":19,"key":"Weak Potion"},{"floor":20,"key":"Adrenaline Potion"},{"floor":22,"key":"SkillPotion"},{"floor":25,"key":"PowerPotion"}],"is_trial":false,"path_per_floor":["M","T","?","M","$","R","E","R","T","M","M","M","M","?","R","B",null,"M","?","M","$","M","R","M","M","T","M","E"],"character_chosen":"THE_CONSTRUCT_MOD","items_purchased":["construct:LaserCore","construct:Failsafe","construct:Synchronize+1","construct:FlameCore+1","construct:HammerDown"],"campfire_rested":1,"item_purchase_floors":[5,5,21,21,21],"current_hp_per_floor":[85,85,85,85,85,85,85,85,85,88,90,91,92,81,81,34,100,79,41,33,36,33,67,56,20,20,15,0,0],"gold":112,"neow_bonus":"THREE_ENEMY_KILL","is_daily":false,"chose_seed":false,"campfire_upgraded":2,"win_rate":0.0,"timestamp":1609586789,"path_taken":["M","?","?","M","$","R","E","R","T","M","M","M","M","?","R","BOSS","M","?","M","$","M","R","M","M","T","M","E"],"items_purchased_type":["Card","Card","Card","Card","Card"],"build_version":"2020-12-22","purchased_purges":0,"victory":false,"max_hp_per_floor":[85,85,85,85,85,85,85,85,85,88,91,94,97,97,97,100,100,103,106,109,112,115,115,118,121,121,124,124,124],"card_choices":[{"not_picked":["construct:ElectricArmor","construct:Enhance"],"picked":"construct:ModeShift","floor":1},{"not_picked":["construct:SaveState","construct:Accumulate"],"picked":"construct:Analyze","floor":4},{"not_picked":["construct:Boost","construct:Tumble"],"picked":"construct:HeavyBolt","floor":7},{"not_picked":["construct:Backfire","construct:SaveState"],"picked":"construct:Accumulate","floor":10},{"not_picked":["construct:Reinforce","construct:Construct_Overclock"],"picked":"construct:CriticalHit","floor":11},{"not_picked":["construct:UnbalancingBlast","construct:SyphonStrike"],"picked":"construct:ForceCore","floor":12},{"not_picked":["construct:SaveState","construct:ChargeShot"],"picked":"construct:Tumble","floor":13},{"not_picked":["construct:HyperBeam","construct:ShieldBurst"],"picked":"construct:Reserves+1","floor":16},{"not_picked":["construct:Versatility","construct:Isolate+1"],"picked":"construct:ChargeShot","floor":18},{"not_picked":["construct:Overcharge","construct:Construct_Overclock"],"picked":"construct:Boost","floor":19},{"not_picked":["construct:ClusterMines","construct:Electrocute"],"picked":"construct:GuardCore+1","floor":20},{"not_picked":["construct:Reinforce+1","construct:Boost"],"picked":"construct:ShiftStrike+1","floor":22},{"not_picked":["construct:QuickAttack","construct:PowerUp"],"picked":"construct:ShiftGuard+1","floor":24},{"not_picked":["construct:Boost","construct:Autoturret"],"picked":"construct:Forcefield+1","floor":25},{"not_picked":["construct:Reinforce+1","construct:Autoturret"],"picked":"construct:PointDefense+1","floor":27}],"player_experience":98803,"relics_obtained":[{"floor":2,"key":"Iron Hammer"},{"floor":7,"key":"Gremlin Horn"},{"floor":9,"key":"Replay:Ringing Soul"},{"floor":15,"key":"Toxic Egg 2"},{"floor":26,"key":"Matryoshka"}],"event_choices":[{"damage_healed":0,"gold_gain":0,"player_choice":"Grow","damage_taken":0,"max_hp_gain":0,"max_hp_loss":0,"event_name":"Living Wall","floor":3,"gold_loss":0,"cards_upgraded":["construct:ModeShift"]},{"damage_healed":0,"gold_gain":75,"player_choice":"Gather Gold","damage_taken":11,"max_hp_gain":0,"max_hp_loss":0,"event_name":"World of Goop","floor":14,"gold_loss":0}],"is_beta":false,"boss_relics":[{"not_picked":["construct:ClawGrip","Busted Crown"],"picked":"Ring of Chaos"}],"items_purged_floors":[],"is_endless":false,"potions_floor_spawned":[1,10,11,13,20,22,25],"killed_by":"Slavers","ascension_level":0}}