{"host":"ssbj2e5691x5ub3h","time":1609601061,"event":{"mods":["BaseMod","Duelist Mod","Minty Spire (QoL Compilation)","Quick Restart","StSLib","SuperFastMode"],"gold_per_floor":[144,109,109,126,126,157,157,175,175,175,200,212,43,59,59,133,133,145,145,115,115,115],"floor_reached":21,"playtime":671,"items_purged":[],"score":378,"play_id":"8f53c581-dc8f-4fff-b7c2-bbf4acbcd831","local_time":"20210102132421","is_ascension_mode":true,"campfire_choices":[{"floor":7,"key":"REST"},{"floor":10,"key":"RECALL"},{"floor":15,"key":"REST"}],"circlet_count":0,"master_deck":["theDuelist:GeminiElf","theDuelist:LostBlueBreaker","theDuelist:SilverApples","theDuelist:FlameTiger","theDuelist:CastleWalls","theDuelist:FluteKuriboh","theDuelist:WingedKuribohLv9","theDuelist:GeminiElf","theDuelist:LightningVortex","theDuelist:Relinkuriboh","theDuelist:WingedKuriboh","theDuelist:Fissure","theDuelist:FluteKuriboh","theDuelist:CastleWalls","AscendersBane","theDuelist:WingedKuriboh","theDuelist:RadiantMirrorForce","theDuelist:Relinkuriboh","theDuelist:WingedKuribohLv10","theDuelist:SphereKuriboh","theDuelist:Kuribohrn"],"relics":["theDuelist:MillenniumPuzzle","theDuelist:CardPoolRelic","theDuelist:CardPoolBasicRelic","theDuelist:BoosterPackPoolRelic","theDuelist:CardPoolAddRelic","theDuelist:CardPoolMinusRelic","theDuelist:CardPoolSaveRelic","theDuelist:CardPoolOptionsRelic","Eternal Feather","theDuelist:SummonAnchor","theDuelist:MonsterEggRelic","Vajra","Black Star"],"acts_visited":["Exordium","TheCity"],"potions_floor_usage":[6,6],"damage_taken":[{"damage":16,"enemies":"Jaw Worm","floor":1,"turns":4},{"damage":9,"enemies":"2 Louse","floor":4,"turns":3},{"damage":22,"enemies":"Gremlin Nob","floor":6,"turns":4},{"damage":0,"enemies":"Cultist","floor":8,"turns":3},{"damage":15,"enemies":"Lagavulin","floor":11,"turns":5},{"damage":18,"enemies":"Red Slaver","floor":12,"turns":3},{"damage":6,"enemies":"Looter","floor":14,"turns":2},{"damage":33,"enemies":"Slime Boss","floor":16,"turns":5},{"damage":35,"enemies":"Shell Parasite","floor":18,"turns":4},{"damage":17,"enemies":"2 Thieves","floor":20,"turns":4},{"damage":15,"enemies":"Centurion and Healer","floor":21,"turns":1}],"seed_played":"5636189349491148212","potions_obtained":[{"floor":1,"key":"SkillPotion"},{"floor":4,"key":"SpeedPotion"},{"floor":5,"key":"theDuelist:MillenniumElixir"},{"floor":6,"key":"theDuelist:BurningPotion"},{"floor":14,"key":"BloodPotion"},{"floor":20,"key":"theDuelist:FusionPotion"}],"is_trial":false,"path_per_floor":["M","?","?","M","?","E","R","M","T","R","E","M","$","M","R","B",null,"M","?","M","M"],"character_chosen":"THE_DUELIST","items_purchased":["Vajra"],"campfire_rested":2,"item_purchase_floors":[13],"current_hp_per_floor":[47,64,64,55,55,33,60,60,60,69,54,36,36,30,60,27,59,24,24,7,0,0],"gold":115,"neow_bonus":"TRANSFORM_CARD","is_daily":false,"chose_seed":false,"campfire_upgraded":0,"win_rate":0.0,"timestamp":1609601061,"path_taken":["M","?","?","M","?","E","R","M","T","R","E","?","?","?","R","BOSS","M","?","M","M"],"items_purchased_type":["Relic"],"build_version":"2020-12-22","purchased_purges":0,"victory":false,"max_hp_per_floor":[70,70,70,70,70,70,70,70,70,70,70,70,70,70,70,70,70,70,70,70,70,70],"card_choices":[{"not_picked":["theDuelist:DarklordSuperbia","theDuelist:ClearKuriboh"],"picked":"theDuelist:LightningVortex","floor":1},{"not_picked":["theDuelist:Relinkuriboh","theDuelist:Spore","theDuelist:FluteKuriboh","theDuelist:DarkFusion"],"picked":"theDuelist:GeminiElf","floor":4},{"not_picked":["theDuelist:CrystalEmeraldTortoise","theDuelist:DarkFusion","theDuelist:Wingedtortoise","theDuelist:JunkKuriboh"],"picked":"theDuelist:WingedKuribohLv9","floor":6},{"not_picked":["theDuelist:CrystalEmeraldTortoise","theDuelist:CosmoBrain","theDuelist:FlameTiger","theDuelist:Scapegoat"],"picked":"theDuelist:LostBlueBreaker","floor":8},{"not_picked":["theDuelist:Relinkuriboh","theDuelist:FluteKuriboh","theDuelist:CrossSwordBeetle","theDuelist:DarkSpider"],"picked":"theDuelist:SilverApples","floor":11},{"not_picked":["theDuelist:Relinkuriboh","theDuelist:FluteKuriboh","theDuelist:DarkFusion","theDuelist:ArsenalBug"],"picked":"theDuelist:GeminiElf","floor":12},{"not_picked":["theDuelist:CrossSwordBeetle","theDuelist:Spore","theDuelist:FluteKuriboh","theDuelist:InariFire"],"picked":"theDuelist:Relinkuriboh","floor":14},{"not_picked":["theDuelist:MultiplicationOfAnts","theDuelist:BeastFangs","theDuelist:Scapegoat","theDuelist:PotGenerosity"],"picked":"theDuelist:WingedKuribohLv10","floor":16},{"not_picked":["theDuelist:DarkSimorgh","theDuelist:DarkSpider+1","theDuelist:Kuriboh","theDuelist:GemKnightAmethyst"],"picked":"theDuelist:SphereKuriboh","floor":18},{"not_picked":["theDuelist:WingedKuriboh","theDuelist:FluteKuriboh","theDuelist:Spore","theDuelist:GoblinSecret"],"picked":"theDuelist:Kuribohrn","floor":20}],"player_experience":317364,"relics_obtained":[{"floor":6,"key":"Eternal Feather"},{"floor":9,"key":"theDuelist:SummonAnchor"},{"floor":11,"key":"theDuelist:MonsterEggRelic"}],"event_choices":[{"damage_healed":17,"gold_gain":0,"player_choice":"Healed","damage_taken":0,"max_hp_gain":0,"max_hp_loss":0,"event_name":"The Cleric","floor":2,"gold_loss":35},{"damage_healed":0,"gold_gain":0,"cards_transformed":["theDuelist:Sparks"],"player_choice":"Change","damage_taken":0,"max_hp_gain":0,"max_hp_loss":0,"event_name":"Living Wall","floor":3,"gold_loss":0,"cards_obtained":["theDuelist:FlameTiger"]},{"damage_healed":0,"gold_gain":0,"player_choice":"Got Potions","damage_taken":0,"max_hp_gain":0,"max_hp_loss":0,"event_name":"Lab","floor":5,"gold_loss":0},{"damage_healed":0,"gold_gain":0,"player_choice":"Ignored","damage_taken":0,"max_hp_gain":0,"max_hp_loss":0,"event_name":"Vampires","floor":19,"gold_loss":0}],"is_beta":false,"boss_relics":[{"not_picked":["Tiny House","Runic Pyramid"],"picked":"Black Star"}],"items_purged_floors":[],"is_endless":false,"potions_floor_spawned":[1,4,6,14,20],"killed_by":"Centurion and Healer","ascension_level":20}}