{"host":"6dq5cacqmvs00yuc","time":1609569773,"event":{"mods":["BaseMod","Colored Map","Downfall","Minty Spire (QoL Compilation)","Quick Restart","Replay The Spire","StSLib"],"gold_per_floor":[116,116,130,55,70,99,99,129,155,182,236,184,196,43,43,143,143,161,161,171,171,96,96,129,129,129,129,146,164,164,177,177,279,329,348,348,348,348,348,348],"floor_reached":39,"playtime":1702,"items_purged":["Strike_R","sneckomod:Bewildered"],"score":585,"play_id":"1e4f95aa-7ad8-4d6a-beb6-5aeadff9853e","local_time":"20210102004253","is_ascension_mode":true,"campfire_choices":[{"data":"Clash","floor":7.0,"key":"SMITH"},{"floor":15.0,"key":"REST"},{"data":"Infernal Blade","floor":23.0,"key":"SMITH"},{"data":"Bash","floor":25.0,"key":"SMITH"},{"data":"Cleave","floor":27.0,"key":"SMITH"},{"floor":32.0,"key":"REST"}],"circlet_count":0,"master_deck":["Strike_R+1","Strike_R+1","Strike_R+1","Defend_R+1","Defend_R+1","Defend_R+1","Defend_R+1","Bash+1","Sword Boomerang+1","Thunderclap","Cleave+1","Clash+1","Clash+1","Clash","Infernal Blade+1","Clash","Cleave","Impervious","Uppercut+1","Flex","Flex","Sever Soul","ReplayTheSpireMod:Stacked+1","Sword Boomerang+1","Battle Trance+1","expansioncontent:DarkVoid"],"relics":["Burning Blood","NeowsBlessing","King of Hearts","Ancient Tea Set","ReplayTheSpireMod:Lightbulb","Oddly Smooth Stone","Orichalcum","ReplayTheSpireMod:CursedCoin","Pen Nib","Mark of Pain","Nilry\u0027s Codex","The Courier","Self Forming Clay","Art of War","Tiny House","Ring of Panic"],"acts_visited":["Exordium","TheCity","TheBeyond"],"potions_floor_usage":[39,39,39],"damage_taken":[{"damage":0.0,"enemies":"2 Louse","floor":1.0,"turns":1.0},{"damage":0.0,"enemies":"Cultist","floor":3.0,"turns":1.0},{"damage":0.0,"enemies":"Jaw Worm","floor":5.0,"turns":1.0},{"damage":35.0,"enemies":"3 Sentries","floor":6.0,"turns":7.0},{"damage":30.0,"enemies":"Lagavulin","floor":8.0,"turns":5.0},{"damage":15.0,"enemies":"3 Sentries","floor":10.0,"turns":5.0},{"damage":5.0,"enemies":"Looter","floor":13.0,"turns":2.0},{"damage":34.0,"enemies":"The Guardian","floor":16.0,"turns":6.0},{"damage":0.0,"enemies":"Shell Parasite","floor":18.0,"turns":3.0},{"damage":0.0,"enemies":"Chosen","floor":20.0,"turns":2.0},{"damage":20.0,"enemies":"Book of Stabbing","floor":24.0,"turns":4.0},{"damage":14.0,"enemies":"Shelled Parasite and Fungi","floor":28.0,"turns":4.0},{"damage":5.0,"enemies":"Centurion and Healer","floor":29.0,"turns":4.0},{"damage":4.0,"enemies":"Sentry and Sphere","floor":31.0,"turns":4.0},{"damage":37.0,"enemies":"Champ","floor":33.0,"turns":8.0},{"damage":9.0,"enemies":"3 Shapes","floor":35.0,"turns":2.0},{"damage":79,"enemies":"Replay:Hell Engine","floor":39,"turns":5}],"seed_played":"-5473139583281861848","potions_obtained":[{"floor":6.0,"key":"Adrenaline Potion"},{"floor":10.0,"key":"Doom Potion"},{"floor":16.0,"key":"Weak Potion"},{"floor":18.0,"key":"Block Potion"},{"floor":28.0,"key":"LifebloodPotion"},{"floor":33.0,"key":"EssenceOfSteel"},{"floor":34.0,"key":"Slimebound:ThreeZeroPotion"}],"is_trial":false,"path_per_floor":["M","?","M","$","M","E","R","E","T","E","T","$","M","$","R","B",null,"M","?","M","?","?","R","E","R","T","R","M","M","?","M","R","B",null,"M","?","?","?","B"],"character_chosen":"IRONCLAD","items_purchased":["Infernal Blade","ReplayTheSpireMod:CursedCoin","Clash","Pen Nib"],"campfire_rested":2,"item_purchase_floors":[12,12,12,14],"current_hp_per_floor":[78,78,80,80,80,51,51,27,27,18,18,18,19,19,43,15,64,70,54,60,60,60,60,46,46,46,46,38,39,39,41,65,34,74,71,71,71,71,0,0],"gold":348,"neow_bonus":"THREE_ENEMY_KILL","is_daily":false,"chose_seed":false,"campfire_upgraded":4,"win_rate":0.0,"timestamp":1609569773,"path_taken":["M","?","M","$","?","E","R","E","T","E","?","?","M","$","R","BOSS","M","?","M","?","?","R","E","R","T","R","M","M","?","?","R","BOSS","M","?","?","?","BOSS"],"items_purchased_type":["Card","Relic","Card","Relic"],"build_version":"2020-12-22","purchased_purges":2,"victory":false,"max_hp_per_floor":[80,80,80,80,80,80,80,80,80,80,80,80,80,80,80,80,80,80,80,80,80,80,80,80,80,80,80,80,80,80,80,80,80,85,85,85,85,85,85,85],"card_choices":[{"not_picked":["ReplayTheSpireMod:Strike From Hell","Havoc"],"picked":"Sword Boomerang","floor":1.0},{"not_picked":["Warcry","Dropkick"],"picked":"Thunderclap","floor":3.0},{"not_picked":["Dual Wield","Headbutt"],"picked":"Cleave","floor":5.0},{"not_picked":["Seeing Red","ReplayTheSpireMod:LeadingStrike"],"picked":"Clash","floor":6.0},{"not_picked":["Rupture","Barricade"],"picked":"Clash","floor":8.0},{"not_picked":["ReplayTheSpireMod:Strike From Hell","Sentinel"],"picked":"Clash","floor":10.0},{"not_picked":["Ghostly Armor","Thunderclap"],"picked":"Cleave","floor":13.0},{"not_picked":["Hemogenesis","Fiend Fire"],"picked":"Impervious","floor":16.0},{"not_picked":["Cleave","Dark Embrace"],"picked":"Uppercut+1","floor":18.0},{"not_picked":["ReplayTheSpireMod:Strike From Hell+1","Disarm"],"picked":"Flex","floor":20.0},{"not_picked":["Sword Boomerang","Havoc+1"],"picked":"Flex","floor":24.0},{"not_picked":["Combust","Armaments+1"],"picked":"Sever Soul","floor":28.0},{"not_picked":["Rampage","Rupture"],"picked":"ReplayTheSpireMod:Stacked+1","floor":29.0},{"not_picked":["Twin Strike","Havoc","Iron Wave"],"picked":"SKIP","floor":31.0},{"not_picked":["Twin Strike","Anger"],"picked":"Sword Boomerang+1","floor":34.0},{"not_picked":["Anger","Dual Wield"],"picked":"Battle Trance+1","floor":35.0},{"not_picked":["Replay:SS_forest_5","expansioncontent:Collect"],"picked":"expansioncontent:DarkVoid","floor":36.0}],"player_experience":744602,"relics_obtained":[{"floor":6.0,"key":"King of Hearts"},{"floor":8.0,"key":"Ancient Tea Set"},{"floor":9.0,"key":"ReplayTheSpireMod:Lightbulb"},{"floor":10.0,"key":"Oddly Smooth Stone"},{"floor":11.0,"key":"Orichalcum"},{"floor":19.0,"key":"Nilry\u0027s Codex"},{"floor":24.0,"key":"The Courier"},{"floor":26.0,"key":"Self Forming Clay"},{"floor":37.0,"key":"Ring of Panic"}],"event_choices":[{"damage_healed":0.0,"max_hp_gain":0.0,"max_hp_loss":0.0,"gold_gain":0.0,"event_name":"Accursed Blacksmith","player_choice":"Forge","floor":2.0,"gold_loss":0.0,"damage_taken":0.0,"cards_upgraded":["Sword Boomerang"]},{"damage_healed":0.0,"max_hp_gain":0.0,"max_hp_loss":0.0,"gold_gain":0.0,"event_name":"Cursed Tome","player_choice":"Obtained Book","floor":19.0,"gold_loss":0.0,"damage_taken":16.0},{"damage_healed":0.0,"max_hp_gain":0.0,"max_hp_loss":0.0,"gold_gain":0.0,"event_name":"Back to Basics","player_choice":"Simplicity","floor":21.0,"gold_loss":0.0,"damage_taken":0.0,"cards_upgraded":["Strike_R","Strike_R","Strike_R","Strike_R","Defend_R","Defend_R","Defend_R","Defend_R"]},{"cards_removed":["Strike_R"],"damage_healed":0.0,"max_hp_gain":0.0,"max_hp_loss":0.0,"gold_gain":0.0,"event_name":"Beggar","player_choice":"Gave Gold","floor":22.0,"gold_loss":75.0,"damage_taken":0.0},{"damage_healed":0.0,"max_hp_gain":0.0,"max_hp_loss":0.0,"gold_gain":0.0,"event_name":"SensoryStone","player_choice":"Memory 1","floor":36.0,"gold_loss":0.0,"damage_taken":0.0},{"damage_healed":0.0,"max_hp_gain":0.0,"max_hp_loss":0.0,"gold_gain":0.0,"event_name":"SecretPortal","player_choice":"Took Portal","floor":38.0,"gold_loss":0.0,"damage_taken":0.0}],"is_beta":false,"boss_relics":[{"not_picked":["SlaversCollar","Kintsugi"],"picked":"Mark of Pain"},{"not_picked":["Fusion Hammer","Astrolabe"],"picked":"Tiny House"}],"items_purged_floors":[4,12],"is_endless":false,"potions_floor_spawned":[6,10,16,18,28,33],"killed_by":"Replay:Hell Engine","ascension_level":7}}