{"host":"raai0vtvcfkt8csp","time":1609619378,"event":{"mods":["2.2 Compatiblity","BaseMod","Beaked The Cultist","Block Reminder","DeckTracker","Defective Defect","GifTheSpireLib","Minty Spire (QoL Compilation)","Quick Restart","Random Character Button","Rare Cards Sparkle","StSLib","Unceasing Turn Reminder"],"gold_per_floor":[110,110,41,59,79,110,110,143,191,211,211,237,237,248,248,346,346,366,366,281,296,312,312,312,312,312],"floor_reached":25,"playtime":2362,"items_purged":[],"score":253,"play_id":"1e030e54-a6a3-4539-8b07-446f8427cc4a","local_time":"20210102212938","is_ascension_mode":true,"campfire_choices":[{"floor":7,"key":"RECALL"},{"data":"beaked:Ceremony","floor":13,"key":"SMITH"},{"data":"beaked:Ceremony","floor":15,"key":"SMITH"}],"circlet_count":0,"master_deck":["beaked:Strike_Y","beaked:Strike_Y","beaked:Strike_Y","beaked:Strike_Y","beaked:Strike_Y","beaked:Strike_Y","beaked:Defend_Y","beaked:Defend_Y","beaked:Defend_Y","beaked:Defend_Y","beaked:Ceremony+1","beaked:Ceremony+1","beaked:Ceremony+1","beaked:BraceForImpact","beaked:Roost","beaked:WarriorEssence","beaked:Daydream","beaked:DesperateSwing","beaked:MimicMachine","beaked:Brace","beaked:MaddeningMurmurs","beaked:Foresight","beaked:Molting"],"relics":["beaked:MendingPlumage","NeowsBlessing","The Courier","Boot","Tiny Chest","Bronze Scales","Snecko Eye","MutagenicStrength","Meat on the Bone","Smiling Mask"],"acts_visited":["Exordium","TheCity"],"potions_floor_usage":[10,23,23,25],"damage_taken":[{"damage":0,"enemies":"Small Slimes","floor":1,"turns":1},{"damage":0,"enemies":"Cultist","floor":4,"turns":1},{"damage":0,"enemies":"Jaw Worm","floor":5,"turns":1},{"damage":29,"enemies":"3 Sentries","floor":6,"turns":7},{"damage":12,"enemies":"Lagavulin","floor":8,"turns":8},{"damage":15,"enemies":"3 Louse","floor":10,"turns":5},{"damage":43,"enemies":"3 Sentries","floor":12,"turns":11},{"damage":9,"enemies":"Exordium Wildlife","floor":14,"turns":5},{"damage":46,"enemies":"Slime Boss","floor":16,"turns":10},{"damage":20,"enemies":"2 Thieves","floor":18,"turns":4},{"damage":11,"enemies":"Shell Parasite","floor":21,"turns":7},{"damage":26,"enemies":"Chosen and Byrds","floor":22,"turns":7},{"damage":31,"enemies":"Gremlin Leader","floor":23,"turns":6},{"damage":52,"enemies":"Slavers","floor":25,"turns":3}],"seed_played":"-1127591146223237749","potions_obtained":[{"floor":5,"key":"Energy Potion"},{"floor":6,"key":"SmokeBomb"},{"floor":8,"key":"DuplicationPotion"},{"floor":14,"key":"GamblersBrew"}],"is_trial":false,"path_per_floor":["M","?","$","M","M","E","R","E","T","M","?","E","R","M","R","B",null,"M","?","?","M","M","E","T","E"],"character_chosen":"BEAKED_THE_CULTIST","items_purchased":["beaked:Roost"],"campfire_rested":0,"item_purchase_floors":[3],"current_hp_per_floor":[50,50,50,50,50,39,39,47,47,49,49,42,42,48,48,35,50,48,48,48,44,35,34,34,0,0],"gold":312,"neow_bonus":"THREE_ENEMY_KILL","is_daily":false,"chose_seed":false,"campfire_upgraded":2,"win_rate":0.0,"timestamp":1609619378,"path_taken":["M","?","?","?","M","E","R","E","T","M","?","E","R","M","R","BOSS","M","?","?","M","M","E","?","E"],"items_purchased_type":["Card"],"build_version":"2020-12-22","purchased_purges":0,"victory":false,"max_hp_per_floor":[50,50,50,50,50,50,50,50,50,50,50,50,50,50,50,50,50,50,50,50,50,50,50,50,50,50],"card_choices":[{"not_picked":["beaked:Tradeoff","beaked:TuckingFeathers"],"picked":"beaked:BraceForImpact","floor":1},{"not_picked":["beaked:Tweet","beaked:SacrificialScars"],"picked":"beaked:WarriorEssence","floor":4},{"not_picked":["beaked:Daydream","beaked:WindBringer","beaked:Tradeoff"],"picked":"SKIP","floor":5},{"not_picked":["beaked:WindBringer","beaked:Tradeoff"],"picked":"beaked:Daydream","floor":5},{"not_picked":["beaked:Cower","beaked:Brainwash"],"picked":"beaked:DesperateSwing","floor":6},{"not_picked":["beaked:CursingBlood","beaked:Windmill"],"picked":"beaked:MimicMachine","floor":8},{"not_picked":["beaked:MachineSpirit","beaked:Windmill"],"picked":"beaked:Brace","floor":10},{"not_picked":["beaked:Mantra","beaked:MimicMachine"],"picked":"beaked:MaddeningMurmurs","floor":12},{"not_picked":["beaked:Molting","beaked:StunningBlow"],"picked":"beaked:Foresight","floor":14},{"not_picked":["beaked:Windmill","beaked:Poke"],"picked":"beaked:Molting","floor":18},{"not_picked":["beaked:Overpower","beaked:MimicHuntress","beaked:Daydream"],"picked":"SKIP","floor":21},{"not_picked":["beaked:Tweet+1","beaked:BloodRitual","beaked:Flinch+1"],"picked":"SKIP","floor":22}],"player_experience":647180,"relics_obtained":[{"floor":6,"key":"The Courier"},{"floor":8,"key":"Boot"},{"floor":9,"key":"Tiny Chest"},{"floor":12,"key":"Bronze Scales"},{"floor":24,"key":"Smiling Mask"}],"event_choices":[{"damage_healed":0,"gold_gain":0,"player_choice":"Forge","damage_taken":0,"max_hp_gain":0,"max_hp_loss":0,"event_name":"Accursed Blacksmith","floor":2,"gold_loss":0,"cards_upgraded":["beaked:Ceremony"]},{"damage_healed":0,"gold_gain":0,"player_choice":"Ignored","damage_taken":0,"max_hp_gain":0,"max_hp_loss":0,"event_name":"Golden Wing","floor":11,"gold_loss":0},{"damage_healed":0,"gold_gain":0,"player_choice":"Inject Mutagens","damage_taken":0,"relics_obtained":["MutagenicStrength"],"max_hp_gain":0,"max_hp_loss":0,"event_name":"Drug Dealer","floor":19,"gold_loss":0},{"damage_healed":0,"gold_gain":0,"player_choice":"Obtained Relic","damage_taken":0,"relics_obtained":["Meat on the Bone"],"max_hp_gain":0,"max_hp_loss":0,"event_name":"Addict","floor":20,"gold_loss":85}],"is_beta":false,"boss_relics":[{"not_picked":["Tiny House","Sozu"],"picked":"Snecko Eye"}],"items_purged_floors":[],"is_endless":false,"potions_floor_spawned":[5,6,8,14,18,21],"killed_by":"Slavers","ascension_level":1}}