{"host":"1eo5f82aifdzd7pr","time":1609608503,"event":{"mods":["AchievementEnabler","BaseMod","Colored Map","Colored Powertips","DeckTracker","Marisa????????","Minty Spire (QoL Compilation)","StSLib","SuperFastMode"],"gold_per_floor":[212,226,236,236,57,57,86,86,109,109,141,153,183,227,239,325,337,366,350,362,9,29,29,43,43,66,77,77,112,112,123,123,123,123],"floor_reached":33,"playtime":1358,"items_purged":["Strike_P","Strike_P"],"score":589,"play_id":"983710ae-7339-4ffd-91da-428786d702b9","local_time":"20210102192823","is_ascension_mode":true,"campfire_choices":[{"data":"Eruption","floor":6.0,"key":"SMITH"},{"data":"CarveReality","floor":8.0,"key":"SMITH"},{"data":"Adaptation","floor":10.0,"key":"SMITH"},{"floor":15.0,"key":"REST"},{"floor":23.0,"key":"REST"},{"floor":25.0,"key":"REST"},{"data":"Tantrum","floor":28.0,"key":"SMITH"},{"floor":32,"key":"REST"}],"circlet_count":0,"master_deck":["AscendersBane","Strike_P","Strike_P","Defend_P","Defend_P","Defend_P","Defend_P","Eruption+1","Vigilance","FlurryOfBlows","CarveReality+1","FlurryOfBlows","Adaptation+1","SpiritShield","Tantrum+1","Protect","Establishment"],"relics":["PureWater","Orichalcum","MealTicket","MawBank","Potion Belt","SlaversCollar","TeardropLocket","Anchor","Mummified Hand"],"acts_visited":["Exordium","TheCity"],"potions_floor_usage":[31,31,33],"damage_taken":[{"damage":0.0,"enemies":"2 Louse","floor":1.0,"turns":3.0},{"damage":0.0,"enemies":"Small Slimes","floor":2.0,"turns":1.0},{"damage":0.0,"enemies":"Cultist","floor":3.0,"turns":2.0},{"damage":0.0,"enemies":"Gremlin Nob","floor":7.0,"turns":2.0},{"damage":10.0,"enemies":"Lagavulin","floor":11.0,"turns":4.0},{"damage":6.0,"enemies":"Looter","floor":13.0,"turns":3.0},{"damage":15.0,"enemies":"3 Sentries","floor":14.0,"turns":4.0},{"damage":31.0,"enemies":"Slime Boss","floor":16.0,"turns":5.0},{"damage":38.0,"enemies":"Chosen","floor":18.0,"turns":5.0},{"damage":17.0,"enemies":"2 Thieves","floor":19.0,"turns":4.0},{"damage":21.0,"enemies":"Snecko","floor":22.0,"turns":3.0},{"damage":14.0,"enemies":"Snake Plant","floor":24.0,"turns":3.0},{"damage":0.0,"enemies":"Centurion and Healer","floor":27.0,"turns":4.0},{"damage":15.0,"enemies":"Slavers","floor":29.0,"turns":5.0},{"damage":17,"enemies":"Shelled Parasite and Fungi","floor":31,"turns":3},{"damage":71,"enemies":"Champ","floor":33,"turns":7}],"seed_played":"8484417794612646841","potions_obtained":[{"floor":1.0,"key":"FearPotion"},{"floor":11.0,"key":"SteroidPotion"},{"floor":13.0,"key":"EntropicBrew"},{"floor":22.0,"key":"AttackPotion"},{"floor":24.0,"key":"Swift Potion"},{"floor":29.0,"key":"DuplicationPotion"},{"floor":30.0,"key":"LiquidBronze"},{"floor":30.0,"key":"CultistPotion"}],"is_trial":false,"path_per_floor":["M","M","M","?","$","R","E","R","T","R","E","?","M","E","R","B",null,"M","M","?","$","M","R","M","R","T","M","R","E","?","M","R","B"],"character_chosen":"WATCHER","items_purchased":["FlurryOfBlows","Adaptation","TeardropLocket"],"campfire_rested":4,"item_purchase_floors":[5,5,21],"current_hp_per_floor":[61,61,61,61,61,61,61,61,61,61,51,56,50,35,56,25,61,23,6,21,36,15,36,22,43,43,43,43,28,28,11,32,0,0],"gold":123,"neow_bonus":"HUNDRED_GOLD","is_daily":false,"chose_seed":false,"campfire_upgraded":4,"win_rate":0.0,"timestamp":1609608503,"path_taken":["M","M","M","?","$","R","E","R","T","R","E","?","M","E","R","BOSS","M","M","?","$","M","R","M","R","T","M","R","E","?","?","R","BOSS"],"items_purchased_type":["Card","Card","Relic"],"build_version":"2020-12-22","purchased_purges":2,"victory":false,"max_hp_per_floor":[68,68,68,68,68,68,68,68,68,68,68,73,73,73,73,73,73,73,73,73,73,73,73,73,73,73,73,73,73,73,73,73,73,73],"card_choices":[{"not_picked":["WindmillStrike","Weave"],"picked":"FlurryOfBlows","floor":1.0},{"not_picked":["Collect","BowlingBash","Crescendo"],"picked":"SKIP","floor":2.0},{"not_picked":["FollowUp","Evaluate"],"picked":"CarveReality","floor":3.0},{"not_picked":["ConjureBlade","BowlingBash","Perseverance"],"picked":"SKIP","floor":7.0},{"not_picked":["Consecrate","PathToVictory","WreathOfFlame"],"picked":"SKIP","floor":11.0},{"not_picked":["Nirvana","EmptyFist","Worship"],"picked":"SKIP","floor":13.0},{"not_picked":["FollowUp","Crescendo","FlyingSleeves"],"picked":"SKIP","floor":14.0},{"not_picked":["DeusExMachina","Alpha"],"picked":"SpiritShield","floor":16.0},{"not_picked":["PathToVictory","JustLucky","Evaluate+1"],"picked":"SKIP","floor":18.0},{"not_picked":["WreathOfFlame","Evaluate","ForeignInfluence"],"picked":"SKIP","floor":19.0},{"not_picked":["EmptyFist","ForeignInfluence","BowlingBash"],"picked":"SKIP","floor":22.0},{"not_picked":["JustLucky","Wireheading"],"picked":"Tantrum","floor":24.0},{"not_picked":["CrushJoints","FlurryOfBlows","FollowUp"],"picked":"SKIP","floor":27.0},{"not_picked":["Swivel+1","FlurryOfBlows+1"],"picked":"Protect","floor":29.0},{"not_picked":["Conclude","Prostrate"],"picked":"Establishment","floor":31}],"player_experience":752079,"relics_obtained":[{"floor":7.0,"key":"Orichalcum"},{"floor":9.0,"key":"MealTicket"},{"floor":11.0,"key":"MawBank"},{"floor":14.0,"key":"Potion Belt"},{"floor":26.0,"key":"Anchor"},{"floor":29.0,"key":"Mummified Hand"}],"event_choices":[{"damage_healed":0.0,"max_hp_gain":0.0,"max_hp_loss":0.0,"gold_gain":0.0,"event_name":"Liars Game","player_choice":"Ignored","floor":4.0,"gold_loss":0.0,"damage_taken":0.0},{"damage_healed":0.0,"max_hp_gain":5.0,"max_hp_loss":0.0,"gold_gain":0.0,"event_name":"Big Fish","player_choice":"Donut","floor":12.0,"gold_loss":0.0,"damage_taken":0.0},{"damage_healed":15.0,"max_hp_gain":0.0,"max_hp_loss":0.0,"gold_gain":0.0,"event_name":"The Library","player_choice":"Heal","floor":20.0,"gold_loss":0.0,"damage_taken":0.0},{"damage_healed":0.0,"max_hp_gain":0.0,"max_hp_loss":0.0,"gold_gain":0.0,"event_name":"Lab","player_choice":"Got Potions","floor":30.0,"gold_loss":0.0,"damage_taken":0.0}],"is_beta":false,"boss_relics":[{"not_picked":["Pandora\u0027s Box","Fusion Hammer"],"picked":"SlaversCollar"}],"items_purged_floors":[5,21],"is_endless":false,"potions_floor_spawned":[1,11,13,22,24,29],"killed_by":"Champ","ascension_level":18}}