{"host":"kn32u0f2pym5bozc","time":1609587600,"event":{"mods":["2.2 Compatiblity","BaseMod","Better Third Choice","Minty Spire (QoL Compilation)","Permanent Neow","Relic Stats","StSLib","The Animator"],"gold_per_floor":[219,233,158,108,119,151,151,151,151,151,178,189,89,101,101,174,174,200,210,135,135,135,135,165,165,236,61,77,77,107,132,132,223,223,240,259,278,290,147,147,167,167,167,179,209,229,229,249,249,249],"floor_reached":51,"playtime":5735,"items_purged":["animator:Strike","Parasite","animator:Strike"],"score":1179,"play_id":"ae627729-617c-47b6-b448-9eea1906808e","local_time":"20210102064000","is_ascension_mode":true,"campfire_choices":[{"data":"animator:Mitsurugi","floor":8.0,"key":"SMITH"},{"data":"animator:Benimaru","floor":10.0,"key":"SMITH"},{"data":"animator:Elsword","floor":15.0,"key":"SMITH"},{"data":"animator:Kaijin","floor":23.0,"key":"SMITH"},{"data":"animator:Emonzaemon","floor":25.0,"key":"SMITH"},{"data":"animator:Spearman","floor":29.0,"key":"SMITH"},{"data":"animator:AcuraAkari","floor":32.0,"key":"SMITH"},{"data":"animator:DolaCouronne","floor":40.0,"key":"SMITH"},{"data":"animator:Mikaela","floor":42.0,"key":"SMITH"},{"floor":47,"key":"REST"},{"data":"animator:Shichika","floor":49,"key":"SMITH"}],"circlet_count":0,"master_deck":["AscendersBane","animator:Strike_TenSura","animator:Defend_TenSura","animator:Defend+1","animator:Defend","animator:Benimaru+1","animator:Shuna","animator:Mitsurugi+1","animator:Elsword+1","animator:Fredrika","animator:Gillette","animator:LizardPriest","animator:YuiTsuruno","animator:Emonzaemon+1","animator:HigakiRinne","animator:Kaijin+1","animator:Spearman+1","animator:LimeBell","animator:SilverFang+1","animator:HiiragiShinya","animator:AcuraAkari+1","animator:Albedo","animator:IrohaTamaki","animator:Viivi","animator:Vesta","animator:HiiragiShinya","animator:DolaCouronne+1","animator:Mikaela+1","animator:UneriGinkaku","animator:Shichika+1","animator:Demiurge","animator:Verdia"],"relics":["animator:LivingPicture","animator:TheMissingPiece","animator:PurgingStone","Thread and Needle","Eternal Feather","Oddly Smooth Stone","animator:HolyGrailRelic","Orichalcum","Bottled Lightning","Dream Catcher","Mark of Pain","TungstenRod","Lizard Tail"],"acts_visited":["Exordium","TheCity","TheBeyond"],"potions_floor_usage":[46],"damage_taken":[{"damage":0.0,"enemies":"Small Slimes","floor":1.0,"turns":4.0},{"damage":1.0,"enemies":"2 Louse","floor":2.0,"turns":3.0},{"damage":5.0,"enemies":"Jaw Worm","floor":5.0,"turns":3.0},{"damage":25.0,"enemies":"Lagavulin","floor":6.0,"turns":6.0},{"damage":16.0,"enemies":"3 Sentries","floor":11.0,"turns":7.0},{"damage":0.0,"enemies":"Blue Slaver","floor":12.0,"turns":3.0},{"damage":0.0,"enemies":"Gremlin Gang","floor":14.0,"turns":2.0},{"damage":6.0,"enemies":"Hexaghost","floor":16.0,"turns":8.0},{"damage":3.0,"enemies":"3 Byrds","floor":18.0,"turns":5.0},{"damage":0.0,"enemies":"Spheric Guardian","floor":19.0,"turns":2.0},{"damage":22.0,"enemies":"Slavers","floor":24.0,"turns":5.0},{"damage":3.0,"enemies":"Cultist and Chosen","floor":28.0,"turns":7.0},{"damage":20.0,"enemies":"Snecko","floor":30.0,"turns":6.0},{"damage":2.0,"enemies":"Book of Stabbing","floor":31.0,"turns":7.0},{"damage":47.0,"enemies":"Collector","floor":33.0,"turns":9.0},{"damage":4.0,"enemies":"3 Shapes","floor":35.0,"turns":4.0},{"damage":8.0,"enemies":"3 Darklings","floor":36.0,"turns":11.0},{"damage":25.0,"enemies":"4 Shapes","floor":37.0,"turns":7.0},{"damage":13.0,"enemies":"Sphere and 2 Shapes","floor":38.0,"turns":6.0},{"damage":8.0,"enemies":"3 Darklings","floor":41.0,"turns":8.0},{"damage":32.0,"enemies":"Spire Growth","floor":44.0,"turns":6.0},{"damage":8,"enemies":"Giant Head","floor":45,"turns":8},{"damage":16,"enemies":"Maw","floor":46,"turns":7},{"damage":18,"enemies":"Jaw Worm Horde","floor":48,"turns":7},{"damage":67,"enemies":"Awakened One","floor":50,"turns":15}],"seed_played":"-366885712719016776","potions_obtained":[{"floor":2.0,"key":"Energy Potion"},{"floor":5.0,"key":"LiquidMemories"},{"floor":12.0,"key":"AttackPotion"},{"floor":18.0,"key":"SpeedPotion"},{"floor":19.0,"key":"AttackPotion"},{"floor":30.0,"key":"Swift Potion"},{"floor":36.0,"key":"Regen Potion"},{"floor":37.0,"key":"Energy Potion"},{"floor":45,"key":"animator:FalseLifePotion"},{"floor":46,"key":"FairyPotion"}],"is_trial":false,"path_per_floor":["M","M","$","?","M","E","?","R","T","R","E","M","$","M","R","B",null,"M","M","?","?","?","R","E","R","T","$","M","R","M","E","R","B",null,"M","M","M","M","$","R","M","R","T","M","E","M","R","M","R","B",null],"character_chosen":"THE_ANIMATOR","items_purchased":["Energy Potion","Fruit Juice","animator:DolaCouronne"],"campfire_rested":1,"item_purchase_floors":[27,39,39],"current_hp_per_floor":[54,53,53,53,48,23,38,38,38,44,28,28,28,28,37,31,59,58,60,60,60,60,69,49,58,58,58,57,66,48,48,60,13,60,58,52,28,29,34,49,44,59,59,29,21,8,51,35,53,17],"gold":249,"neow_bonus":"HUNDRED_GOLD","is_daily":false,"chose_seed":false,"campfire_upgraded":10,"win_rate":0.0,"timestamp":1609587600,"path_taken":["M","M","$","?","M","E","?","R","T","R","E","M","$","M","R","BOSS","M","M","?","?","?","R","E","R","T","$","M","R","M","E","R","BOSS","M","M","M","M","$","R","M","R","T","?","E","M","R","M","R","BOSS"],"items_purchased_type":["Potion","Potion","Card"],"build_version":"2020-12-22","purchased_purges":3,"victory":true,"max_hp_per_floor":[60,60,60,60,60,60,60,60,60,60,60,60,57,57,57,57,65,67,69,69,69,69,69,71,71,71,71,73,73,75,77,77,75,75,77,79,77,74,79,79,82,82,82,84,81,84,84,86,86,83],"relic_stats":{"Dream Catcher":1,"Lizard Tail":0,"counters":[25,156],"Eternal Feather":120,"Orichalcum":[48],"obtain_stats":[{"animator:TheMissingPiece":0,"Oddly Smooth Stone":11,"Thread and Needle":6,"Eternal Feather":9,"Orichalcum":24,"animator:HolyGrailRelic":17,"Dream Catcher":31,"Lizard Tail":45,"animator:PurgingStone":0,"animator:LivingPicture":0,"Mark of Pain":34,"Bottled Lightning":26,"TungstenRod":43},{"animator:TheMissingPiece":0,"Oddly Smooth Stone":5,"Thread and Needle":4,"Eternal Feather":4,"Orichalcum":11,"animator:HolyGrailRelic":8,"Dream Catcher":14,"Lizard Tail":22,"animator:PurgingStone":0,"animator:LivingPicture":0,"Mark of Pain":15,"Bottled Lightning":11,"TungstenRod":20},{"animator:TheMissingPiece":0,"Oddly Smooth Stone":23,"Thread and Needle":16,"Eternal Feather":16,"Orichalcum":48,"animator:HolyGrailRelic":36,"Dream Catcher":68,"Lizard Tail":127,"animator:PurgingStone":0,"animator:LivingPicture":0,"Mark of Pain":77,"Bottled Lightning":48,"TungstenRod":113}],"TungstenRod":19},"card_choices":[{"not_picked":["animator:Yoichi","animator:Sonic"],"picked":"animator:Mitsurugi","floor":1.0},{"not_picked":["animator:DolaCouronne","animator:Darkness"],"picked":"animator:Elsword","floor":2.0},{"not_picked":["animator:DolaRiku","animator:EmiyaShirou"],"picked":"animator:Fredrika","floor":5.0},{"not_picked":["animator:Guy","animator:Viivi"],"picked":"animator:Gillette","floor":6.0},{"not_picked":["animator:Togame","animator:MumenRider"],"picked":"animator:LizardPriest","floor":11.0},{"not_picked":["animator:Verdia","animator:Shigure"],"picked":"animator:YuiTsuruno","floor":12.0},{"not_picked":["animator:Ara","animator:Tyuule"],"picked":"animator:Emonzaemon","floor":14.0},{"not_picked":["animator:Saber","animator:PinaCoLada"],"picked":"animator:HigakiRinne","floor":16.0},{"not_picked":["animator:Shuna","animator:Shion"],"picked":"animator:Kaijin","floor":18.0},{"not_picked":["animator:Verdia","animator:DolaStephanie"],"picked":"animator:Spearman","floor":19.0},{"not_picked":["animator:Shalltear","animator:Bozes","animator:MumenRider"],"picked":"SKIP","floor":24.0},{"not_picked":["animator:DwarfShaman","animator:ShinjiMatou"],"picked":"animator:SilverFang+1","floor":28.0},{"not_picked":["animator:Mikaela","animator:Mitsuba"],"picked":"animator:HiiragiShinya","floor":30.0},{"not_picked":["animator:NagisaMomoe","animator:GazelDwargon"],"picked":"animator:AcuraAkari","floor":31.0},{"not_picked":["animator:Hans","animator:MadokaKaname"],"picked":"animator:Albedo","floor":33.0},{"not_picked":["animator:Melzalgald","animator:PandorasActor"],"picked":"animator:IrohaTamaki","floor":35.0},{"not_picked":["animator:YachiyoNanami","animator:DolaRiku"],"picked":"animator:Viivi","floor":36.0},{"not_picked":["animator:GazelDwargon","animator:Shuna"],"picked":"animator:Vesta","floor":37.0},{"not_picked":["animator:Assassin","animator:Azekura"],"picked":"animator:HiiragiShinya","floor":38.0},{"not_picked":["animator:Rena","animator:Kazuma"],"picked":"animator:Mikaela","floor":41.0},{"not_picked":["animator:SuzuneAmano","animator:Archer"],"picked":"animator:UneriGinkaku","floor":44.0},{"not_picked":["animator:Konayuki","animator:ZankiKiguchi"],"picked":"animator:Shichika","floor":45},{"not_picked":["animator:Gillette","animator:KyokoSakura+1"],"picked":"animator:Demiurge","floor":46},{"not_picked":["animator:LeleiLaLalena","animator:Bozes"],"picked":"animator:Verdia","floor":48}],"player_experience":787636,"relics_obtained":[{"floor":6.0,"key":"Thread and Needle"},{"floor":9.0,"key":"Eternal Feather"},{"floor":11.0,"key":"Oddly Smooth Stone"},{"floor":24.0,"key":"Orichalcum"},{"floor":26.0,"key":"Bottled Lightning"},{"floor":31.0,"key":"Dream Catcher"},{"floor":43.0,"key":"TungstenRod"},{"floor":45,"key":"Lizard Tail"}],"event_choices":[{"cards_removed":["animator:Defend"],"damage_healed":0.0,"max_hp_gain":0.0,"max_hp_loss":0.0,"gold_gain":0.0,"event_name":"The Cleric","player_choice":"Card Removal","floor":4.0,"gold_loss":50.0,"damage_taken":0.0},{"damage_healed":15.0,"max_hp_gain":0.0,"max_hp_loss":0.0,"gold_gain":0.0,"event_name":"Mushrooms","player_choice":"Healed and dodged fight","floor":7.0,"gold_loss":0.0,"damage_taken":0.0,"cards_obtained":["Parasite"]},{"cards_removed":["animator:Strike"],"damage_healed":0.0,"max_hp_gain":0.0,"max_hp_loss":0.0,"gold_gain":0.0,"event_name":"Beggar","player_choice":"Gave Gold","floor":20.0,"gold_loss":75.0,"damage_taken":0.0},{"damage_healed":0.0,"max_hp_gain":0.0,"max_hp_loss":0.0,"gold_gain":0.0,"event_name":"Cursed Tome","player_choice":"Ignored","floor":21.0,"gold_loss":0.0,"damage_taken":0.0},{"damage_healed":0.0,"max_hp_gain":0.0,"max_hp_loss":0.0,"gold_gain":0.0,"event_name":"Match and Keep!","player_choice":"1 cards matched","floor":22.0,"gold_loss":0.0,"damage_taken":0.0,"cards_obtained":["animator:LimeBell"]}],"is_beta":false,"boss_relics":[{"not_picked":["Tiny House","Runic Dome"],"picked":"animator:HolyGrailRelic"},{"not_picked":["Astrolabe","Pandora\u0027s Box"],"picked":"Mark of Pain"}],"items_purged_floors":[3,13,27],"is_endless":false,"potions_floor_spawned":[2,5,12,18,19,30,31,36,37,45,46],"ascension_level":14}}