{"host":"143ld85m55v6o3h7","time":1609631802,"event":{"mods":["AchievementEnabler","BaseMod","DeckTracker","Minty Spire (QoL Compilation)","Permanent Neow","Rare Cards Sparkle","StSLib","everything is the same but u backflip on backflip"],"gold_per_floor":[118,131,146,146,161,187,187,222,222,222,222,222,286,303,303,398,398,408,397,140,157,192,192,218,218,218,233,233,247,247,267,267,362,362,376,393,409,190,190,217,227,227,254,254,108,108,124,124,124,124],"floor_reached":51,"playtime":1977,"items_purged":["Strike_G","Strike_G"],"score":812,"play_id":"efb2c5a6-c31c-4144-af68-32bb0c137cb2","local_time":"20210103085642","is_ascension_mode":false,"campfire_choices":[{"data":"Dash","floor":7.0,"key":"SMITH"},{"data":"Deadly Poison","floor":10.0,"key":"SMITH"},{"data":"Dagger Throw","floor":12.0,"key":"SMITH"},{"data":"Poisoned Stab","floor":15.0,"key":"SMITH"},{"data":"After Image","floor":23.0,"key":"SMITH"},{"data":"Footwork","floor":25.0,"key":"SMITH"},{"data":"Poisoned Stab","floor":28.0,"key":"SMITH"},{"data":"Bouncing Flask","floor":30.0,"key":"SMITH"},{"data":"Backflip","floor":32.0,"key":"SMITH"},{"data":"Burst","floor":42.0,"key":"SMITH"},{"data":"Noxious Fumes","floor":46,"key":"SMITH"},{"data":"Crippling Poison","floor":49,"key":"SMITH"}],"circlet_count":0,"master_deck":["Strike_G","Defend_G","Defend_G","Defend_G","Defend_G","Defend_G","Survivor","Neutralize","Backstab","Dagger Throw+1","Well Laid Plans+1","Dash+1","Dagger Spray","Endless Agony","Deadly Poison+1","Poisoned Stab+1","After Image+1","Backflip+1","Tactician","Prepared","Footwork+1","Bouncing Flask+1","Poisoned Stab+1","Acrobatics+1","Burst+1","Dodge and Roll","Dodge and Roll+1","Noxious Fumes+1","Crippling Poison+1","Calculated Gamble"],"relics":["Ring of the Snake","CaptainsWheel","PreservedInsect","Snake Skull","Eternal Feather","SlaversCollar","Red Mask","Boot","Strawberry","Philosopher\u0027s Stone","Molten Egg 2","Nunchaku","Pear","TwistedFunnel"],"acts_visited":["Exordium","TheCity","TheBeyond"],"potions_floor_usage":[50,50,50],"damage_taken":[{"damage":0.0,"enemies":"Jaw Worm","floor":1.0,"turns":5.0},{"damage":0.0,"enemies":"2 Louse","floor":2.0,"turns":1.0},{"damage":0.0,"enemies":"Small Slimes","floor":3.0,"turns":3.0},{"damage":0.0,"enemies":"Exordium Wildlife","floor":5.0,"turns":4.0},{"damage":43.0,"enemies":"Lagavulin","floor":6.0,"turns":9.0},{"damage":10.0,"enemies":"Gremlin Nob","floor":8.0,"turns":4.0},{"damage":4.0,"enemies":"3 Sentries","floor":13.0,"turns":3.0},{"damage":0.0,"enemies":"Red Slaver","floor":14.0,"turns":2.0},{"damage":0.0,"enemies":"Hexaghost","floor":16.0,"turns":8.0},{"damage":11.0,"enemies":"Spheric Guardian","floor":18.0,"turns":6.0},{"damage":9.0,"enemies":"2 Thieves","floor":19.0,"turns":4.0},{"damage":11.0,"enemies":"Snake Plant","floor":21.0,"turns":4.0},{"damage":3.0,"enemies":"Masked Bandits","floor":22.0,"turns":3.0},{"damage":0.0,"enemies":"Snecko","floor":27.0,"turns":4.0},{"damage":0.0,"enemies":"Cultist and Chosen","floor":29.0,"turns":4.0},{"damage":9.0,"enemies":"Centurion and Healer","floor":31.0,"turns":6.0},{"damage":17.0,"enemies":"Automaton","floor":33.0,"turns":8.0},{"damage":35.0,"enemies":"3 Darklings","floor":35.0,"turns":4.0},{"damage":8.0,"enemies":"3 Shapes","floor":36.0,"turns":4.0},{"damage":24.0,"enemies":"3 Darklings","floor":37.0,"turns":7.0},{"damage":20.0,"enemies":"Reptomancer","floor":40.0,"turns":5.0},{"damage":0.0,"enemies":"Sphere and 2 Shapes","floor":41.0,"turns":6.0},{"damage":14,"enemies":"Transient","floor":47,"turns":5},{"damage":0,"enemies":"Donu and Deca","floor":50,"turns":8}],"seed_played":"3707570435266044803","potions_obtained":[{"floor":3.0,"key":"Weak Potion"},{"floor":5.0,"key":"Regen Potion"},{"floor":13.0,"key":"Weak Potion"},{"floor":14.0,"key":"SpeedPotion"},{"floor":18.0,"key":"AttackPotion"},{"floor":21.0,"key":"DistilledChaos"},{"floor":22.0,"key":"FairyPotion"},{"floor":37.0,"key":"Dexterity Potion"},{"floor":40.0,"key":"Fruit Juice"},{"floor":41.0,"key":"PowerPotion"}],"is_trial":false,"path_per_floor":["M","M","M","?","M","E","R","E","T","R","?","R","?","M","R","B",null,"M","M","$","M","?","R","T","R","T","M","R","M","R","M","R","B",null,"M","M","M","$","?","E","M","R","T","T","$","R","M","?","R","B",null],"character_chosen":"THE_SILENT","items_purchased":["Prepared","Footwork","Fire Potion","SkillPotion","Noxious Fumes","Dexterity Potion","TwistedFunnel"],"campfire_rested":0,"item_purchase_floors":[20,20,20,20,38,38,45],"current_hp_per_floor":[70,70,70,63,63,35,35,30,30,30,30,30,26,26,35,35,70,59,50,50,39,36,51,51,66,73,73,77,77,77,68,77,60,77,42,34,10,10,10,23,28,43,43,53,53,68,54,54,72,72],"gold":124,"neow_bonus":"THREE_CARDS","is_daily":false,"chose_seed":false,"campfire_upgraded":12,"win_rate":0.0,"timestamp":1609631802,"path_taken":["M","M","M","?","M","E","R","E","T","R","?","R","?","M","R","BOSS","M","M","$","M","?","R","?","R","T","M","R","M","R","?","R","BOSS","M","M","M","$","?","E","M","R","T","?","$","R","M","?","R","BOSS"],"items_purchased_type":["Card","Card","Potion","Potion","Card","Potion","Relic"],"build_version":"2020-12-22","purchased_purges":2,"victory":true,"max_hp_per_floor":[70,70,70,70,70,70,70,70,70,70,70,70,70,70,70,70,70,70,70,70,70,70,70,70,70,77,77,77,77,77,77,77,77,77,77,77,77,77,77,77,82,82,82,92,92,92,92,92,92,92],"card_choices":[{"not_picked":["Infinite Blades","Leg Sweep"],"picked":"Backstab","floor":0.0},{"not_picked":["Sucker Punch","Escape Plan"],"picked":"Dagger Throw","floor":1.0},{"not_picked":["Leg Sweep","All Out Attack"],"picked":"Well Laid Plans","floor":2.0},{"not_picked":["Noxious Fumes","Leg Sweep"],"picked":"Dash","floor":3.0},{"not_picked":["Outmaneuver","Deflect"],"picked":"Dagger Spray","floor":5.0},{"not_picked":["Dagger Spray","Terror"],"picked":"Endless Agony","floor":6.0},{"not_picked":["Prepared","Well Laid Plans"],"picked":"Deadly Poison","floor":8.0},{"not_picked":["Calculated Gamble","Expertise"],"picked":"Poisoned Stab","floor":14.0},{"not_picked":["Doppelganger","Tools of the Trade"],"picked":"After Image","floor":16.0},{"not_picked":["Dagger Spray","Flechettes+1"],"picked":"Backflip","floor":18.0},{"not_picked":["Flechettes","Deadly Poison+1"],"picked":"Tactician","floor":19.0},{"not_picked":["Finisher","Footwork+1"],"picked":"Bouncing Flask","floor":21.0},{"not_picked":["PiercingWail","Tactician+1"],"picked":"Poisoned Stab","floor":22.0},{"not_picked":["Dodge and Roll+1","Dagger Spray"],"picked":"Acrobatics+1","floor":27.0},{"not_picked":["Predator+1","Distraction","Quick Slash"],"picked":"SKIP","floor":29.0},{"not_picked":["Dagger Spray","Tactician","Deflect"],"picked":"SKIP","floor":31.0},{"not_picked":["After Image","Phantasmal Killer"],"picked":"Burst","floor":33.0},{"not_picked":["Dagger Spray+1","Prepared+1","Backflip"],"picked":"SKIP","floor":35.0},{"not_picked":["Underhanded Strike","Finisher"],"picked":"Dodge and Roll","floor":36.0},{"not_picked":["Masterful Stab","Outmaneuver+1"],"picked":"Dodge and Roll+1","floor":37.0},{"not_picked":["Poisoned Stab+1","Backflip"],"picked":"Crippling Poison","floor":40.0},{"not_picked":["Bouncing Flask","All Out Attack+1","Poisoned Stab+1"],"picked":"SKIP","floor":41.0},{"not_picked":["Calculated Gamble","Caltrops+1","Malaise"],"picked":"SKIP","floor":47},{"not_picked":["Caltrops+1","Malaise"],"picked":"Calculated Gamble","floor":47}],"player_experience":1410,"relics_obtained":[{"floor":6.0,"key":"CaptainsWheel"},{"floor":8.0,"key":"PreservedInsect"},{"floor":9.0,"key":"Snake Skull"},{"floor":22.0,"key":"Red Mask"},{"floor":24.0,"key":"Boot"},{"floor":26.0,"key":"Strawberry"},{"floor":40.0,"key":"Molten Egg 2"},{"floor":43.0,"key":"Nunchaku"},{"floor":44.0,"key":"Pear"}],"event_choices":[{"cards_removed":["Strike_G"],"damage_healed":0.0,"max_hp_gain":0.0,"max_hp_loss":0.0,"gold_gain":0.0,"event_name":"Golden Wing","player_choice":"Card Removal","floor":4.0,"gold_loss":0.0,"damage_taken":7.0},{"damage_healed":0.0,"max_hp_gain":0.0,"max_hp_loss":0.0,"gold_gain":0.0,"event_name":"Living Wall","player_choice":"Grow","floor":11.0,"gold_loss":0.0,"damage_taken":0.0,"cards_upgraded":["Well Laid Plans"]},{"damage_healed":0.0,"max_hp_gain":0.0,"max_hp_loss":0.0,"gold_gain":0.0,"event_name":"Dead Adventurer","player_choice":"Searched \u00273\u0027 times","floor":13.0,"gold_loss":0.0,"damage_taken":0.0,"relics_obtained":["Eternal Feather"]},{"damage_healed":0.0,"max_hp_gain":0.0,"max_hp_loss":0.0,"gold_gain":0.0,"event_name":"Masked Bandits","player_choice":"Fought Bandits","floor":22.0,"gold_loss":0.0,"damage_taken":0.0},{"cards_removed":["Strike_G"],"damage_healed":0.0,"max_hp_gain":0.0,"max_hp_loss":0.0,"gold_gain":0.0,"event_name":"Falling","player_choice":"Removed Attack","floor":39.0,"gold_loss":0.0,"damage_taken":0.0},{"damage_healed":0,"gold_gain":0,"player_choice":"Ignored","damage_taken":0,"max_hp_gain":0,"max_hp_loss":0,"event_name":"SecretPortal","floor":48,"gold_loss":0}],"is_beta":false,"boss_relics":[{"not_picked":["HoveringKite","SacredBark"],"picked":"SlaversCollar"},{"not_picked":["Snecko Eye","Fusion Hammer"],"picked":"Philosopher\u0027s Stone"}],"items_purged_floors":[20,38],"is_endless":false,"potions_floor_spawned":[3,5,13,14,18,21,22,37,40,41,47],"ascension_level":0}}