{"host":"s46wxd55b7oh5kab","time":1609573516,"event":{"mods":["2.2 Compatiblity","BaseMod","Minty Spire (QoL Compilation)","StSLib","The Bug Knight"],"gold_per_floor":[110,29,29,29,29,58,69,69,92,110,110,124,150,162,162,162,162],"floor_reached":16,"playtime":926,"items_purged":[],"score":135,"play_id":"5c54baf1-3bd2-4b1e-9f26-fbb357cd207d","local_time":"20210102164516","is_ascension_mode":false,"campfire_choices":[{"floor":15,"key":"REST"}],"circlet_count":0,"master_deck":["HollowMod:NailStrikeStart","HollowMod:NailStrikeStart","HollowMod:NailStrikeStart","HollowMod:QuickDashStart","HollowMod:QuickDashStart","HollowMod:QuickDashStart","HollowMod:QuickDashStart","HollowMod:FocusHealStart","HollowMod:PogoStrike","HollowMod:FallenFury+1","HollowMod:SoulVessel","HollowMod:BlackTendrils","HollowMod:DesolateDive","HollowMod:CycloneSlash","HollowMod:GrimmsGift","HollowMod:MothsMistake"],"relics":["HollowMod:VesselMask","NeowsBlessing","Boot","Lantern","Blue Candle"],"acts_visited":["Exordium"],"potions_floor_usage":[16,16],"damage_taken":[{"damage":0.0,"enemies":"Cultist","floor":1.0,"turns":1.0},{"damage":0,"enemies":"Gremlin Nob","floor":6,"turns":1},{"damage":0,"enemies":"Jaw Worm","floor":7,"turns":1},{"damage":0,"enemies":"2 Louse","floor":10,"turns":2},{"damage":6,"enemies":"Exordium Wildlife","floor":12,"turns":4},{"damage":70,"enemies":"Lagavulin","floor":13,"turns":13},{"damage":7,"enemies":"2 Fungi Beasts","floor":14,"turns":4},{"damage":51,"enemies":"Hexaghost","floor":16,"turns":9}],"seed_played":"-5123831947163936926","potions_obtained":[{"floor":1.0,"key":"Explosive Potion"},{"floor":10,"key":"Swift Potion"},{"floor":12,"key":"Ancient Potion"},{"floor":14,"key":"Energy Potion"}],"is_trial":false,"path_per_floor":["M","$","?","$","?","E","M","$","T","M","?","M","E","M","R","B"],"character_chosen":"THE_BUGKNIGHT","items_purchased":["HollowMod:SoulVessel"],"campfire_rested":1,"item_purchase_floors":[2],"current_hp_per_floor":[75,75,80,80,80,80,80,80,80,80,80,76,17,12,36,0,0],"gold":162,"neow_bonus":"THREE_ENEMY_KILL","is_daily":false,"chose_seed":false,"campfire_upgraded":0,"win_rate":0.0,"timestamp":1609573516,"path_taken":["M","?","?","$","?","E","M","$","T","?","?","?","E","M","R","BOSS"],"items_purchased_type":["Card"],"build_version":"2020-12-22","purchased_purges":0,"victory":false,"max_hp_per_floor":[75,75,80,80,80,80,80,80,80,80,80,80,80,80,80,80,80],"card_choices":[{"not_picked":["HollowMod:RecoilStrike","HollowMod:InfectedCysts"],"picked":"HollowMod:FallenFury","floor":1.0},{"not_picked":["HollowMod:PureNailStrike","HollowMod:VengefulVoid","HollowMod:DashSlash"],"picked":"SKIP","floor":6},{"not_picked":["HollowMod:VengefulSpirit","HollowMod:MonarchWings"],"picked":"HollowMod:BlackTendrils","floor":7},{"not_picked":["HollowMod:NewLittleFool","HollowMod:SoulStrike"],"picked":"HollowMod:DesolateDive","floor":10},{"not_picked":["HollowMod:ShapeofUnn","HollowMod:GoodIntentions"],"picked":"HollowMod:CycloneSlash","floor":12},{"not_picked":["HollowMod:DreamGate","HollowMod:InfectedCysts"],"picked":"HollowMod:GrimmsGift","floor":13},{"not_picked":["HollowMod:HeavyBlow","HollowMod:AbyssShriek"],"picked":"HollowMod:MothsMistake","floor":14}],"player_experience":81505,"relics_obtained":[{"floor":6,"key":"Boot"},{"floor":9,"key":"Lantern"},{"floor":13,"key":"Blue Candle"}],"event_choices":[{"damage_healed":0.0,"max_hp_gain":5.0,"max_hp_loss":0.0,"gold_gain":0.0,"event_name":"Big Fish","player_choice":"Donut","floor":3.0,"gold_loss":0.0,"damage_taken":0.0},{"damage_healed":0,"gold_gain":0,"player_choice":"Grow","damage_taken":0,"max_hp_gain":0,"max_hp_loss":0,"event_name":"Living Wall","floor":5,"gold_loss":0,"cards_upgraded":["HollowMod:FallenFury"]},{"cards_removed":["HollowMod:NailStrikeStart"],"damage_healed":0,"gold_gain":0,"player_choice":"Purged","damage_taken":0,"max_hp_gain":0,"max_hp_loss":0,"event_name":"Purifier","floor":11,"gold_loss":0}],"is_beta":false,"boss_relics":[],"items_purged_floors":[],"is_endless":false,"potions_floor_spawned":[1,10,12,14],"killed_by":"Hexaghost","ascension_level":0}}