{"host":"wgmbtq7u7cgqo6r7","time":1609567104,"event":{"mods":["BaseMod","Colored Powertips","Marisa（霧雨　魔理沙）","Minty Spire (QoL Compilation)","Rare Cards Sparkle","StSLib","everything is the same but u backflip on backflip"],"gold_per_floor":[119,137,147,167,183,199,199,199,199,199,212,223,223,223,223,323,323,342,360,4,18,18,18],"floor_reached":22,"playtime":1330,"items_purged":[],"score":191,"play_id":"13fcee69-c9f8-4681-861c-07af0c938bbb","local_time":"20210102005824","is_ascension_mode":true,"campfire_choices":[{"floor":7,"key":"REST"},{"floor":10,"key":"REST"},{"floor":13,"key":"RECALL"},{"data":"6A","floor":15,"key":"SMITH"}],"circlet_count":0,"master_deck":["Strike_MRS","Strike_MRS","Strike_MRS","Strike_MRS","Defend_MRS","Defend_MRS","Defend_MRS","Defend_MRS","MasterSpark","UpSweep","SatelliteIllusion+1","EarthLightRay","GrandCross","MagicChant","6A+1","EnergyRecoil","Regret","ShootTheMoon","UltimateShortwave","LuminesStrike","GalacticHalo","Singularity","StarlightTyphoon","GalacticHalo"],"relics":["MiniHakkero","Tiny Chest","Snecko Eye","Membership Card","Mango"],"acts_visited":["Exordium","TheCity"],"potions_floor_usage":[16,16,16,21],"damage_taken":[{"damage":0,"enemies":"Small Slimes","floor":1,"turns":3},{"damage":1,"enemies":"2 Louse","floor":2,"turns":2},{"damage":0,"enemies":"Cultist","floor":3,"turns":2},{"damage":8,"enemies":"3 Louse","floor":4,"turns":3},{"damage":18,"enemies":"Large Slime","floor":5,"turns":6},{"damage":5,"enemies":"Exordium Wildlife","floor":6,"turns":3},{"damage":14,"enemies":"Lots of Slimes","floor":11,"turns":5},{"damage":12,"enemies":"Looter","floor":12,"turns":3},{"damage":34,"enemies":"Slime Boss","floor":16,"turns":11},{"damage":24,"enemies":"3 Byrds","floor":18,"turns":5},{"damage":5,"enemies":"Spheric Guardian","floor":19,"turns":2},{"damage":32,"enemies":"Snecko","floor":21,"turns":4},{"damage":38,"enemies":"Centurion and Healer","floor":22,"turns":7}],"seed_played":"8611065433002745828","potions_obtained":[{"floor":4,"key":"SkillPotion"},{"floor":6,"key":"ShroomBrew"},{"floor":12,"key":"Weak Potion"},{"floor":16,"key":"AttackPotion"},{"floor":18,"key":"Dexterity Potion"}],"is_trial":false,"path_per_floor":["M","M","M","M","M","M","R","?","T","R","M","M","R","?","R","B",null,"M","M","$","M","M"],"character_chosen":"MARISA","items_purchased":["Membership Card","Singularity","Mango","StarlightTyphoon"],"campfire_rested":2,"item_purchase_floors":[20,20,20,20],"current_hp_per_floor":[54,57,61,53,39,38,60,60,60,75,65,53,53,53,53,23,75,51,50,64,38,0,0],"gold":18,"neow_bonus":"THREE_RARE_CARDS","is_daily":false,"chose_seed":false,"campfire_upgraded":1,"win_rate":0.0,"timestamp":1609567104,"path_taken":["M","M","M","M","M","M","R","?","T","R","M","M","R","?","R","BOSS","M","M","$","M","M"],"items_purchased_type":["Relic","Card","Relic","Card"],"build_version":"2020-12-22","purchased_purges":0,"victory":false,"max_hp_per_floor":[75,75,75,75,75,75,75,75,75,75,75,75,75,75,75,75,75,75,75,89,89,89,89],"card_choices":[{"not_picked":["MaximisePower","BinaryStars"],"picked":"SatelliteIllusion","floor":0},{"not_picked":["AsteroidBelt","LuminesStrike"],"picked":"EarthLightRay","floor":1},{"not_picked":["LuminesStrike","ChargingUp"],"picked":"GrandCross","floor":2},{"not_picked":["Orbital","WitchOfGreed"],"picked":"MagicChant","floor":3},{"not_picked":["DarkSpark","WitchOfGreed"],"picked":"6A","floor":4},{"not_picked":["OneTimeOff","Orbital","MysteriousBeam"],"picked":"SKIP","floor":5},{"not_picked":["FairyDestructionRay","UnstableBomb"],"picked":"EnergyRecoil","floor":6},{"not_picked":["OrrerysSun","WitchOfGreed"],"picked":"ShootTheMoon","floor":11},{"not_picked":["IllusionStar","EnergyRecoil","ChargingUp"],"picked":"SKIP","floor":12},{"not_picked":["AbsoluteMagnitude","EscapeVelocity"],"picked":"UltimateShortwave","floor":16},{"not_picked":["IllusionStar","GasGiant"],"picked":"LuminesStrike","floor":18},{"not_picked":["ShootingEcho","IllusionStar"],"picked":"GalacticHalo","floor":19},{"not_picked":["DC","LuminesStrike"],"picked":"GalacticHalo","floor":21}],"player_experience":119963,"relics_obtained":[],"event_choices":[{"damage_healed":0,"gold_gain":0,"player_choice":"Box","damage_taken":0,"relics_obtained":["Tiny Chest"],"max_hp_gain":0,"max_hp_loss":0,"event_name":"Big Fish","floor":8,"gold_loss":0,"cards_obtained":["Regret"]},{"damage_healed":0,"gold_gain":0,"player_choice":"Upgraded","damage_taken":0,"max_hp_gain":0,"max_hp_loss":0,"event_name":"Upgrade Shrine","floor":14,"gold_loss":0,"cards_upgraded":["SatelliteIllusion"]}],"is_beta":false,"boss_relics":[{"not_picked":["Calling Bell","Empty Cage"],"picked":"Snecko Eye"}],"items_purged_floors":[],"is_endless":false,"potions_floor_spawned":[4,6,12,16,18],"killed_by":"Centurion and Healer","ascension_level":1}}