{"host":"a2lvm7nbw6nkrc91","time":1609583030,"event":{"mods":["BaseMod","Friendly Minions","Hermit","Kiyohime£¨?ýï£©","Koishi","Marisa£¨Ùöéë¡¡Øª×âÞÞ£©","Minty Spire (QoL Compilation)","Prisma Mod","Replay The Spire","StSLib","Td1madao Mod","The Bug Knight","The Dragon Tamer"],"gold_per_floor":[109,122,122,138,12,43,43,54,80,107,130,143,154,154,154,251,251,271,285,62,72,86,86,11,11,11,26,26,51,51,24,24,24,24],"floor_reached":33,"playtime":1083,"items_purged":[],"score":277,"play_id":"5bb1f288-42e0-436f-8d97-cd069c64708b","local_time":"20210102192350","is_ascension_mode":false,"campfire_choices":[{"data":"hermit:GoldenBullet","floor":7,"key":"SMITH"},{"floor":15,"key":"REST"},{"floor":23,"key":"REST"},{"data":"hermit:CursedWeapon","floor":28,"key":"SMITH"},{"floor":32,"key":"REST"}],"circlet_count":0,"master_deck":["hermit:Strike_Hermit","hermit:Strike_Hermit","hermit:Strike_Hermit","hermit:Defend_Hermit","hermit:Defend_Hermit","hermit:Snapshot","hermit:Covet","hermit:GoldenBullet+1","hermit:Deadeye+1","hermit:Headshot","hermit:ShadowCloak","hermit:Vantage","hermit:Grudge","hermit:HighCaliber","hermit:Dive","hermit:CalledShot","hermit:CursedWeapon+1","hermit:Reprieve","hermit:Quickdraw","hermit:Shortfuse","hermit:Determination","hermit:Headshot+1","hermit:GoldenBullet","Hallucinations","hermit:TakeAim","Decay","hermit:Manifest"],"relics":["hermit:Momento","NeowsBlessing","Replay:Mystery Machine","Orichalcum","Pet Ghost","Mercury Hourglass","Odd Mushroom","Empty Cage","ReplayFunnel","Ring of Fury","Ring of Hypnosis","White Beast Statue","Gremlin Food"],"acts_visited":["Exordium","TheCity"],"potions_floor_usage":[10,16,29,33,33],"damage_taken":[{"damage":0,"enemies":"2 Louse","floor":1,"turns":1},{"damage":0,"enemies":"Jaw Worm","floor":2,"turns":1},{"damage":0,"enemies":"Cultist","floor":4,"turns":1},{"damage":29,"enemies":"Lagavulin","floor":6,"turns":5},{"damage":3,"enemies":"3 Louse","floor":8,"turns":4},{"damage":16,"enemies":"HollowMod:MossKnight","floor":10,"turns":8},{"damage":6,"enemies":"The Mushroom Lair","floor":11,"turns":2},{"damage":6,"enemies":"Blue Slaver","floor":12,"turns":2},{"damage":2,"enemies":"Large Slime","floor":13,"turns":3},{"damage":30,"enemies":"The Guardian","floor":16,"turns":9},{"damage":3,"enemies":"Chosen","floor":18,"turns":3},{"damage":7,"enemies":"Shell Parasite","floor":19,"turns":4},{"damage":33,"enemies":"Snake Plant","floor":21,"turns":4},{"damage":20,"enemies":"Shelled Parasite and Fungi","floor":22,"turns":4},{"damage":2,"enemies":"Snecko","floor":27,"turns":3},{"damage":44,"enemies":"Book of Stabbing","floor":29,"turns":5},{"damage":38,"enemies":"Pondfish","floor":33,"turns":9}],"seed_played":"7483680873944800274","potions_obtained":[{"floor":1,"key":"Elixir"},{"floor":8,"key":"LifebloodPotion"},{"floor":12,"key":"FearPotion"},{"floor":16,"key":"GamblersBrew"},{"floor":22,"key":"hermit:Tonic"},{"floor":29,"key":"Swift Potion"}],"is_trial":false,"path_per_floor":["M","M","?","M","$","E","R","M","T","E","?","M","M","?","R","B",null,"M","M","$","M","M","R","?","?","T","M","R","E","?","$","R","B"],"character_chosen":"HERMIT","items_purchased":["hermit:ShadowCloak","hermit:Vantage","hermit:Determination","ReplayFunnel","hermit:Manifest"],"campfire_rested":3,"item_purchase_floors":[5,5,20,20,31],"current_hp_per_floor":[75,75,72,72,72,43,43,40,40,24,18,12,10,10,32,2,75,75,68,68,39,19,41,41,41,41,47,47,3,3,3,25,0,0],"gold":24,"neow_bonus":"THREE_ENEMY_KILL","is_daily":false,"chose_seed":false,"campfire_upgraded":2,"win_rate":0.0,"timestamp":1609583030,"path_taken":["M","M","?","M","$","E","R","M","T","E","?","?","?","?","R","BOSS","M","M","$","M","M","R","?","?","T","M","R","E","?","$","R","BOSS"],"items_purchased_type":["Card","Card","Card","Relic","Card"],"build_version":"2020-12-22","purchased_purges":0,"victory":false,"max_hp_per_floor":[75,75,75,75,75,75,75,75,75,75,75,75,75,75,75,75,75,75,75,75,75,75,75,75,75,75,75,75,75,75,75,75,75,75],"card_choices":[{"not_picked":["hermit:TrackingShot","hermit:Coalescence"],"picked":"hermit:GoldenBullet","floor":1},{"not_picked":["hermit:GhostlyPresence","hermit:ItchyTrigger"],"picked":"hermit:Deadeye","floor":2},{"not_picked":["hermit:LowProfile","hermit:Manifest"],"picked":"hermit:Headshot","floor":4},{"not_picked":["hermit:NoHoldsBarred","hermit:LuckOfTheDraw"],"picked":"hermit:Grudge","floor":6},{"not_picked":["hermit:NoHoldsBarred","hermit:LowProfile"],"picked":"hermit:HighCaliber","floor":8},{"not_picked":["hermit:Misfire","hermit:HighCaliber","hermit:LuckOfTheDraw"],"picked":"SKIP","floor":10},{"not_picked":["hermit:LowProfile","hermit:DeadMansHand"],"picked":"hermit:Dive","floor":11},{"not_picked":["hermit:Scavenge","hermit:Quickdraw"],"picked":"hermit:CalledShot","floor":12},{"not_picked":["hermit:LowProfile","hermit:BigShot"],"picked":"hermit:CursedWeapon","floor":13},{"not_picked":["hermit:Adapt","hermit:FinalCanter"],"picked":"hermit:Reprieve","floor":16},{"not_picked":["hermit:Coalescence","hermit:Virtue+1"],"picked":"hermit:Quickdraw","floor":18},{"not_picked":["hermit:TrackingShot","hermit:Horror+1"],"picked":"hermit:Shortfuse","floor":19},{"not_picked":["hermit:Feint","hermit:HoleUp+1"],"picked":"hermit:Headshot+1","floor":21},{"not_picked":["hermit:HoleUp","hermit:Quickdraw+1"],"picked":"hermit:GoldenBullet","floor":22},{"not_picked":["hermit:HoleUp","hermit:CalledShot+1"],"picked":"hermit:TakeAim","floor":27},{"not_picked":["hermit:HoleUp","hermit:Gestalt","hermit:TrackingShot"],"picked":"SKIP","floor":29}],"player_experience":516217,"relics_obtained":[{"floor":6,"key":"Orichalcum"},{"floor":9,"key":"Pet Ghost"},{"floor":10,"key":"Mercury Hourglass"},{"floor":11,"key":"Odd Mushroom"},{"floor":25,"key":"Ring of Fury"},{"floor":25,"key":"Ring of Hypnosis"},{"floor":26,"key":"White Beast Statue"},{"floor":29,"key":"Gremlin Food"}],"event_choices":[{"damage_healed":0,"gold_gain":0,"player_choice":"Success","damage_taken":3,"relics_obtained":["Replay:Mystery Machine"],"max_hp_gain":0,"max_hp_loss":0,"event_name":"Scrap Ooze","floor":3,"gold_loss":0},{"damage_healed":0,"gold_gain":0,"player_choice":"Fought Mushrooms","damage_taken":0,"max_hp_gain":0,"max_hp_loss":0,"event_name":"Mushrooms","floor":11,"gold_loss":0},{"damage_healed":0,"gold_gain":0,"player_choice":"Ignored","damage_taken":0,"max_hp_gain":0,"max_hp_loss":0,"event_name":"Shining Light","floor":14,"gold_loss":0},{"cards_removed":["hermit:Defend_Hermit"],"damage_healed":0,"gold_gain":0,"player_choice":"Gave Gold","damage_taken":0,"max_hp_gain":0,"max_hp_loss":0,"event_name":"Beggar","floor":24,"gold_loss":75},{"damage_healed":0,"gold_gain":0,"player_choice":"Smashed Altar","damage_taken":0,"max_hp_gain":0,"max_hp_loss":0,"event_name":"Forgotten Altar","floor":30,"gold_loss":0,"cards_obtained":["Decay"]}],"is_beta":false,"boss_relics":[{"not_picked":["SlaversCollar","Replay:Ancient Bell"],"picked":"Empty Cage"}],"items_purged_floors":[],"is_endless":false,"potions_floor_spawned":[1,8,12,16,22,27,29],"killed_by":"Pondfish","ascension_level":0}}