{"host":"axuns55dzq466eei","time":1609599745,"event":{"mods":["BaseMod","Colored Map","Keyboard Shortcuts","Minty Spire (QoL Compilation)","StSLib","SuperFastMode"],"gold_per_floor":[118,135,135,60,3,36,36,53,53,84,84,102,27,27,27,27,27],"floor_reached":16,"playtime":256,"items_purged":["Strike_G"],"score":216,"play_id":"adb1744d-0be0-429b-915c-6aec7af44fc1","local_time":"20210103000225","is_ascension_mode":true,"campfire_choices":[{"floor":7.0,"key":"REST"},{"data":"Prepared","floor":11.0,"key":"SMITH"},{"data":"Calculated Gamble","floor":15.0,"key":"SMITH"}],"circlet_count":0,"master_deck":["AscendersBane","Strike_G","Strike_G","Defend_G","Defend_G","Defend_G","Defend_G","Survivor","Neutralize","Deadly Poison","Eviscerate","Prepared+1","Underhanded Strike","Tactician","Predator","Calculated Gamble+1"],"relics":["Ring of the Snake","Sundial","Bag of Marbles","Potion Belt","Question Card"],"acts_visited":["Exordium"],"potions_floor_usage":[16],"damage_taken":[{"damage":1.0,"enemies":"Jaw Worm","floor":1.0,"turns":2.0},{"damage":0.0,"enemies":"Small Slimes","floor":2.0,"turns":3.0},{"damage":28.0,"enemies":"Gremlin Nob","floor":6.0,"turns":4.0},{"damage":0.0,"enemies":"Cultist","floor":8.0,"turns":2.0},{"damage":14.0,"enemies":"Lagavulin","floor":10.0,"turns":4.0},{"damage":0.0,"enemies":"Large Slime","floor":12.0,"turns":3.0},{"damage":33,"enemies":"Slime Boss","floor":16,"turns":7}],"seed_played":"6210982860588145139","potions_obtained":[{"floor":2.0,"key":"LiquidMemories"},{"floor":6.0,"key":"GamblersBrew"}],"is_trial":false,"path_per_floor":["M","M","?","?","?","E","R","M","T","E","R","M","$","?","R","B"],"character_chosen":"THE_SILENT","items_purchased":[],"campfire_rested":1,"item_purchase_floors":[],"current_hp_per_floor":[43,43,48,48,48,20,41,41,41,27,27,27,27,27,27,0,0],"gold":27,"neow_bonus":"TRANSFORM_TWO_CARDS","is_daily":false,"chose_seed":false,"campfire_upgraded":2,"win_rate":0.0,"timestamp":1609599745,"path_taken":["M","M","?","?","?","E","R","?","T","E","R","M","$","?","R","BOSS"],"items_purchased_type":[],"build_version":"2020-12-22","purchased_purges":1,"victory":false,"max_hp_per_floor":[66,66,71,71,71,71,71,71,71,71,71,71,71,71,71,71,71],"card_choices":[{"not_picked":["Underhanded Strike","Flechettes"],"picked":"Prepared","floor":1.0},{"not_picked":["Slice","Acrobatics"],"picked":"Underhanded Strike","floor":2.0},{"not_picked":["Flying Knee","Poisoned Stab"],"picked":"Tactician","floor":6.0},{"not_picked":["Footwork","Tactician"],"picked":"Predator","floor":8.0},{"not_picked":["Deadly Poison","Catalyst","Die Die Die"],"picked":"SKIP","floor":10.0},{"not_picked":["Quick Slash","Escape Plan","Tactician"],"picked":"Calculated Gamble","floor":12.0}],"player_experience":1056369,"relics_obtained":[{"floor":6.0,"key":"Bag of Marbles"},{"floor":9.0,"key":"Potion Belt"},{"floor":10.0,"key":"Question Card"}],"event_choices":[{"damage_healed":0.0,"max_hp_gain":5.0,"max_hp_loss":0.0,"gold_gain":0.0,"event_name":"Big Fish","player_choice":"Donut","floor":3.0,"gold_loss":0.0,"damage_taken":0.0},{"cards_removed":["Strike_G"],"damage_healed":0.0,"max_hp_gain":0.0,"max_hp_loss":0.0,"gold_gain":0.0,"event_name":"The Cleric","player_choice":"Card Removal","floor":4.0,"gold_loss":75.0,"damage_taken":0.0},{"damage_healed":0.0,"max_hp_gain":0.0,"max_hp_loss":0.0,"gold_gain":0.0,"event_name":"WeMeetAgain","player_choice":"Paid Gold","floor":5.0,"gold_loss":57.0,"damage_taken":0.0,"relics_obtained":["Sundial"]},{"damage_healed":0.0,"max_hp_gain":0.0,"max_hp_loss":0.0,"gold_gain":0.0,"event_name":"Liars Game","player_choice":"Ignored","floor":14.0,"gold_loss":0.0,"damage_taken":0.0}],"is_beta":false,"boss_relics":[],"items_purged_floors":[13],"is_endless":false,"potions_floor_spawned":[2,6],"killed_by":"Slime Boss","ascension_level":20}}