{"host":"1bmpebsu0h6jmm2g","time":1609587850,"event":{"mods":["BaseMod","Colored Map","Highlight Path","Keyboard Shortcuts","Minty Spire (QoL Compilation)","Permanent Neow","Quick Restart","Relic Stats","Slay the Relics Exporter","StSLib","SuperFastMode"],"gold_per_floor":[110,35,49,69,80,80,111,111,111,111,122,139,139,164,164,235,235,245,245,258,37,52,84,84,100,127,52,52,67,67,67,67,67,67],"floor_reached":33,"playtime":569,"items_purged":["Strike_G","Strike_G"],"score":554,"play_id":"c4384b55-c796-41b9-bbf1-10d552267c86","local_time":"20210102204410","is_ascension_mode":true,"campfire_choices":[{"data":"Poisoned Stab","floor":6.0,"key":"SMITH"},{"floor":8.0,"key":"REST"},{"data":"Blade Dance","floor":10.0,"key":"SMITH"},{"data":"Noxious Fumes","floor":13.0,"key":"SMITH"},{"data":"Crippling Poison","floor":15.0,"key":"SMITH"},{"floor":24.0,"key":"REST"},{"data":"Accuracy","floor":32,"key":"SMITH"}],"circlet_count":0,"master_deck":["AscendersBane","Strike_G","Strike_G","Defend_G","Defend_G","Defend_G","Defend_G","Defend_G","Survivor","Neutralize","Poisoned Stab","Poisoned Stab+1","Blade Dance+1","Blade Dance","Noxious Fumes+1","Crippling Poison+1","Heel Hook","Accuracy","Catalyst","Accuracy+1"],"relics":["Ring of the Snake","Regal Pillow","CaptainsWheel","Paper Crane","Meat on the Bone","Runic Pyramid","Enchiridion","Membership Card","Oddly Smooth Stone","Omamori","Singing Bowl"],"acts_visited":["Exordium","TheCity"],"potions_floor_usage":[33,33],"damage_taken":[{"damage":4.0,"enemies":"Cultist","floor":1.0,"turns":4.0},{"damage":2.0,"enemies":"Jaw Worm","floor":3.0,"turns":4.0},{"damage":7.0,"enemies":"Small Slimes","floor":4.0,"turns":3.0},{"damage":9.0,"enemies":"2 Fungi Beasts","floor":5.0,"turns":4.0},{"damage":32.0,"enemies":"Gremlin Nob","floor":7.0,"turns":4.0},{"damage":1.0,"enemies":"Red Slaver","floor":11.0,"turns":4.0},{"damage":0.0,"enemies":"Blue Slaver","floor":12.0,"turns":3.0},{"damage":22.0,"enemies":"Lagavulin","floor":14.0,"turns":7.0},{"damage":9.0,"enemies":"The Guardian","floor":16.0,"turns":8.0},{"damage":9.0,"enemies":"Spheric Guardian","floor":18.0,"turns":5.0},{"damage":10.0,"enemies":"2 Thieves","floor":20.0,"turns":3.0},{"damage":1.0,"enemies":"Snake Plant","floor":22.0,"turns":4.0},{"damage":30.0,"enemies":"Slavers","floor":23.0,"turns":4.0},{"damage":14.0,"enemies":"Shelled Parasite and Fungi","floor":25.0,"turns":4.0},{"damage":0,"enemies":"3 Cultists","floor":29,"turns":4},{"damage":31,"enemies":"Automaton","floor":33,"turns":6}],"seed_played":"-9020768754161674692","potions_obtained":[{"floor":4.0,"key":"Energy Potion"},{"floor":5.0,"key":"Dexterity Potion"},{"floor":16.0,"key":"CunningPotion"},{"floor":22.0,"key":"Swift Potion"},{"floor":25.0,"key":"FearPotion"}],"is_trial":false,"path_per_floor":["M","$","M","M","M","R","E","R","T","R","M","M","R","E","R","B",null,"M","?","M","$","M","E","R","M","T","?","?","M","?","?","R","B"],"character_chosen":"THE_SILENT","items_purchased":["Membership Card"],"campfire_rested":2,"item_purchase_floors":[21],"current_hp_per_floor":[55,55,53,46,37,37,5,39,39,39,38,38,38,16,16,19,54,45,24,26,26,37,19,53,39,39,39,39,39,39,39,39,8,8],"gold":67,"neow_bonus":"RANDOM_COMMON_RELIC","is_daily":false,"chose_seed":false,"campfire_upgraded":5,"win_rate":0.0,"timestamp":1609587850,"path_taken":["M","?","?","M","M","R","E","R","T","R","M","?","R","E","R","BOSS","M","?","M","$","M","E","R","M","T","?","?","?","?","?","R","BOSS"],"items_purchased_type":["Relic"],"build_version":"2020-12-22","purchased_purges":2,"victory":false,"max_hp_per_floor":[66,66,66,66,66,66,66,66,66,66,66,66,66,66,66,66,66,66,66,66,66,66,66,66,66,66,66,66,66,66,66,66,66,66],"relic_stats":{"Regal Pillow":30,"Singing Bowl":0,"counters":[16,71],"obtain_stats":[{"Regal Pillow":0,"CaptainsWheel":7,"Singing Bowl":30,"Enchiridion":19,"Oddly Smooth Stone":23,"Omamori":26,"Membership Card":21,"Paper Crane":9,"Ring of the Snake":0,"Meat on the Bone":14,"Runic Pyramid":17},{"Regal Pillow":0,"CaptainsWheel":5,"Singing Bowl":15,"Enchiridion":10,"Oddly Smooth Stone":13,"Omamori":14,"Membership Card":11,"Paper Crane":5,"Ring of the Snake":0,"Meat on the Bone":8,"Runic Pyramid":9},{"Regal Pillow":0,"CaptainsWheel":19,"Singing Bowl":65,"Enchiridion":46,"Oddly Smooth Stone":57,"Omamori":61,"Membership Card":49,"Paper Crane":19,"Ring of the Snake":0,"Meat on the Bone":33,"Runic Pyramid":41}],"Ring of the Snake":[32],"Meat on the Bone":48},"card_choices":[{"not_picked":["Underhanded Strike","Calculated Gamble"],"picked":"Poisoned Stab","floor":1.0},{"not_picked":["Concentrate","Prepared","Flying Knee"],"picked":"SKIP","floor":3.0},{"not_picked":["Backflip","PiercingWail"],"picked":"Poisoned Stab","floor":4.0},{"not_picked":["Prepared","Bane","Outmaneuver"],"picked":"SKIP","floor":5.0},{"not_picked":["PiercingWail","Quick Slash"],"picked":"Blade Dance","floor":7.0},{"not_picked":["Tools of the Trade","PiercingWail"],"picked":"Blade Dance","floor":11.0},{"not_picked":["Terror","Endless Agony"],"picked":"Noxious Fumes","floor":12.0},{"not_picked":["Deflect","Cloak And Dagger"],"picked":"Crippling Poison","floor":14.0},{"not_picked":["Dodge and Roll","Outmaneuver","Terror+1"],"picked":"SKIP","floor":18.0},{"not_picked":["Underhanded Strike","PiercingWail"],"picked":"Heel Hook","floor":20.0},{"not_picked":["Blade Dance","Outmaneuver"],"picked":"Accuracy","floor":22.0},{"not_picked":["Dagger Throw","Backflip"],"picked":"Catalyst","floor":23.0},{"not_picked":["Distraction","Deflect+1","Dagger Throw"],"picked":"SKIP","floor":25.0},{"not_picked":["Backstab","Deflect","Predator"],"picked":"SKIP","floor":29}],"player_experience":479754,"relics_obtained":[{"floor":7.0,"key":"CaptainsWheel"},{"floor":9.0,"key":"Paper Crane"},{"floor":14.0,"key":"Meat on the Bone"},{"floor":19.0,"key":"Enchiridion"},{"floor":23.0,"key":"Oddly Smooth Stone"},{"floor":26.0,"key":"Omamori"}],"event_choices":[{"damage_healed":0.0,"max_hp_gain":0.0,"max_hp_loss":0.0,"gold_gain":0.0,"event_name":"Cursed Tome","player_choice":"Obtained Book","floor":19.0,"gold_loss":0.0,"damage_taken":21.0},{"cards_removed":["Strike_G"],"damage_healed":0.0,"max_hp_gain":0.0,"max_hp_loss":0.0,"gold_gain":0.0,"event_name":"Beggar","player_choice":"Gave Gold","floor":27.0,"gold_loss":75.0,"damage_taken":0.0},{"damage_healed":0,"gold_gain":0,"player_choice":"0 cards matched","damage_taken":0,"max_hp_gain":0,"max_hp_loss":0,"event_name":"Match and Keep!","floor":28,"gold_loss":0,"cards_obtained":[]},{"damage_healed":0,"gold_gain":0,"player_choice":"Stole Relic","damage_taken":0,"relics_obtained":["Singing Bowl"],"max_hp_gain":0,"max_hp_loss":0,"event_name":"Addict","floor":30,"gold_loss":0,"cards_obtained":["Shame"]},{"damage_healed":0,"gold_gain":0,"player_choice":"Copied","damage_taken":0,"max_hp_gain":0,"max_hp_loss":0,"event_name":"Duplicator","floor":31,"gold_loss":0,"cards_obtained":["Accuracy"]}],"is_beta":false,"boss_relics":[{"not_picked":["Fusion Hammer","SacredBark"],"picked":"Runic Pyramid"}],"items_purged_floors":[2,21],"is_endless":false,"potions_floor_spawned":[4,5,16,22,25,29],"killed_by":"Automaton","ascension_level":20}}