{"host":"y3h3n3f7seyagppx","time":1609630022,"event":{"mods":["BaseMod","Colored Map","Colored Powertips","DeckTracker","Minty Spire (QoL Compilation)","Random Character Button","Rare Cards Sparkle","Relic Sorter","Relic Stats","StSLib"],"gold_per_floor":[115,132,132,145,164,164,198,198,222,261,261,261,277,320,320,413,413,429,429,429,28,41,41,85,85,85,118,138,138,181,204,204,295,295,313,313,374,33,33,33,69,105,184,225,266,285,285,323,323,323,323,323,323,0,38,38,38],"floor_reached":56,"playtime":7940,"items_purged":["Strike_R+1"],"score":2259,"play_id":"43a1bddb-9e51-49c5-8651-c88c36dd239a","local_time":"20210102182702","is_ascension_mode":true,"campfire_choices":[{"data":"Armaments","floor":6,"key":"SMITH"},{"floor":8,"key":"REST"},{"floor":12,"key":"REST"},{"floor":15,"key":"REST"},{"floor":23,"key":"DIG"},{"floor":25,"key":"REST"},{"floor":32,"key":"DIG"},{"floor":40,"key":"DIG"},{"floor":47,"key":"RECALL"},{"floor":49,"key":"DIG"},{"floor":53,"key":"DIG"}],"circlet_count":0,"master_deck":["AscendersBane","Strike_R+1","Strike_R+1","Strike_R+1","Defend_R+1","Defend_R+1","Defend_R+1","Defend_R+1","Bash","Armaments+1","Pommel Strike","Twin Strike","Corruption","Feel No Pain","Exhume","Double Tap","Carnage+1","Reaper","Pommel Strike+1","Thunderclap+1","Entrench","Writhe","Impervious","Secret Technique","Secret Technique","Whirlwind","Body Slam+1","Dual Wield+1","Intimidate+1","Sword Boomerang+1","Exhume"],"relics":["Sozu","Sundial","Golden Idol","Bag of Preparation","Omamori","Happy Flower","Pocketwatch","Gambling Chip","Calling Bell","PreservedInsect","Paper Frog","Shovel","Orrery","Ice Cream","Orichalcum","Pear","Art of War","Matryoshka","Gremlin Horn","Fusion Hammer","WingedGreaves","Torii","Letter Opener","InkBottle","Shuriken","Darkstone Periapt","Bottled Flame","Eternal Feather","Molten Egg 2","Bag of Marbles","Pantograph","Medical Kit","Nunchaku","Pen Nib"],"acts_visited":["Exordium","TheCity","TheBeyond","TheEnding"],"potions_floor_usage":[],"damage_taken":[{"damage":1,"enemies":"Cultist","floor":1,"turns":3},{"damage":10,"enemies":"Small Slimes","floor":2,"turns":3},{"damage":4,"enemies":"Jaw Worm","floor":4,"turns":3},{"damage":6,"enemies":"Exordium Thugs","floor":5,"turns":4},{"damage":31,"enemies":"Gremlin Nob","floor":7,"turns":4},{"damage":27,"enemies":"3 Sentries","floor":10,"turns":10},{"damage":7,"enemies":"Exordium Wildlife","floor":13,"turns":3},{"damage":6,"enemies":"Gremlin Nob","floor":14,"turns":3},{"damage":27,"enemies":"Slime Boss","floor":16,"turns":9},{"damage":16,"enemies":"Spheric Guardian","floor":18,"turns":4},{"damage":0,"enemies":"Shell Parasite","floor":22,"turns":3},{"damage":30,"enemies":"Book of Stabbing","floor":24,"turns":4},{"damage":17,"enemies":"Gremlin Leader","floor":27,"turns":5},{"damage":0,"enemies":"Chosen and Byrds","floor":28,"turns":5},{"damage":20,"enemies":"Book of Stabbing","floor":30,"turns":4},{"damage":7,"enemies":"Snecko","floor":31,"turns":5},{"damage":38,"enemies":"Collector","floor":33,"turns":8},{"damage":3,"enemies":"3 Darklings","floor":35,"turns":3},{"damage":8,"enemies":"2 Orb Walkers","floor":37,"turns":3},{"damage":1,"enemies":"Reptomancer","floor":41,"turns":5},{"damage":1,"enemies":"Nemesis","floor":42,"turns":3},{"damage":1,"enemies":"Reptomancer","floor":44,"turns":2},{"damage":15,"enemies":"Nemesis","floor":45,"turns":3},{"damage":0,"enemies":"Orb Walker","floor":46,"turns":2},{"damage":1,"enemies":"Giant Head","floor":48,"turns":3},{"damage":32,"enemies":"Donu and Deca","floor":50,"turns":6},{"damage":29,"enemies":"Awakened One","floor":51,"turns":6},{"damage":0,"enemies":"Shield and Spear","floor":55,"turns":3},{"damage":78,"enemies":"The Heart","floor":56,"turns":5}],"seed_played":"-6027181401661820283","potions_obtained":[],"is_trial":false,"path_per_floor":["M","M","?","M","M","R","E","R","T","E","?","R","M","E","R","B",null,"M","?","?","$","M","R","E","R","T","E","M","?","E","M","R","B",null,"M","?","?","$","?","R","E","E","T","E","E","M","R","E","R","B","B",null,"R","$","E","B"],"character_chosen":"IRONCLAD","items_purchased":["Orrery","Reaper","Torii","Medical Kit","Nunchaku"],"campfire_rested":4,"item_purchase_floors":[21,21,38,54,54],"current_hp_per_floor":[67,57,57,53,47,47,16,36,36,9,9,29,22,16,36,9,53,37,37,42,42,42,42,12,32,32,55,71,71,51,58,58,35,67,78,68,68,68,68,68,75,74,74,73,58,58,76,75,78,54,46,70,78,78,78,0,0],"gold":38,"neow_bonus":"BOSS_RELIC","is_daily":false,"chose_seed":false,"campfire_upgraded":1,"win_rate":0.0,"timestamp":1609630022,"path_taken":["M","M","?","M","M","R","E","R","T","E","?","R","M","E","R","BOSS","M","?","?","$","?","R","E","R","T","E","M","?","E","M","R","BOSS","M","?","?","$","?","R","E","E","T","E","E","M","R","E","R","BOSS","BOSS","R","$","E","BOSS"],"items_purchased_type":["Relic","Card","Relic","Relic","Relic"],"build_version":"2020-12-22","purchased_purges":1,"victory":false,"max_hp_per_floor":[75,75,68,68,68,68,68,68,68,68,68,68,68,68,68,68,68,68,68,68,68,68,68,68,68,68,78,78,78,78,78,78,78,78,78,78,78,78,78,78,78,78,78,78,78,78,78,78,78,78,78,78,78,78,78,78,78],"relic_stats":{"Darkstone Periapt":0,"Happy Flower":[32],"Gremlin Horn":[20,20],"Torii":37,"counters":[29,124],"Golden Idol":216,"Eternal Feather":29,"PreservedInsect":561,"Pen Nib":[0],"Bag of Preparation":[48],"Letter Opener":[126],"Orichalcum":[96],"Medical Kit":[3],"Sozu":11,"Nunchaku":[1],"Shovel":5,"Sundial":[2],"Shuriken":[21],"Gambling Chip":[107],"Pantograph":0,"Art of War":[12],"obtain_stats":[{"Ice Cream":23,"Darkstone Periapt":43,"Gremlin Horn":32,"Torii":38,"Bag of Preparation":7,"Burning Blood":0,"Sozu":0,"Nunchaku":54,"Shovel":17,"Matryoshka":30,"Sundial":49,"Gambling Chip":14,"Pantograph":53,"Fusion Hammer":34,"WingedGreaves":37,"InkBottle":41,"Paper Frog":17,"Pear":27,"Happy Flower":10,"Golden Idol":3,"Eternal Feather":44,"PreservedInsect":17,"Pen Nib":55,"Omamori":9,"Letter Opener":40,"Orichalcum":24,"Medical Kit":54,"Calling Bell":17,"Bottled Flame":43,"Shuriken":42,"Orrery":21,"Molten Egg 2":45,"Art of War":29,"Bag of Marbles":48,"Pocketwatch":11},{"Ice Cream":11,"Darkstone Periapt":21,"Gremlin Horn":16,"Torii":19,"Bag of Preparation":5,"Burning Blood":0,"Sozu":0,"Nunchaku":27,"Shovel":9,"Matryoshka":15,"Sundial":25,"Gambling Chip":8,"Pantograph":27,"Fusion Hammer":17,"WingedGreaves":19,"InkBottle":20,"Paper Frog":9,"Pear":13,"Happy Flower":6,"Golden Idol":2,"Eternal Feather":22,"PreservedInsect":9,"Pen Nib":28,"Omamori":5,"Letter Opener":19,"Orichalcum":12,"Medical Kit":27,"Calling Bell":9,"Bottled Flame":21,"Shuriken":21,"Orrery":10,"Molten Egg 2":23,"Art of War":14,"Bag of Marbles":25,"Pocketwatch":6},{"Ice Cream":49,"Darkstone Periapt":94,"Gremlin Horn":72,"Torii":86,"Bag of Preparation":17,"Burning Blood":0,"Sozu":0,"Nunchaku":116,"Shovel":42,"Matryoshka":67,"Sundial":104,"Gambling Chip":33,"Pantograph":116,"Fusion Hammer":80,"WingedGreaves":86,"InkBottle":91,"Paper Frog":42,"Pear":58,"Happy Flower":27,"Golden Idol":6,"Eternal Feather":96,"PreservedInsect":42,"Pen Nib":119,"Omamori":17,"Letter Opener":86,"Orichalcum":53,"Medical Kit":116,"Calling Bell":42,"Bottled Flame":94,"Shuriken":94,"Orrery":46,"Molten Egg 2":99,"Art of War":63,"Bag of Marbles":104,"Pocketwatch":27}],"InkBottle":[18],"Pocketwatch":[105]},"card_choices":[{"not_picked":["Body Slam","Evolve"],"picked":"Anger","floor":1},{"not_picked":["Sword Boomerang","Anger","True Grit"],"picked":"SKIP","floor":2},{"not_picked":["Sever Soul","Anger"],"picked":"Armaments","floor":4},{"not_picked":["Cleave","Shrug It Off"],"picked":"Pommel Strike","floor":5},{"not_picked":["Dropkick","Anger","Seeing Red"],"picked":"SKIP","floor":7},{"not_picked":["Heavy Blade","True Grit"],"picked":"Twin Strike","floor":10},{"not_picked":["Clash","Dark Embrace","Hemokinesis"],"picked":"SKIP","floor":13},{"not_picked":["Dual Wield","Sever Soul","Warcry"],"picked":"SKIP","floor":14},{"not_picked":["Dual Wield","Sever Soul","Warcry"],"picked":"SKIP","floor":14},{"not_picked":["Brutality","Offering"],"picked":"Corruption","floor":16},{"not_picked":["Heavy Blade","Sword Boomerang","Fire Breathing"],"picked":"SKIP","floor":18},{"not_picked":["Heavy Blade","Carnage"],"picked":"Feel No Pain","floor":21},{"not_picked":["Bloodletting","Twin Strike+1"],"picked":"Exhume","floor":21},{"not_picked":["Iron Wave","Cleave"],"picked":"Double Tap","floor":21},{"not_picked":["Perfected Strike+1","Anger"],"picked":"Carnage+1","floor":21},{"not_picked":["Havoc","Burning Pact"],"picked":"Pommel Strike+1","floor":22},{"not_picked":["Sever Soul","Sword Boomerang","Armaments"],"picked":"SKIP","floor":24},{"not_picked":["Iron Wave","Intimidate"],"picked":"Thunderclap+1","floor":27},{"not_picked":["Entrench","Sword Boomerang","Hemokinesis"],"picked":"SKIP","floor":28},{"not_picked":["Sword Boomerang","Hemokinesis"],"picked":"Entrench","floor":28},{"not_picked":["Thunderclap","Fire Breathing","Bludgeon"],"picked":"SKIP","floor":30},{"not_picked":["Pommel Strike","Second Wind","Headbutt"],"picked":"SKIP","floor":31},{"not_picked":["Exhume","Feed"],"picked":"Impervious","floor":33},{"not_picked":["Heavy Blade","Thunderclap","Twin Strike"],"picked":"SKIP","floor":35},{"not_picked":["Panache","Panacea"],"picked":"Secret Technique","floor":36},{"not_picked":["Swift Strike","The Bomb"],"picked":"Secret Technique","floor":36},{"not_picked":["Rage","Carnage+1"],"picked":"Whirlwind","floor":41},{"not_picked":["Ghostly Armor","Fire Breathing"],"picked":"Body Slam+1","floor":42},{"not_picked":["Warcry","Blood for Blood"],"picked":"Dual Wield+1","floor":44},{"not_picked":["Whirlwind+1","Immolate+1"],"picked":"Intimidate+1","floor":45},{"not_picked":["Burning Pact","Clash+1"],"picked":"Sword Boomerang+1","floor":46},{"not_picked":["Searing Blow+1","Havoc","Dual Wield"],"picked":"SKIP","floor":48},{"not_picked":["Armaments","Infernal Blade"],"picked":"Exhume","floor":55}],"player_experience":20322857,"relics_obtained":[{"floor":7,"key":"Bag of Preparation"},{"floor":9,"key":"Omamori"},{"floor":10,"key":"Happy Flower"},{"floor":14,"key":"Gambling Chip"},{"floor":17,"key":"PreservedInsect"},{"floor":17,"key":"Paper Frog"},{"floor":17,"key":"Shovel"},{"floor":23,"key":"Ice Cream"},{"floor":24,"key":"Orichalcum"},{"floor":27,"key":"Pear"},{"floor":30,"key":"Matryoshka"},{"floor":32,"key":"Gremlin Horn"},{"floor":37,"key":"WingedGreaves"},{"floor":40,"key":"Letter Opener"},{"floor":41,"key":"InkBottle"},{"floor":42,"key":"Shuriken"},{"floor":43,"key":"Darkstone Periapt"},{"floor":43,"key":"Bottled Flame"},{"floor":44,"key":"Eternal Feather"},{"floor":45,"key":"Molten Egg 2"},{"floor":48,"key":"Bag of Marbles"},{"floor":49,"key":"Sundial"},{"floor":53,"key":"Pantograph"},{"floor":55,"key":"Pen Nib"}],"event_choices":[{"damage_healed":0,"gold_gain":0,"player_choice":"Lose Max HP","damage_taken":0,"relics_obtained":["Golden Idol"],"max_hp_gain":0,"max_hp_loss":7,"event_name":"Golden Idol","floor":3,"gold_loss":0},{"damage_healed":0,"gold_gain":0,"player_choice":"Box","damage_taken":0,"relics_obtained":["Pocketwatch"],"max_hp_gain":0,"max_hp_loss":0,"event_name":"Big Fish","floor":11,"gold_loss":0,"cards_obtained":["Regret"]},{"damage_healed":0,"gold_gain":0,"player_choice":"Simplicity","damage_taken":0,"max_hp_gain":0,"max_hp_loss":0,"event_name":"Back to Basics","floor":19,"gold_loss":0,"cards_upgraded":["Strike_R","Strike_R","Strike_R","Strike_R","Strike_R","Defend_R","Defend_R","Defend_R","Defend_R"]},{"cards_removed":["Anger"],"damage_healed":5,"gold_gain":0,"player_choice":"Offered Common","damage_taken":0,"max_hp_gain":0,"max_hp_loss":0,"event_name":"Bonfire Elementals","floor":20,"gold_loss":0},{"cards_removed":["Anger"],"damage_healed":5,"gold_gain":0,"player_choice":"Offered Special","damage_taken":0,"max_hp_gain":0,"max_hp_loss":0,"event_name":"Bonfire Elementals","floor":20,"gold_loss":0},{"damage_healed":0,"gold_gain":0,"player_choice":"Opened","damage_taken":0,"relics_obtained":["Art of War"],"max_hp_gain":0,"max_hp_loss":0,"event_name":"The Mausoleum","floor":29,"gold_loss":0,"cards_obtained":["Writhe"]},{"damage_healed":0,"gold_gain":0,"player_choice":"Memory 3","damage_taken":10,"max_hp_gain":0,"max_hp_loss":0,"event_name":"SensoryStone","floor":36,"gold_loss":0},{"damage_healed":0,"gold_gain":0,"player_choice":"Fight","damage_taken":0,"max_hp_gain":0,"max_hp_loss":0,"event_name":"Mysterious Sphere","floor":37,"gold_loss":0},{"cards_removed":["Strike_R"],"damage_healed":0,"gold_gain":0,"player_choice":"Removed Attack","damage_taken":0,"max_hp_gain":0,"max_hp_loss":0,"event_name":"Falling","floor":39,"gold_loss":0}],"is_beta":false,"boss_relics":[{"not_picked":["SacredBark","Velvet Choker"],"picked":"Calling Bell"},{"not_picked":["SlaversCollar","Mark of Pain"],"picked":"Fusion Hammer"}],"items_purged_floors":[21],"is_endless":false,"potions_floor_spawned":[4,5,10,22,27,28,31,35,42,44,46],"killed_by":"The Heart","ascension_level":20}}