{"host":"52zmxm0oht7x0uft","time":1609611587,"event":{"mods":["AchievementEnabler","BaseMod","Colored Map","Minty Spire (QoL Compilation)","Quick Restart"],"gold_per_floor":[111,111,131,145,157,185,110,122,122,122,139,139,151,171,171,171,171],"floor_reached":16,"playtime":499,"items_purged":["Strike_R"],"score":133,"play_id":"730447b8-a29c-421a-88d8-3cf817730ca5","local_time":"20210102191947","is_ascension_mode":true,"campfire_choices":[{"data":"Armaments","floor":10,"key":"SMITH"},{"data":"The Bomb","floor":15,"key":"SMITH"}],"circlet_count":0,"master_deck":["Strike_R","Strike_R","Strike_R","Defend_R","Defend_R","Defend_R","Defend_R+1","Bash","The Bomb+1","Pummel+1","Armaments+1"],"relics":["Burning Blood","Calipers","Nunchaku"],"acts_visited":["Exordium"],"potions_floor_usage":[],"damage_taken":[{"damage":8,"enemies":"2 Louse","floor":1,"turns":3},{"damage":3,"enemies":"Small Slimes","floor":3,"turns":4},{"damage":4,"enemies":"Jaw Worm","floor":4,"turns":4},{"damage":7,"enemies":"Exordium Wildlife","floor":5,"turns":4},{"damage":15,"enemies":"3 Sentries","floor":6,"turns":6},{"damage":4,"enemies":"Red Slaver","floor":8,"turns":4},{"damage":0,"enemies":"3 Louse","floor":11,"turns":3},{"damage":7,"enemies":"Large Slime","floor":13,"turns":3},{"damage":14,"enemies":"Lots of Slimes","floor":14,"turns":4},{"damage":32,"enemies":"The Guardian","floor":16,"turns":8}],"seed_played":"-2443972567466392815","potions_obtained":[{"floor":4,"key":"Fire Potion"},{"floor":6,"key":"Strength Potion"},{"floor":14,"key":"Explosive Potion"}],"is_trial":false,"path_per_floor":["M","?","M","M","M","E","$","M","T","R","M","?","M","M","R","B"],"character_chosen":"IRONCLAD","items_purchased":[],"campfire_rested":0,"item_purchase_floors":[],"current_hp_per_floor":[54,54,57,59,58,49,49,51,51,51,57,41,40,32,32,0,0],"gold":171,"neow_bonus":"RANDOM_COLORLESS_2","is_daily":false,"chose_seed":false,"campfire_upgraded":2,"win_rate":0.0,"timestamp":1609611587,"path_taken":["M","?","M","M","M","E","$","M","T","R","M","?","M","M","R","BOSS"],"items_purchased_type":[],"build_version":"2020-12-22","purchased_purges":1,"victory":false,"max_hp_per_floor":[80,80,80,80,80,80,80,80,80,80,80,80,80,80,80,80,80],"card_choices":[{"not_picked":["HandOfGreed","Secret Technique"],"picked":"The Bomb","floor":0},{"not_picked":["Infernal Blade","Twin Strike","Anger"],"picked":"SKIP","floor":1},{"not_picked":["Clash","Anger","Cleave"],"picked":"SKIP","floor":3},{"not_picked":["Reckless Charge","Disarm"],"picked":"Armaments","floor":4},{"not_picked":["Sentinel","Combust","True Grit"],"picked":"SKIP","floor":5},{"not_picked":["Cleave","Headbutt","Heavy Blade"],"picked":"SKIP","floor":6},{"not_picked":["Clothesline","Cleave","Heavy Blade"],"picked":"SKIP","floor":8},{"not_picked":["Thunderclap","Searing Blow","Clothesline"],"picked":"SKIP","floor":11},{"not_picked":["Armaments","Limit Break","Sword Boomerang"],"picked":"SKIP","floor":13},{"not_picked":["Anger","Reckless Charge","Headbutt"],"picked":"SKIP","floor":14}],"player_experience":358322,"relics_obtained":[{"floor":6,"key":"Calipers"},{"floor":9,"key":"Nunchaku"}],"event_choices":[{"damage_healed":0,"gold_gain":0,"cards_transformed":["Strike_R"],"player_choice":"Change","damage_taken":0,"max_hp_gain":0,"max_hp_loss":0,"event_name":"Living Wall","floor":2,"gold_loss":0,"cards_obtained":["Pummel"]},{"damage_healed":0,"gold_gain":0,"player_choice":"Entered Light","damage_taken":16,"max_hp_gain":0,"max_hp_loss":0,"event_name":"Shining Light","floor":12,"gold_loss":0,"cards_upgraded":["Pummel","Defend_R"]}],"is_beta":false,"boss_relics":[],"items_purged_floors":[7],"is_endless":false,"potions_floor_spawned":[4,6,14],"killed_by":"The Guardian","ascension_level":5}}