{"host":"37dk0reb6x0du8wx","time":1609586196,"event":{"mods":["BaseMod","Colored Map","DeckTracker","Minty Spire (QoL Compilation)","Quick Restart","StSLib","The Dragon Tamer"],"gold_per_floor":[118,43,218,218,198,198,222,222,247,261,285,285,285,298,298,419,419,433,451,465,465,465],"floor_reached":21,"playtime":510,"items_purged":["Strike_B"],"score":188,"play_id":"1fd35315-f604-4ea0-9c53-034bc364a286","local_time":"20210102201636","is_ascension_mode":true,"campfire_choices":[{"data":"Zap","floor":6,"key":"SMITH"},{"floor":8,"key":"REST"},{"floor":15,"key":"REST"}],"circlet_count":0,"master_deck":["Strike_B","Strike_B","Defend_B","Defend_B","Defend_B","Defend_B","Zap+1","Dualcast","Loop","Doubt","Ball Lightning","Ball Lightning","Electrodynamics"],"relics":["Cracked Core","Golden Idol","PreservedInsect","Omamori","Calling Bell","Nunchaku","Sundial","Dead Branch"],"acts_visited":["Exordium","TheCity"],"potions_floor_usage":[11,16,16],"damage_taken":[{"damage":2,"enemies":"Jaw Worm","floor":1,"turns":4},{"damage":4,"enemies":"Small Slimes","floor":7,"turns":3},{"damage":4,"enemies":"2 Louse","floor":10,"turns":3},{"damage":31,"enemies":"Gremlin Gang","floor":11,"turns":3},{"damage":3,"enemies":"Blue Slaver","floor":14,"turns":3},{"damage":25,"enemies":"Hexaghost","floor":16,"turns":9},{"damage":34,"enemies":"2 Thieves","floor":18,"turns":3},{"damage":22,"enemies":"Shell Parasite","floor":19,"turns":5},{"damage":12,"enemies":"Centurion and Healer","floor":20,"turns":5},{"damage":7,"enemies":"Shelled Parasite and Fungi","floor":21,"turns":1}],"seed_played":"8268570556008741804","potions_obtained":[{"floor":7,"key":"DuplicationPotion"},{"floor":10,"key":"Explosive Potion"},{"floor":14,"key":"SkillPotion"},{"floor":19,"key":"GamblersBrew"}],"is_trial":false,"path_per_floor":["M","$","?","?","?","R","M","R","T","M","M","?","?","M","R","B",null,"M","M","M","M"],"character_chosen":"DEFECT","items_purchased":[],"campfire_rested":2,"item_purchase_floors":[],"current_hp_per_floor":[73,73,73,55,55,55,51,73,73,69,38,20,13,10,32,7,75,41,19,7,0,0],"gold":465,"neow_bonus":"REMOVE_CARD","is_daily":false,"chose_seed":false,"campfire_upgraded":1,"win_rate":0.0,"timestamp":1609586196,"path_taken":["M","$","?","?","?","R","M","R","T","?","M","?","?","M","R","BOSS","M","?","M","M"],"items_purchased_type":[],"build_version":"2020-12-22","purchased_purges":1,"victory":false,"max_hp_per_floor":[75,75,75,75,75,75,75,75,75,75,75,75,75,75,75,75,75,75,75,75,75,75],"card_choices":[{"not_picked":["Sweeping Beam","Glacier"],"picked":"Loop","floor":1},{"not_picked":["Compile Driver","Glacier","Beam Cell"],"picked":"SKIP","floor":7},{"not_picked":["Turbo","Aggregate","Scrape"],"picked":"SKIP","floor":10},{"not_picked":["Cold Snap","Darkness"],"picked":"Ball Lightning","floor":11},{"not_picked":["Gash","Chaos"],"picked":"Ball Lightning","floor":14},{"not_picked":["Creative AI","All For One"],"picked":"Electrodynamics","floor":16},{"not_picked":["All For One","Scrape","Recycle"],"picked":"SKIP","floor":18},{"not_picked":["Beam Cell","Cold Snap","Recycle+1"],"picked":"SKIP","floor":19},{"not_picked":["Hologram","Turbo","Sunder"],"picked":"SKIP","floor":20}],"player_experience":117148,"relics_obtained":[{"floor":9,"key":"PreservedInsect"},{"floor":17,"key":"Nunchaku"},{"floor":17,"key":"Sundial"},{"floor":17,"key":"Dead Branch"}],"event_choices":[{"damage_healed":0,"gold_gain":175,"player_choice":"AGREE","damage_taken":0,"max_hp_gain":0,"max_hp_loss":0,"event_name":"Liars Game","floor":3,"gold_loss":0,"cards_obtained":["Doubt"]},{"damage_healed":0,"gold_gain":0,"player_choice":"Take Damage","damage_taken":18,"relics_obtained":["Golden Idol"],"max_hp_gain":0,"max_hp_loss":0,"event_name":"Golden Idol","floor":4,"gold_loss":0},{"damage_healed":0,"gold_gain":0,"player_choice":"Bought 1 Potion","damage_taken":0,"max_hp_gain":0,"max_hp_loss":0,"event_name":"The Woman in Blue","floor":5,"gold_loss":0},{"damage_healed":0,"gold_gain":0,"player_choice":"Success","damage_taken":18,"relics_obtained":["Omamori"],"max_hp_gain":0,"max_hp_loss":0,"event_name":"Scrap Ooze","floor":12,"gold_loss":0},{"damage_healed":0,"gold_gain":0,"player_choice":"Damaged","damage_taken":7,"max_hp_gain":0,"max_hp_loss":0,"event_name":"Wheel of Change","floor":13,"gold_loss":0}],"is_beta":false,"boss_relics":[{"not_picked":["Snecko Eye","Coffee Dripper"],"picked":"Calling Bell"}],"items_purged_floors":[2],"is_endless":false,"potions_floor_spawned":[7,10,14,19],"killed_by":"Shelled Parasite and Fungi","ascension_level":2}}