{"host":"eav5i5w47nlnv2l1","time":1609551873,"event":{"mods":["BaseMod","Minty Spire (QoL Compilation)"],"gold_per_floor":[209,219,144,156,172,197,197,207,207,222,284,304,304,320,320,425,425,443,453,471,228,143,168,168,168,168,168,168,185,185,60,60,60,60],"floor_reached":33,"playtime":2930,"items_purged":["Strike_P","Strike_P","Doubt"],"score":296,"play_id":"4a729f4c-b7d9-4f23-aa2a-fcce55eb38a4","local_time":"20210101204433","is_ascension_mode":false,"campfire_choices":[{"floor":7,"key":"REST"},{"floor":13,"key":"REST"},{"data":"Eruption","floor":15,"key":"SMITH"},{"data":"Worship","floor":24,"key":"SMITH"},{"floor":28,"key":"REST"},{"data":"Evaluate","floor":32,"key":"SMITH"}],"circlet_count":0,"master_deck":["Strike_P+1","Strike_P+1","Defend_P+1","Defend_P+1","Defend_P+1","Defend_P+1","Eruption+1","Vigilance","Prostrate","EmptyBody+1","DeceiveReality","Crescendo+1","Evaluate+1","Worship","Consecrate+1","Wallop+1","Halt+1","LessonLearned+1","Wallop+1","Brilliance+1","Worship+1"],"relics":["PureWater","Molten Egg 2","Thread and Needle","Du-Vu Doll","Cursed Key","GoldenEye","Darkstone Periapt","Pear"],"acts_visited":["Exordium","TheCity"],"potions_floor_usage":[11,12,16,16,33],"damage_taken":[{"damage":6,"enemies":"2 Louse","floor":1,"turns":4},{"damage":0,"enemies":"Small Slimes","floor":2,"turns":4},{"damage":0,"enemies":"Jaw Worm","floor":4,"turns":3},{"damage":1,"enemies":"3 Louse","floor":5,"turns":8},{"damage":27,"enemies":"3 Sentries","floor":6,"turns":20},{"damage":27,"enemies":"Exordium Wildlife","floor":8,"turns":7},{"damage":0,"enemies":"2 Fungi Beasts","floor":10,"turns":7},{"damage":0,"enemies":"3 Sentries","floor":11,"turns":11},{"damage":0,"enemies":"3 Louse","floor":12,"turns":3},{"damage":0,"enemies":"Red Slaver","floor":14,"turns":5},{"damage":17,"enemies":"Slime Boss","floor":16,"turns":15},{"damage":0,"enemies":"2 Thieves","floor":18,"turns":4},{"damage":5,"enemies":"Spheric Guardian","floor":19,"turns":7},{"damage":22,"enemies":"Chosen and Byrds","floor":20,"turns":11},{"damage":3,"enemies":"Slavers","floor":23,"turns":5},{"damage":18,"enemies":"Snecko","floor":27,"turns":5},{"damage":0,"enemies":"Centurion and Healer","floor":29,"turns":6},{"damage":66,"enemies":"Automaton","floor":33,"turns":10}],"seed_played":"1204952733587577109","potions_obtained":[{"floor":8,"key":"DistilledChaos"},{"floor":10,"key":"GamblersBrew"},{"floor":11,"key":"Ancient Potion"},{"floor":12,"key":"Ancient Potion"},{"floor":23,"key":"PowerPotion"}],"is_trial":false,"path_per_floor":["M","M","$","M","M","E","R","M","T","M","?","M","R","M","R","B",null,"M","M","M","$","?","E","R","?","T","M","R","M","?","$","R","B"],"character_chosen":"WATCHER","items_purchased":["Brilliance+1"],"campfire_rested":3,"item_purchase_floors":[21],"current_hp_per_floor":[66,66,66,66,65,38,59,32,32,32,32,32,53,53,53,36,72,72,67,45,45,45,42,42,42,58,40,66,66,66,66,66,0,0],"gold":60,"neow_bonus":"HUNDRED_GOLD","is_daily":false,"chose_seed":false,"campfire_upgraded":3,"win_rate":0.0,"timestamp":1609551873,"path_taken":["M","M","$","M","M","E","R","M","T","M","?","M","R","M","R","BOSS","M","M","M","$","?","E","R","?","T","M","R","M","?","$","R","BOSS"],"items_purchased_type":["Card"],"build_version":"2020-12-22","purchased_purges":3,"victory":false,"max_hp_per_floor":[72,72,72,72,72,72,72,72,72,72,72,72,72,72,72,72,72,72,72,72,72,72,72,72,72,88,88,88,88,88,88,88,88,88],"card_choices":[{"not_picked":["CutThroughFate","Halt"],"picked":"Prostrate","floor":1},{"not_picked":["JustLucky","ClearTheMind"],"picked":"EmptyBody","floor":2},{"not_picked":["Protect","ThirdEye"],"picked":"DeceiveReality","floor":4},{"not_picked":["BowlingBash","SashWhip"],"picked":"Crescendo","floor":5},{"not_picked":["Meditate","BowlingBash+1"],"picked":"Evaluate","floor":6},{"not_picked":["Evaluate","Crescendo"],"picked":"Worship","floor":8},{"not_picked":["BowlingBash+1","Worship"],"picked":"Consecrate+1","floor":10},{"not_picked":["Collect","EmptyMind"],"picked":"Wallop+1","floor":11},{"not_picked":["EmptyFist+1","WaveOfTheHand"],"picked":"Halt","floor":12},{"not_picked":["WreathOfFlame","Protect","MentalFortress"],"picked":"SKIP","floor":14},{"not_picked":["Judgement","Blasphemy"],"picked":"LessonLearned+1","floor":16},{"not_picked":["Evaluate","FlurryOfBlows+1","FollowUp+1"],"picked":"SKIP","floor":18},{"not_picked":["EmptyBody+1","Consecrate+1","FlyingSleeves+1"],"picked":"SKIP","floor":19},{"not_picked":["Halt","Prostrate+1"],"picked":"Wallop+1","floor":20},{"not_picked":["FollowUp+1","FlurryOfBlows+1"],"picked":"Worship","floor":23},{"not_picked":["FollowUp+1","MasterReality","Protect"],"picked":"SKIP","floor":27},{"not_picked":["ForeignInfluence","ThirdEye","Consecrate+1"],"picked":"SKIP","floor":29}],"player_experience":1423823,"relics_obtained":[{"floor":6,"key":"Molten Egg 2"},{"floor":9,"key":"Thread and Needle"},{"floor":11,"key":"Du-Vu Doll"},{"floor":23,"key":"Darkstone Periapt"},{"floor":26,"key":"Pear"}],"event_choices":[{"damage_healed":0,"gold_gain":30,"player_choice":"Searched \u00272\u0027 times","damage_taken":0,"max_hp_gain":0,"max_hp_loss":0,"event_name":"Dead Adventurer","floor":11,"gold_loss":0},{"damage_healed":0,"gold_gain":0,"player_choice":"Obtained Relic","damage_taken":0,"relics_obtained":["GoldenEye"],"max_hp_gain":0,"max_hp_loss":0,"event_name":"Addict","floor":22,"gold_loss":85},{"damage_healed":0,"gold_gain":0,"player_choice":"Simplicity","damage_taken":0,"max_hp_gain":0,"max_hp_loss":0,"event_name":"Back to Basics","floor":25,"gold_loss":0,"cards_upgraded":["Strike_P","Defend_P","Defend_P","Defend_P"]},{"damage_healed":0,"gold_gain":0,"player_choice":"Ignored","damage_taken":0,"max_hp_gain":0,"max_hp_loss":0,"event_name":"Beggar","floor":30,"gold_loss":0}],"is_beta":false,"boss_relics":[{"not_picked":["Astrolabe","VioletLotus"],"picked":"Cursed Key"}],"items_purged_floors":[3,21,31],"is_endless":false,"potions_floor_spawned":[8,10,11,12,20,23],"killed_by":"Automaton","ascension_level":0}}