{"host":"982s3gyyw86tgeig","time":1609568328,"event":{"mods":["AchievementEnabler","Act Like it!","Aspiration","BaseMod","Colored Powertips","Downfall","Evolution","GifTheSpireLib","Hermit","Hubris","Minty Spire (QoL Compilation)","Pale of the Ancients","Rare Cards Sparkle","Relic Stats","Replay The Spire","StSLib","Stuff the Spire","The Cursed","The Disciple","The IronCluck","The Saiyan","vexMod"],"gold_per_floor":[88,88,107,107,119,153,153,173,173,173,173,75,75,90,90,192,192,202,229,204,214,214,214,228,10,10,42,42,58,58,77,77,182,182,193,193,193,308,318,318,345,345,345,345,361,12,12,12,12,0],"floor_reached":51,"playtime":5549,"items_purged":["StuffTheSpire:CuriosityCurse"],"score":740,"play_id":"09e69dbe-3b8e-43d4-9c9a-e51963f71535","local_time":"20210101221848","is_ascension_mode":false,"campfire_choices":[{"floor":7,"key":"REST"},{"data":"Saiyan:KaioKen","floor":10,"key":"SMITH"},{"floor":15,"key":"REST"},{"data":"Saiyan:PlotArmor","floor":23,"key":"SMITH"},{"data":"Apotheosis","floor":28,"key":"SMITH"},{"floor":32,"key":"REST"},{"data":"Pot Of Greed","floor":40,"key":"SMITH"},{"floor":42,"key":"REST"},{"data":"Saiyan:SAIYA_Strike","floor":44,"key":"SMITH"},{"data":"Saiyan:SAIYA_Strike","floor":47,"key":"SMITH"},{"floor":49,"key":"DIG"}],"circlet_count":0,"master_deck":["Saiyan:SAIYA_Strike","Saiyan:SAIYA_Strike","Saiyan:SAIYA_Strike","Saiyan:SAIYA_Strike","Saiyan:SAIYA_Defend","Saiyan:SAIYA_Defend","Saiyan:SAIYA_Defend","Saiyan:SAIYA_Defend","Saiyan:EnergyBlast","Saiyan:KaioKen+1","Saiyan:RuthlessBlow","Saiyan:KameHameHa","Saiyan:RemoveWeights","Saiyan:Teleport","Saiyan:SaiyanHubris","Saiyan:TurtleShell","Saiyan:BackAttack","Saiyan:PlotArmor+1","Saiyan:Rekindle","Saiyan:Quickening","Saiyan:MeteorDash+1","Saiyan:GenkiDama","Saiyan:ExpandingShockwave","Apotheosis+1","Saiyan:MeteorDash","Pot Of Greed+1","Pot Of Greed","Pot Of Greed","Saiyan:KiStrike","Saiyan:PlotArmor","Apotheosis+1","Saiyan:PowerStance+1","Saiyan:MonkeyTail","Overencumbered","Sickly","Clumsy","Saiyan:Reset","Spreading Infection","Saiyan:SaiyanHubris","Pot Of Greed","Saiyan:KiExplosion+1","Saiyan:PlotArmor","Saiyan:SoulSpice+1"],"relics":["SaiyanSoul","SaiyanHeart","EVO:Axolotl","NeowsBlessing","hubris:Towel","Sundial","StuffTheSpire:CocoNut","hubris:CuriousFeather","CultistMask","hubris:GrandSneckoEye","Red Mask","Enchiridion","Pear","Grinning Jar","Replay:Ancient Bell","Simple Rune","Replay:WaspNest","StuffTheSpire:Nightcore","ReplayTheSpireMod:Ring of Challenge","Ring of Misfortune","hubris:Icosahedron","StuffTheSpire:RubySignet","Letter Opener","StuffTheSpire:ForceGauntlet"],"acts_visited":["Exordium","TheCity","TheBeyond"],"potions_floor_usage":[5,31,33,33],"damage_taken":[{"damage":0,"enemies":"Cultist","floor":1,"turns":1},{"damage":0,"enemies":"Jaw Worm","floor":3,"turns":1},{"damage":0,"enemies":"Small Slimes","floor":5,"turns":2},{"damage":18,"enemies":"3 Sentries","floor":6,"turns":10},{"damage":13,"enemies":"2 Fungi Beasts","floor":8,"turns":3},{"damage":10,"enemies":"Exordium Thugs","floor":14,"turns":4},{"damage":59,"enemies":"Fading Forest","floor":16,"turns":11},{"damage":11,"enemies":"3 Byrds","floor":18,"turns":3},{"damage":3,"enemies":"Masked Bandits","floor":19,"turns":3},{"damage":1,"enemies":"Shell Parasite","floor":21,"turns":5},{"damage":2,"enemies":"3 Cultists","floor":24,"turns":4},{"damage":0,"enemies":"Replay:Snechameleon","floor":27,"turns":3},{"damage":30,"enemies":"Snake Plant","floor":29,"turns":4},{"damage":0,"enemies":"Snecko","floor":31,"turns":3},{"damage":55,"enemies":"hubris:MusketHawk","floor":33,"turns":8},{"damage":9,"enemies":"Orb Walker","floor":35,"turns":3},{"damage":13,"enemies":"3 Darklings","floor":38,"turns":3},{"damage":10,"enemies":"Sphere and 2 Shapes","floor":39,"turns":3},{"damage":15,"enemies":"Jaw Worm Horde","floor":41,"turns":6},{"damage":0,"enemies":"Transient","floor":45,"turns":5},{"damage":73,"enemies":"Donu and Deca","floor":50,"turns":7}],"seed_played":"6386882712643465229","potions_obtained":[{"floor":5,"key":"Fruit Juice"},{"floor":8,"key":"Milkshake"},{"floor":18,"key":"hexamod:EctoCoolerPotion"},{"floor":21,"key":"sneckomod:MuddlingPotion"},{"floor":31,"key":"LiquidMemories"},{"floor":33,"key":"Guardian:BlockOnCardUsePotion"},{"floor":38,"key":"Regen Potion"},{"floor":45,"key":"Block Potion"}],"is_trial":false,"path_per_floor":["M","?","M","?","M","E","R","M","T","R","?","$","?","M","R","B",null,"M","?","?","M","?","R","M","$","T","E","R","M","?","M","R","B",null,"M","?","?","M","M","R","M","R","T","R","M","$","R","?","R","B",null],"character_chosen":"SAIYAJIN","items_purchased":["Saiyan:BackAttack","Apotheosis","Saiyan:MeteorDash","Letter Opener","FairyPotion"],"campfire_rested":4,"item_purchase_floors":[12,25,25,46,46],"current_hp_per_floor":[60,65,65,65,70,53,71,59,66,66,66,66,66,59,82,34,83,72,72,72,73,57,57,55,55,65,66,66,38,38,42,73,22,109,100,100,100,88,80,80,66,99,99,99,103,103,103,115,115,43],"gold":0,"neow_bonus":"THREE_ENEMY_KILL","is_daily":false,"chose_seed":false,"campfire_upgraded":6,"win_rate":0.0,"timestamp":1609568328,"path_taken":["M","?","M","?","M","E","R","M","T","R","?","?","?","M","R","BOSS","M","?","?","M","?","R","M","$","T","E","R","M","?","?","R","BOSS","M","?","?","?","M","R","M","R","T","R","M","$","R","?","R","BOSS"],"items_purchased_type":["Card","Card","Card","Relic","Potion"],"build_version":"2020-12-22","purchased_purges":1,"victory":true,"max_hp_per_floor":[60,65,65,65,70,71,71,72,79,79,79,79,79,82,82,83,83,83,86,86,88,88,88,88,88,98,99,99,101,101,105,105,109,109,109,109,109,110,112,112,113,113,113,113,115,115,115,115,115,116],"relic_stats":{"counters":[21,92],"Sundial":[8],"Letter Opener":[10],"obtain_stats":[{"Pear":26,"NeowsBlessing":0,"StuffTheSpire:ForceGauntlet":49,"Enchiridion":22,"Replay:WaspNest":34,"SaiyanHeart":0,"Replay:Ancient Bell":34,"EVO:Axolotl":0,"Letter Opener":46,"hubris:Towel":4,"hubris:Icosahedron":37,"Sundial":6,"Ring of Misfortune":36,"SaiyanSoul":0,"StuffTheSpire:CocoNut":9,"Simple Rune":34,"hubris:CuriousFeather":11,"CultistMask":13,"hubris:GrandSneckoEye":17,"Red Mask":19,"StuffTheSpire:RubySignet":43,"StuffTheSpire:Nightcore":34,"Grinning Jar":27,"ReplayTheSpireMod:Ring of Challenge":36},{"Pear":11,"NeowsBlessing":0,"StuffTheSpire:ForceGauntlet":20,"Enchiridion":10,"Replay:WaspNest":15,"SaiyanHeart":0,"Replay:Ancient Bell":15,"EVO:Axolotl":0,"Letter Opener":20,"hubris:Towel":2,"hubris:Icosahedron":16,"Sundial":4,"Ring of Misfortune":16,"SaiyanSoul":0,"StuffTheSpire:CocoNut":5,"Simple Rune":15,"hubris:CuriousFeather":5,"CultistMask":5,"hubris:GrandSneckoEye":7,"Red Mask":9,"StuffTheSpire:RubySignet":19,"StuffTheSpire:Nightcore":15,"Grinning Jar":12,"ReplayTheSpireMod:Ring of Challenge":16},{"Pear":47,"NeowsBlessing":0,"StuffTheSpire:ForceGauntlet":85,"Enchiridion":43,"Replay:WaspNest":65,"SaiyanHeart":0,"Replay:Ancient Bell":65,"EVO:Axolotl":0,"Letter Opener":85,"hubris:Towel":2,"hubris:Icosahedron":68,"Sundial":14,"Ring of Misfortune":68,"SaiyanSoul":0,"StuffTheSpire:CocoNut":17,"Simple Rune":65,"hubris:CuriousFeather":17,"CultistMask":17,"hubris:GrandSneckoEye":32,"Red Mask":38,"StuffTheSpire:RubySignet":80,"StuffTheSpire:Nightcore":65,"Grinning Jar":50,"ReplayTheSpireMod:Ring of Challenge":68}]},"card_choices":[{"not_picked":["Saiyan:KiExplosion","Saiyan:Flurry"],"picked":"Saiyan:KameHameHa","floor":1},{"not_picked":["Saiyan:AugmentedBlast","Saiyan:Kienzan"],"picked":"Saiyan:RemoveWeights","floor":3},{"not_picked":["Saiyan:Furor","Saiyan:Quickening"],"picked":"Saiyan:Teleport","floor":5},{"not_picked":["Saiyan:Momentum","Saiyan:RemoveWeights"],"picked":"Saiyan:SaiyanHubris","floor":6},{"not_picked":["Saiyan:BigBangAttack","Saiyan:HyperTimeChamber"],"picked":"Saiyan:TurtleShell","floor":8},{"not_picked":["Saiyan:DoubleMasenko","Saiyan:RemoveWeights"],"picked":"Saiyan:PlotArmor","floor":14},{"not_picked":["Saiyan:HyperTimeChamber","Saiyan:MindBoom"],"picked":"Saiyan:Rekindle","floor":16},{"not_picked":["Saiyan:DoubleMasenko","Saiyan:BigBangAttack+1"],"picked":"Saiyan:Quickening","floor":18},{"not_picked":["Saiyan:RemoveWeights","Saiyan:Scouter+1"],"picked":"Saiyan:MeteorDash+1","floor":19},{"not_picked":["Saiyan:Reset+1","Saiyan:Quickening"],"picked":"Saiyan:GenkiDama","floor":21},{"not_picked":["Saiyan:Expend","Saiyan:FingerParry+1"],"picked":"Saiyan:ExpandingShockwave","floor":24},{"not_picked":["Saiyan:ExpandingShockwave+1","Saiyan:FingerParry"],"picked":"Saiyan:KiStrike","floor":27},{"not_picked":["Saiyan:RemoveWeights","Saiyan:DoubleMasenko"],"picked":"Saiyan:PlotArmor","floor":29},{"not_picked":["Saiyan:ReverberatingForce","Saiyan:KameHameHa"],"picked":"Saiyan:PowerStance+1","floor":31},{"not_picked":["Saiyan:SolarFlare","Saiyan:SenzuBean"],"picked":"Saiyan:MonkeyTail","floor":33},{"not_picked":["hubris:Lust","sneckomod:Bewildered"],"picked":"Overencumbered","floor":34},{"not_picked":["ReplayTheSpireMod:Faulty Equipment","hubris:Gluttony"],"picked":"Sickly","floor":34},{"not_picked":["Amnesia","Normality"],"picked":"Clumsy","floor":34},{"not_picked":["Saiyan:Planning+1","Saiyan:Flurry"],"picked":"Saiyan:Reset","floor":35},{"not_picked":["Saiyan:GenkiDama","Saiyan:RemoveWeights+1"],"picked":"Saiyan:SaiyanHubris","floor":38},{"not_picked":["Saiyan:Planning+1","Saiyan:SaiyanHubris"],"picked":"Saiyan:KiExplosion+1","floor":39},{"not_picked":["Saiyan:Planning","Saiyan:SpiritSword+1"],"picked":"Saiyan:PlotArmor","floor":41},{"not_picked":["Saiyan:Overexert","Saiyan:BigBangAttack+1"],"picked":"Saiyan:SoulSpice+1","floor":45}],"player_experience":53846,"relics_obtained":[{"floor":6,"key":"Sundial"},{"floor":9,"key":"StuffTheSpire:CocoNut"},{"floor":19,"key":"Red Mask"},{"floor":22,"key":"Enchiridion"},{"floor":26,"key":"Pear"},{"floor":27,"key":"Grinning Jar"},{"floor":36,"key":"ReplayTheSpireMod:Ring of Challenge"},{"floor":36,"key":"Ring of Misfortune"},{"floor":43,"key":"StuffTheSpire:RubySignet"},{"floor":49,"key":"StuffTheSpire:ForceGauntlet"}],"event_choices":[{"damage_healed":0,"gold_gain":0,"player_choice":"Donut","damage_taken":0,"max_hp_gain":5,"max_hp_loss":0,"event_name":"Big Fish","floor":2,"gold_loss":0},{"damage_healed":0,"gold_gain":0,"player_choice":"Trade","damage_taken":0,"relics_obtained":["CultistMask"],"max_hp_gain":0,"max_hp_loss":0,"event_name":"FaceTrader","floor":13,"gold_loss":0},{"damage_healed":0,"gold_gain":0,"player_choice":"Fought Bandits","damage_taken":0,"max_hp_gain":0,"max_hp_loss":0,"event_name":"Masked Bandits","floor":19,"gold_loss":0},{"damage_healed":0,"gold_gain":0,"player_choice":"Obtained Book","damage_taken":16,"max_hp_gain":0,"max_hp_loss":0,"event_name":"Cursed Tome","floor":22,"gold_loss":0},{"damage_healed":0,"gold_gain":0,"player_choice":"Copied","damage_taken":0,"max_hp_gain":0,"max_hp_loss":0,"event_name":"Duplicator","floor":30,"gold_loss":0,"cards_obtained":["Apotheosis"]}],"is_beta":false,"boss_relics":[{"not_picked":["vexMod:CursedCompass","hubris:VirtuousBlindfold"],"picked":"hubris:GrandSneckoEye"},{"not_picked":["Kintsugi","StuffTheSpire:RunicHypercube"],"picked":"Replay:Ancient Bell"},{"not_picked":["Potion Belt","Orichalcum"],"picked":"Simple Rune"},{"not_picked":["hubris:Reverence","Pantograph"],"picked":"Replay:WaspNest"},{"not_picked":["vexMod:RetaliationKit","Prayer Wheel"],"picked":"StuffTheSpire:Nightcore"}],"items_purged_floors":[12],"is_endless":false,"potions_floor_spawned":[5,8,18,21,31,33,38,45],"ascension_level":0}}