{"host":"a2lvm7nbw6nkrc91","time":1609566675,"event":{"mods":["BaseMod","Friendly Minions","Hermit","Kiyohime£¨?ýï£©","Koishi","Marisa£¨Ùöéë¡¡Øª×âÞÞ£©","Minty Spire (QoL Compilation)","Prisma Mod","Replay The Spire","StSLib","Td1madao Mod","The Bug Knight","The Dragon Tamer"],"gold_per_floor":[117,130,6,81,96,96,96,96],"floor_reached":7,"playtime":136,"items_purged":["KiyohimeMod:Defend"],"score":49,"play_id":"22a0646d-c0aa-4a4f-ad92-100c18295b53","local_time":"20210102145115","is_ascension_mode":true,"campfire_choices":[{"data":"KiyohimeMod:CastleOfTheSun","floor":6,"key":"SMITH"}],"circlet_count":0,"master_deck":["KiyohimeMod:Strike","KiyohimeMod:Strike","KiyohimeMod:Strike","KiyohimeMod:Strike","KiyohimeMod:Defend","KiyohimeMod:Defend","KiyohimeMod:Defend","KiyohimeMod:Track","KiyohimeMod:FlameKiss","KiyohimeMod:Shapeshift","KiyohimeMod:RedBlackKey","KiyohimeMod:GreenBlackKey","KiyohimeMod:Berserker","KiyohimeMod:CastleOfTheSun+1"],"relics":["KiyohimeMod:FireDragon","NeowsBlessing"],"acts_visited":["Exordium"],"potions_floor_usage":[],"damage_taken":[{"damage":0,"enemies":"Cultist","floor":1,"turns":1},{"damage":0,"enemies":"2 Louse","floor":2,"turns":1},{"damage":0,"enemies":"Jaw Worm","floor":5,"turns":1},{"damage":51,"enemies":"3 Sentries","floor":7,"turns":8}],"seed_played":"7795581757962013952","potions_obtained":[{"floor":1,"key":"EssenceOfSteel"}],"is_trial":false,"path_per_floor":["M","M","$","?","M","R","E"],"character_chosen":"Kiyohime","items_purchased":["KiyohimeMod:Berserker"],"campfire_rested":0,"item_purchase_floors":[3],"current_hp_per_floor":[60,60,60,49,49,49,0,0],"gold":96,"neow_bonus":"THREE_ENEMY_KILL","is_daily":false,"chose_seed":false,"campfire_upgraded":1,"win_rate":0.0,"timestamp":1609566675,"path_taken":["M","?","$","?","M","R","E"],"items_purchased_type":["Card"],"build_version":"2020-12-22","purchased_purges":1,"victory":false,"max_hp_per_floor":[60,60,60,60,60,60,60,60],"card_choices":[{"not_picked":["KiyohimeMod:FormalCraft","KiyohimeMod:WaterTurn"],"picked":"KiyohimeMod:RedBlackKey","floor":1},{"not_picked":["KiyohimeMod:Preemptive","KiyohimeMod:SteelTraining"],"picked":"KiyohimeMod:GreenBlackKey","floor":2},{"not_picked":["KiyohimeMod:WaterTurn","KiyohimeMod:EatSoul"],"picked":"KiyohimeMod:CastleOfTheSun","floor":5}],"player_experience":514585,"relics_obtained":[],"event_choices":[{"damage_healed":0,"gold_gain":75,"player_choice":"Gather Gold","damage_taken":11,"max_hp_gain":0,"max_hp_loss":0,"event_name":"World of Goop","floor":4,"gold_loss":0}],"is_beta":false,"boss_relics":[],"items_purged_floors":[3],"is_endless":false,"potions_floor_spawned":[1],"killed_by":"3 Sentries","ascension_level":4}}