{"host":"4axoa1rfjgnprp9l","time":1609600441,"event":{"mods":["2.2 Compatiblity","AchievementEnabler","BaseMod","Colored Map","DeckTracker","Highlight Path","Minty Spire (QoL Compilation)","Permanent Neow","StSLib","SuperFastMode"],"gold_per_floor":[113,126,137,151,164,164,6,36,36,64,64,90,15,35,35,113,113,125,140,140,155,175,209,209,237,261,261,290,304,304,92,92,92,92],"floor_reached":33,"playtime":1190,"items_purged":["Strike_G","Decay"],"score":654,"play_id":"90a24ff7-7c27-4403-b426-d6dc3bfd4e03","local_time":"20210103001401","is_ascension_mode":true,"campfire_choices":[{"data":"Dash","floor":6.0,"key":"SMITH"},{"data":"Terror","floor":11.0,"key":"SMITH"},{"data":"Die Die Die","floor":15.0,"key":"SMITH"},{"data":"Footwork","floor":24.0,"key":"SMITH"},{"data":"Wraith Form v2","floor":32.0,"key":"SMITH"}],"circlet_count":0,"master_deck":["AscendersBane","Strike_G+1","Strike_G+1","Strike_G+1","Defend_G+1","Defend_G+1","Defend_G+1","Defend_G+1","Defend_G+1","Survivor+1","Neutralize","CurseOfTheBell","Blade Dance","Backstab","Dash+1","All Out Attack","Backflip","Footwork+1","Terror+1","Slice","Die Die Die+1","Wraith Form v2+1","Dodge and Roll","Reflex","Tactician","Acrobatics"],"relics":["Calling Bell","War Paint","InkBottle","Torii","Orichalcum","CaptainsWheel","Du-Vu Doll","Unceasing Top","HoveringKite","Smiling Mask","Centennial Puzzle","Bag of Preparation","Blood Vial","ClockworkSouvenir"],"acts_visited":["Exordium","TheCity"],"potions_floor_usage":[33],"damage_taken":[{"damage":1.0,"enemies":"Small Slimes","floor":1.0,"turns":5.0},{"damage":1.0,"enemies":"2 Louse","floor":2.0,"turns":4.0},{"damage":0.0,"enemies":"Cultist","floor":3.0,"turns":3.0},{"damage":1.0,"enemies":"Blue Slaver","floor":4.0,"turns":4.0},{"damage":8.0,"enemies":"Exordium Wildlife","floor":5.0,"turns":3.0},{"damage":2.0,"enemies":"Lagavulin","floor":8.0,"turns":7.0},{"damage":2.0,"enemies":"3 Sentries","floor":10.0,"turns":8.0},{"damage":2.0,"enemies":"Lagavulin","floor":12.0,"turns":6.0},{"damage":6.0,"enemies":"Large Slime","floor":14.0,"turns":4.0},{"damage":2.0,"enemies":"The Guardian","floor":16.0,"turns":8.0},{"damage":1.0,"enemies":"Chosen","floor":18.0,"turns":3.0},{"damage":2.0,"enemies":"3 Byrds","floor":19.0,"turns":5.0},{"damage":10.0,"enemies":"Centurion and Healer","floor":21.0,"turns":5.0},{"damage":2.0,"enemies":"Chosen and Byrds","floor":22.0,"turns":6.0},{"damage":9.0,"enemies":"Book of Stabbing","floor":23.0,"turns":5.0},{"damage":23.0,"enemies":"Gremlin Leader","floor":25.0,"turns":7.0},{"damage":1.0,"enemies":"Book of Stabbing","floor":28.0,"turns":4.0},{"damage":7.0,"enemies":"Snecko","floor":29.0,"turns":4.0},{"damage":44,"enemies":"Champ","floor":33,"turns":12}],"seed_played":"4658982847519611989","potions_obtained":[{"floor":2.0,"key":"Dexterity Potion"},{"floor":4.0,"key":"EntropicBrew"},{"floor":8.0,"key":"Fruit Juice"},{"floor":12.0,"key":"Energy Potion"},{"floor":16.0,"key":"Explosive Potion"},{"floor":22.0,"key":"CunningPotion"},{"floor":28.0,"key":"CunningPotion"},{"floor":29.0,"key":"Block Potion"}],"is_trial":false,"path_per_floor":["M","M","M","M","M","R","$","E","T","E","R","E","?","M","R","B",null,"M","M","?","M","M","E","R","E","T","?","E","M","?","$","R","B"],"character_chosen":"THE_SILENT","items_purchased":["Footwork","ClockworkSouvenir"],"campfire_rested":0,"item_purchase_floors":[7,31],"current_hp_per_floor":[58,57,57,56,48,48,48,51,51,49,49,47,47,41,41,39,63,62,60,60,50,48,39,39,16,16,30,29,24,24,24,24,0,0],"gold":92,"neow_bonus":"BOSS_RELIC","is_daily":false,"chose_seed":false,"campfire_upgraded":5,"win_rate":0.0,"timestamp":1609600441,"path_taken":["M","M","M","M","M","R","$","E","T","E","R","E","?","M","R","BOSS","M","M","?","M","M","E","R","E","T","?","E","M","?","?","R","BOSS"],"items_purchased_type":["Card","Relic"],"build_version":"2020-12-22","purchased_purges":2,"victory":false,"max_hp_per_floor":[66,66,66,66,66,66,66,71,71,71,71,71,71,71,71,71,71,71,71,71,71,71,71,71,71,71,71,71,71,71,71,71,71,71],"card_choices":[{"not_picked":["Prepared","Reflex"],"picked":"Blade Dance","floor":1.0},{"not_picked":["Well Laid Plans","Underhanded Strike"],"picked":"Backstab","floor":2.0},{"not_picked":["Sucker Punch","Bane"],"picked":"Dash","floor":3.0},{"not_picked":["Dash","Well Laid Plans"],"picked":"All Out Attack","floor":4.0},{"not_picked":["Flying Knee","Sucker Punch"],"picked":"Backflip","floor":5.0},{"not_picked":["Leg Sweep","Sucker Punch","Quick Slash"],"picked":"SKIP","floor":8.0},{"not_picked":["Dash","Escape Plan"],"picked":"Terror","floor":10.0},{"not_picked":["Flying Knee","Crippling Poison"],"picked":"Slice","floor":12.0},{"not_picked":["Caltrops","Tactician"],"picked":"Die Die Die","floor":14.0},{"not_picked":["Grand Finale","Envenom"],"picked":"Wraith Form v2","floor":16.0},{"not_picked":["Sucker Punch","Poisoned Stab","Deadly Poison"],"picked":"SKIP","floor":18.0},{"not_picked":["Bane","Dagger Spray"],"picked":"Dodge and Roll","floor":19.0},{"not_picked":["Acrobatics","Skewer","Deflect"],"picked":"SKIP","floor":21.0},{"not_picked":["Flying Knee","Catalyst+1"],"picked":"Reflex","floor":22.0},{"not_picked":["Corpse Explosion","Deflect","Poisoned Stab"],"picked":"SKIP","floor":23.0},{"not_picked":["Blade Dance","Sucker Punch","Underhanded Strike"],"picked":"SKIP","floor":25.0},{"not_picked":["Grand Finale","Cloak And Dagger"],"picked":"Tactician","floor":28.0},{"not_picked":["Poisoned Stab","Quick Slash"],"picked":"Acrobatics","floor":29.0}],"player_experience":768003,"relics_obtained":[{"floor":0.0,"key":"War Paint"},{"floor":0.0,"key":"InkBottle"},{"floor":0.0,"key":"Torii"},{"floor":8.0,"key":"Orichalcum"},{"floor":9.0,"key":"CaptainsWheel"},{"floor":10.0,"key":"Du-Vu Doll"},{"floor":12.0,"key":"Unceasing Top"},{"floor":23.0,"key":"Smiling Mask"},{"floor":25.0,"key":"Centennial Puzzle"},{"floor":26.0,"key":"Bag of Preparation"},{"floor":28.0,"key":"Blood Vial"}],"event_choices":[{"cards_removed":["Strike_G"],"damage_healed":0.0,"max_hp_gain":0.0,"max_hp_loss":0.0,"gold_gain":0.0,"event_name":"The Cleric","player_choice":"Card Removal","floor":13.0,"gold_loss":75.0,"damage_taken":0.0},{"damage_healed":0.0,"max_hp_gain":0.0,"max_hp_loss":0.0,"gold_gain":0.0,"event_name":"Back to Basics","player_choice":"Simplicity","floor":20.0,"gold_loss":0.0,"damage_taken":0.0,"cards_upgraded":["Strike_G","Strike_G","Strike_G","Defend_G","Defend_G","Defend_G","Defend_G"]},{"damage_healed":14.0,"max_hp_gain":0.0,"max_hp_loss":0.0,"gold_gain":0.0,"event_name":"The Library","player_choice":"Heal","floor":27.0,"gold_loss":0.0,"damage_taken":0.0},{"damage_healed":0.0,"max_hp_gain":0.0,"max_hp_loss":0.0,"gold_gain":0.0,"event_name":"Forgotten Altar","player_choice":"Smashed Altar","floor":30.0,"gold_loss":0.0,"damage_taken":0.0,"cards_obtained":["Decay"]}],"is_beta":false,"boss_relics":[{"not_picked":["Fusion Hammer","Runic Dome"],"picked":"HoveringKite"}],"items_purged_floors":[7,31],"is_endless":false,"potions_floor_spawned":[2,4,8,12,16,22,28,29],"killed_by":"Champ","ascension_level":20}}