{"host":"nlbr7nnijupf3yfg","time":1609625489,"event":{"mods":["AchievementEnabler","BaseMod","Colored Powertips","DeckTracker","Downfall","Hubris","Minty Spire (QoL Compilation)","Replay The Spire","StSLib","SuperFastMode"],"gold_per_floor":[109,109,129,129,129,164,164,188,188,200,213,213,213,225,225,329,329,348,368,61,61,71,71,98,98,98,118,118,118,137,150,150,246,246,265,285,38,53,53,85,85,85,137,137,148,148,99,118,118,118,118],"floor_reached":50,"playtime":1326,"items_purged":["Strike_G","Strike_G"],"score":692,"play_id":"b35cf347-eb81-43d9-af87-acadc3d2c766","local_time":"20210102171129","is_ascension_mode":false,"campfire_choices":[{"data":"Die Die Die","floor":7,"key":"SMITH"},{"floor":12,"key":"REST"},{"floor":15,"key":"REST"},{"floor":23,"key":"REST"},{"floor":25,"key":"REST"},{"floor":32,"key":"REST"},{"floor":41,"key":"REST"},{"floor":44,"key":"REST"},{"floor":49,"key":"REST"}],"circlet_count":0,"master_deck":["Strike_G","Defend_G","Defend_G","Defend_G","Survivor","Neutralize","Blade Dance","Crippling Poison+1","Phantasmal Killer","Die Die Die+1","Blade Dance","Blade Dance","Blur","Acrobatics","ReplayTheSpireMod:From All Sides","Caltrops+1","Skewer+1","Dash","Atom Bomb","Deflect","ReplayTheSpireMod:Scrap Shanks+1","Poison Darts","Hidden Blade","Backflip+1","ReplayTheSpireMod:Speed Training+1","ReplayTheSpireMod:Necrosis","Outmaneuver+1","Flying Knee","Dagger Spray+1","Skewer","Toxin Wave+1","Poisoned Stab"],"relics":["Ring of the Snake","NeowsBlessing","Ancient Tea Set","Odd Mushroom","hubris:DeckOfHolding","Honey Jar","Omamori","hubris:BundleOfHerbs","Replay:Bottled Snecko","CultistMask","Philosopher\u0027s Stone","hubris:EmptyBottle","hubris:Towel","Replay:Mystery Machine","Blue Doll"],"acts_visited":["Exordium","TheCity","TheBeyond"],"potions_floor_usage":[16,16,30,31,40,40,40,40,50,50,50,50,50,50],"damage_taken":[{"damage":0,"enemies":"Small Slimes","floor":1,"turns":1},{"damage":0,"enemies":"2 Louse","floor":3,"turns":1},{"damage":0,"enemies":"Gremlin Nob","floor":6,"turns":1},{"damage":13,"enemies":"The Mushroom Lair","floor":8,"turns":3},{"damage":6,"enemies":"Jaw Worm","floor":10,"turns":4},{"damage":9,"enemies":"Red Slaver","floor":11,"turns":2},{"damage":0,"enemies":"Looter","floor":14,"turns":2},{"damage":32,"enemies":"Fading Forest","floor":16,"turns":11},{"damage":22,"enemies":"Shell Parasite","floor":18,"turns":4},{"damage":2,"enemies":"3 Byrds","floor":19,"turns":3},{"damage":19,"enemies":"Shelled Parasite and Fungi","floor":22,"turns":5},{"damage":3,"enemies":"Replay:Snechameleon","floor":24,"turns":4},{"damage":4,"enemies":"Snecko","floor":27,"turns":2},{"damage":10,"enemies":"Chosen and Byrds","floor":30,"turns":3},{"damage":1,"enemies":"Shelled Parasite and Fungi","floor":31,"turns":2},{"damage":44,"enemies":"Pondfish","floor":33,"turns":14},{"damage":0,"enemies":"Orb Walker","floor":35,"turns":1},{"damage":13,"enemies":"3 Shapes","floor":36,"turns":4},{"damage":31,"enemies":"Maw","floor":38,"turns":6},{"damage":31,"enemies":"Nemesis","floor":40,"turns":5},{"damage":10,"enemies":"3 Darklings","floor":45,"turns":3},{"damage":18,"enemies":"Transient","floor":48,"turns":5},{"damage":64,"enemies":"hubris:GrandSnecko","floor":50,"turns":6}],"seed_played":"8200812122112007796","potions_obtained":[{"floor":6,"key":"CultistPotion"},{"floor":10,"key":"GamblersBrew"},{"floor":11,"key":"Block Potion"},{"floor":16,"key":"Explosive Potion"},{"floor":22,"key":"Strength Potion"},{"floor":30,"key":"Explosive Potion"},{"floor":33,"key":"Adrenaline Potion"},{"floor":38,"key":"Poison Potion"},{"floor":40,"key":"SpeedPotion"}],"is_trial":false,"path_per_floor":["M","?","M","$","?","E","R","?","T","M","M","R","$","M","R","B",null,"M","M","$","?","M","R","E","R","T","M","?","?","M","M","R","B",null,"M","M","$","M","?","E","R","?","T","R","M","?","$","M","R","B"],"character_chosen":"THE_SILENT","items_purchased":["Omamori","Dash","hubris:EmptyBottle","Adrenaline Potion"],"campfire_rested":8,"item_purchase_floors":[20,20,37,47],"current_hp_per_floor":[70,70,70,70,63,63,63,50,50,44,35,56,56,56,70,48,70,48,46,46,46,27,48,45,66,66,62,62,62,52,51,70,26,70,70,57,57,26,26,37,58,70,70,70,60,60,60,42,63,0,0],"gold":118,"neow_bonus":"THREE_ENEMY_KILL","is_daily":false,"chose_seed":false,"campfire_upgraded":1,"win_rate":0.0,"timestamp":1609625489,"path_taken":["M","?","M","$","?","E","R","?","T","?","M","R","?","M","R","BOSS","M","M","$","?","M","R","E","R","T","M","?","?","M","M","R","BOSS","M","M","$","?","?","E","R","?","T","R","M","?","$","M","R","BOSS"],"items_purchased_type":["Relic","Card","Relic","Potion"],"build_version":"2020-12-22","purchased_purges":2,"victory":false,"max_hp_per_floor":[70,70,70,70,70,70,70,70,70,70,70,70,70,70,70,70,70,70,70,70,70,70,70,70,70,70,70,70,70,70,70,70,70,70,70,70,70,70,70,70,70,70,70,70,70,70,70,70,70,70,70],"card_choices":[{"not_picked":["Slice","Prepared"],"picked":"Blade Dance","floor":1},{"not_picked":["Deflect","Eviscerate"],"picked":"Phantasmal Killer","floor":3},{"not_picked":["Blur","Choke"],"picked":"Die Die Die","floor":6},{"not_picked":["Quick Slash","Outmaneuver"],"picked":"Blade Dance","floor":8},{"not_picked":["Dagger Spray","Prepared"],"picked":"Blade Dance","floor":10},{"not_picked":["Endless Agony","Infinite Blades"],"picked":"Blur","floor":11},{"not_picked":["Prepared","Deflect"],"picked":"Acrobatics","floor":14},{"not_picked":["Venomology","Envenom"],"picked":"ReplayTheSpireMod:From All Sides","floor":16},{"not_picked":["Sneak Up","Acrobatics","Sucker Punch"],"picked":"Caltrops+1","floor":18},{"not_picked":["Deflect","ReplayTheSpireMod:Speed Training","Backflip"],"picked":"Skewer+1","floor":19},{"not_picked":["Flying Knee","Heel Hook","Acrobatics+1"],"picked":"ReplayTheSpireMod:Scrap Shanks+1","floor":22},{"not_picked":["Dagger Spray","Masterful Stab","Well Laid Plans"],"picked":"Poison Darts","floor":24},{"not_picked":["Underhanded Strike","Eviscerate","Dash"],"picked":"Hidden Blade","floor":27},{"not_picked":["Dagger Spray","Leg Sweep","Hidden Blade+1"],"picked":"Backflip+1","floor":30},{"not_picked":["Endless Agony","Flying Knee","Deflect"],"picked":"ReplayTheSpireMod:Speed Training+1","floor":31},{"not_picked":["Poison Darts","Bullet Time","Envenom"],"picked":"ReplayTheSpireMod:Necrosis","floor":33},{"not_picked":["Dash+1","Endless Agony+1","ReplayTheSpireMod:Scrap Shanks"],"picked":"Outmaneuver+1","floor":35},{"not_picked":["Underhanded Strike+1","Finisher","Dodge and Roll"],"picked":"Flying Knee","floor":36},{"not_picked":["PiercingWail+1","Reflex","Blur"],"picked":"Dagger Spray+1","floor":38},{"not_picked":["Dagger Throw+1","Caltrops","Backflip"],"picked":"Skewer","floor":40},{"not_picked":["Deadly Poison+1","Dagger Spray","Footwork"],"picked":"Toxin Wave+1","floor":45},{"not_picked":["Sucker Punch+1","Dagger Spray","Quick Slash"],"picked":"Poisoned Stab","floor":48}],"player_experience":29356,"relics_obtained":[{"floor":6,"key":"Ancient Tea Set"},{"floor":8,"key":"Odd Mushroom"},{"floor":9,"key":"hubris:DeckOfHolding"},{"floor":24,"key":"hubris:BundleOfHerbs"},{"floor":26,"key":"Replay:Bottled Snecko"},{"floor":40,"key":"Replay:Mystery Machine"},{"floor":43,"key":"Blue Doll"}],"event_choices":[{"cards_removed":["Defend_G"],"damage_healed":0,"gold_gain":0,"player_choice":"Card Removal","damage_taken":7,"max_hp_gain":0,"max_hp_loss":0,"event_name":"Golden Wing","floor":5,"gold_loss":0},{"damage_healed":0,"gold_gain":0,"player_choice":"Fought Mushrooms","damage_taken":0,"max_hp_gain":0,"max_hp_loss":0,"event_name":"Mushrooms","floor":8,"gold_loss":0},{"damage_healed":0,"gold_gain":0,"cards_transformed":["Strike_G","Strike_G"],"player_choice":"Became Test Subject","damage_taken":0,"max_hp_gain":0,"max_hp_loss":0,"event_name":"Drug Dealer","floor":21,"gold_loss":0,"cards_obtained":["Atom Bomb","Deflect"]},{"damage_healed":0,"gold_gain":0,"player_choice":"Ignored","damage_taken":0,"max_hp_gain":0,"max_hp_loss":0,"event_name":"Vampires","floor":28,"gold_loss":0},{"damage_healed":0,"gold_gain":0,"player_choice":"Trade","damage_taken":0,"relics_obtained":["CultistMask"],"max_hp_gain":0,"max_hp_loss":0,"event_name":"FaceTrader","floor":29,"gold_loss":0},{"damage_healed":18,"gold_gain":0,"player_choice":"Writhe","damage_taken":0,"max_hp_gain":0,"max_hp_loss":0,"event_name":"Winding Halls","floor":42,"gold_loss":0,"cards_obtained":["Writhe"]},{"damage_healed":0,"gold_gain":0,"player_choice":"Ignored","damage_taken":0,"max_hp_gain":0,"max_hp_loss":0,"event_name":"NoteForYourself","floor":46,"gold_loss":0}],"is_beta":false,"boss_relics":[{"not_picked":["Kintsugi","hubris:HollowSoul"],"picked":"Honey Jar"},{"not_picked":["Velvet Choker","hubris:CrackedHourglass"],"picked":"Philosopher\u0027s Stone"}],"items_purged_floors":[20,37],"is_endless":false,"potions_floor_spawned":[6,10,11,16,22,30,33,38,40],"killed_by":"hubris:GrandSnecko","ascension_level":0}}