{"host":"axuns55dzq466eei","time":1609595826,"event":{"mods":["BaseMod","Colored Map","Keyboard Shortcuts","Minty Spire (QoL Compilation)","StSLib","SuperFastMode"],"gold_per_floor":[118,118,268,268,281,313,313,160,215,215,229,244,273,72,72,72,72],"floor_reached":16,"playtime":284,"items_purged":["Doubt","Strike_G"],"score":266,"play_id":"430ee46e-9169-4fdf-a750-8235bf9804cc","local_time":"20210102225706","is_ascension_mode":true,"campfire_choices":[{"data":"Dagger Throw","floor":7,"key":"SMITH"},{"data":"Accuracy","floor":10,"key":"SMITH"},{"floor":15,"key":"REST"}],"circlet_count":0,"master_deck":["AscendersBane","Strike_G","Strike_G","Strike_G+1","Strike_G","Defend_G","Defend_G","Defend_G","Defend_G+1","Defend_G","Survivor","Neutralize","Dagger Throw+1","Blade Dance","Dagger Spray","Accuracy+1","Prepared","Backflip","Well Laid Plans"],"relics":["Ring of the Snake","NeowsBlessing","Regal Pillow","Dream Catcher","Molten Egg 2"],"acts_visited":["Exordium"],"potions_floor_usage":[12,16],"damage_taken":[{"damage":0,"enemies":"2 Louse","floor":1,"turns":1},{"damage":0,"enemies":"Small Slimes","floor":5,"turns":1},{"damage":0,"enemies":"Gremlin Nob","floor":6,"turns":1},{"damage":0,"enemies":"Jaw Worm","floor":11,"turns":3},{"damage":15,"enemies":"Exordium Thugs","floor":12,"turns":5},{"damage":22,"enemies":"Lagavulin","floor":13,"turns":6},{"damage":39,"enemies":"Hexaghost","floor":16,"turns":9}],"seed_played":"-5743105061493906557","potions_obtained":[{"floor":11,"key":"SkillPotion"},{"floor":13,"key":"DistilledChaos"}],"is_trial":false,"path_per_floor":["M","?","?","?","M","E","R","$","T","R","M","M","E","$","R","B"],"character_chosen":"THE_SILENT","items_purchased":["Accuracy","Backflip","Well Laid Plans"],"campfire_rested":1,"item_purchase_floors":[8,14,14],"current_hp_per_floor":[59,59,59,39,39,39,39,39,39,39,39,24,2,2,36,0,0],"gold":72,"neow_bonus":"THREE_ENEMY_KILL","is_daily":false,"chose_seed":false,"campfire_upgraded":2,"win_rate":0.0,"timestamp":1609595826,"path_taken":["M","?","?","?","M","E","R","$","T","R","?","M","E","?","R","BOSS"],"items_purchased_type":["Card","Card","Card"],"build_version":"2020-12-22","purchased_purges":2,"victory":false,"max_hp_per_floor":[66,66,66,66,66,66,66,66,66,66,66,66,66,66,66,66,66],"card_choices":[{"not_picked":["PiercingWail","Flechettes"],"picked":"Dagger Throw","floor":1},{"not_picked":["Catalyst","Escape Plan"],"picked":"Blade Dance","floor":5},{"not_picked":["Distraction","Quick Slash"],"picked":"Dagger Spray","floor":6},{"not_picked":["Choke","Calculated Gamble","Deadly Poison"],"picked":"SKIP","floor":11},{"not_picked":["Dagger Spray","Bouncing Flask","Poisoned Stab"],"picked":"SKIP","floor":12},{"not_picked":["Quick Slash+1","A Thousand Cuts"],"picked":"Prepared","floor":13}],"player_experience":1052744,"relics_obtained":[{"floor":6,"key":"Regal Pillow"},{"floor":9,"key":"Dream Catcher"},{"floor":13,"key":"Molten Egg 2"}],"event_choices":[{"damage_healed":0,"gold_gain":0,"player_choice":"Ignored","damage_taken":0,"max_hp_gain":0,"max_hp_loss":0,"event_name":"Golden Idol","floor":2,"gold_loss":0},{"damage_healed":0,"gold_gain":150,"player_choice":"AGREE","damage_taken":0,"max_hp_gain":0,"max_hp_loss":0,"event_name":"Liars Game","floor":3,"gold_loss":0,"cards_obtained":["Doubt"]},{"damage_healed":0,"gold_gain":0,"player_choice":"Entered Light","damage_taken":20,"max_hp_gain":0,"max_hp_loss":0,"event_name":"Shining Light","floor":4,"gold_loss":0,"cards_upgraded":["Strike_G","Defend_G"]}],"is_beta":false,"boss_relics":[],"items_purged_floors":[8,14],"is_endless":false,"potions_floor_spawned":[11,13],"killed_by":"Hexaghost","ascension_level":20}}