{"host":"Jonboy","time":1609623550,"event":{"mods":["AchievementEnabler","BaseMod","Block Reminder","Colored Powertips","Minty Spire (QoL Compilation)","Relic Stats"],"gold_per_floor":[109,109,124,142,152,193,53,53,53,65,65,87,126,147,147,232,232,244,269,296,341,360,395,395,395,395],"floor_reached":25,"playtime":1619,"items_purged":[],"score":570,"play_id":"d0a50800-153f-4759-9714-5a35dbb2e736","local_time":"20210102213910","is_ascension_mode":true,"campfire_choices":[{"floor":8,"key":"REST"},{"floor":11,"key":"REST"},{"floor":15,"key":"REST"},{"data":"Blasphemy","floor":24,"key":"SMITH"}],"circlet_count":0,"master_deck":["AscendersBane","Defend_P","Defend_P","Defend_P","Defend_P","Eruption","Vigilance","FlyingSleeves","SashWhip","ReachHeaven","Wallop","Vault","CutThroughFate","Blasphemy+1","FlurryOfBlows","SpiritShield","Tantrum","EmptyMind","Bite","Bite","Bite","Bite","Bite","TalkToTheHand"],"relics":["Black Star","CeramicFish","Bottled Flame","Art of War","Pear","Yang","Snecko Eye","Potion Belt","Dream Catcher"],"acts_visited":["Exordium","TheCity"],"potions_floor_usage":[6,16,22,23,25],"damage_taken":[{"damage":4,"enemies":"Small Slimes","floor":1,"turns":4},{"damage":2,"enemies":"Jaw Worm","floor":3,"turns":5},{"damage":1,"enemies":"Cultist","floor":4,"turns":4},{"damage":1,"enemies":"2 Fungi Beasts","floor":5,"turns":3},{"damage":26,"enemies":"Gremlin Nob","floor":6,"turns":4},{"damage":22,"enemies":"Exordium Wildlife","floor":10,"turns":6},{"damage":3,"enemies":"Looter","floor":12,"turns":4},{"damage":14,"enemies":"3 Sentries","floor":13,"turns":9},{"damage":0,"enemies":"Blue Slaver","floor":14,"turns":2},{"damage":0,"enemies":"Slime Boss","floor":16,"turns":3},{"damage":0,"enemies":"Chosen","floor":18,"turns":3},{"damage":8,"enemies":"2 Thieves","floor":19,"turns":5},{"damage":2,"enemies":"Snecko","floor":20,"turns":5},{"damage":11,"enemies":"Shelled Parasite and Fungi","floor":22,"turns":4},{"damage":7,"enemies":"Gremlin Leader","floor":23,"turns":6},{"damage":100028,"enemies":"Slavers","floor":25,"turns":6}],"seed_played":"-4137792611245080553","potions_obtained":[{"floor":1,"key":"LiquidBronze"},{"floor":5,"key":"SpeedPotion"},{"floor":13,"key":"LiquidMemories"},{"floor":14,"key":"Strength Potion"},{"floor":16,"key":"SteroidPotion"},{"floor":22,"key":"Weak Potion"},{"floor":23,"key":"AttackPotion"}],"is_trial":false,"path_per_floor":["M","?","M","M","M","E","$","R","T","M","R","M","E","M","R","B",null,"M","M","M","?","M","E","R","E"],"character_chosen":"WATCHER","items_purchased":["Vault"],"campfire_rested":3,"item_purchase_floors":[7],"current_hp_per_floor":[57,37,35,34,33,7,7,27,27,5,25,22,18,18,41,41,69,69,61,59,54,43,50,50,0,0],"gold":395,"neow_bonus":"BOSS_RELIC","is_daily":false,"chose_seed":false,"campfire_upgraded":1,"win_rate":0.0,"timestamp":1609623550,"path_taken":["M","?","M","M","M","E","$","R","T","M","R","M","E","M","R","BOSS","M","M","M","?","M","E","R","E"],"items_purchased_type":["Card"],"build_version":"2020-12-18","purchased_purges":0,"victory":false,"max_hp_per_floor":[68,68,68,68,68,68,68,68,68,68,68,68,78,78,78,78,78,78,78,78,54,54,54,54,54,54],"relic_stats":{"Dream Catcher":0,"counters":[16,72],"CeramicFish":126,"Snecko Eye":[41,46,54,57],"Yang":[71],"Black Star":3,"Art of War":[2],"obtain_stats":[{"Potion Belt":23,"Bottled Flame":6,"Dream Catcher":23,"Pear":13,"CeramicFish":6,"Snecko Eye":17,"Yang":13,"Black Star":0,"Art of War":9,"PureWater":0},{"Potion Belt":15,"Bottled Flame":5,"Dream Catcher":15,"Pear":8,"CeramicFish":5,"Snecko Eye":10,"Yang":8,"Black Star":0,"Art of War":5,"PureWater":0},{"Potion Belt":67,"Bottled Flame":20,"Dream Catcher":67,"Pear":39,"CeramicFish":20,"Snecko Eye":44,"Yang":39,"Black Star":0,"Art of War":20,"PureWater":0}]},"card_choices":[{"not_picked":["Sanctity","CutThroughFate"],"picked":"FlyingSleeves","floor":1},{"not_picked":["Wireheading","Study"],"picked":"SashWhip","floor":3},{"not_picked":["CrushJoints","ClearTheMind"],"picked":"ReachHeaven","floor":4},{"not_picked":["Crescendo","Pray","PathToVictory"],"picked":"SKIP","floor":5},{"not_picked":["TalkToTheHand","EmptyBody"],"picked":"Wallop","floor":6},{"not_picked":["SignatureMove","ClearTheMind","Crescendo"],"picked":"SKIP","floor":10},{"not_picked":["DevaForm","InnerPeace"],"picked":"CutThroughFate","floor":12},{"not_picked":["FollowUp","Weave"],"picked":"Blasphemy","floor":13},{"not_picked":["Evaluate","Crescendo"],"picked":"FlurryOfBlows","floor":14},{"not_picked":["Alpha","MasterReality"],"picked":"SpiritShield","floor":16},{"not_picked":["FlurryOfBlows","CrushJoints","EmptyBody"],"picked":"SKIP","floor":18},{"not_picked":["Crescendo","WaveOfTheHand"],"picked":"Tantrum","floor":19},{"not_picked":["Crescendo+1","Halt"],"picked":"EmptyMind","floor":20},{"not_picked":["JustLucky","CrushJoints","Pray"],"picked":"SKIP","floor":22},{"not_picked":["Tantrum","WheelKick"],"picked":"TalkToTheHand","floor":23}],"player_experience":421500,"relics_obtained":[{"floor":6,"key":"CeramicFish"},{"floor":6,"key":"Bottled Flame"},{"floor":9,"key":"Art of War"},{"floor":13,"key":"Pear"},{"floor":13,"key":"Yang"},{"floor":23,"key":"Potion Belt"},{"floor":23,"key":"Dream Catcher"}],"event_choices":[{"damage_healed":0,"gold_gain":0,"player_choice":"Entered Light","damage_taken":20,"max_hp_gain":0,"max_hp_loss":0,"event_name":"Shining Light","floor":2,"gold_loss":0,"cards_upgraded":["Strike_P","Strike_P"]},{"damage_healed":0,"gold_gain":0,"player_choice":"Became a vampire","damage_taken":0,"max_hp_gain":0,"max_hp_loss":24,"event_name":"Vampires","floor":21,"gold_loss":0,"cards_obtained":["Bite","Bite","Bite","Bite","Bite"]}],"is_beta":true,"boss_relics":[{"not_picked":["Busted Crown","Velvet Choker"],"picked":"Snecko Eye"}],"items_purged_floors":[],"is_endless":false,"potions_floor_spawned":[1,5,13,14,16,22,23],"killed_by":"Slavers","ascension_level":18}}