{"host":"kev6uqotw4tlyx8l","time":1609591951,"event":{"mods":["Act Like it!","Aspiration","BaseMod","Colored Powertips","Dota2Spire","Downfall","Hallownest","Infinite Spire","Marisa????????","Minty Spire (QoL Compilation)","Quick Restart","Remilia??????","Replay The Spire","StSLib","The Cursed","The Marked","The Mystic","The Servant 0.9.4"],"gold_per_floor":[363,382,382,382,402,436,448,513,513,528,543,31,47,63,63,164,164,180,191,241,231,281,281,310,429,452,464,526,576,576,576],"floor_reached":30,"playtime":790,"items_purged":[],"score":319,"play_id":"df6eecb4-1539-4626-948f-942a99e15cc1","local_time":"20210102195231","is_ascension_mode":true,"campfire_choices":[{"floor":15,"key":"REST"},{"floor":23,"key":"REST"}],"circlet_count":0,"master_deck":["theMarked:Defend","theMarked:Defend","theMarked:Defend","theMarked:Defend","theMarked:SoldierOfQuellstein","theMarked:SoldierOfQuellstein","RedMoon","theMarked:BanishingStrike","Poisoned Stab","Neutralize","All Out Attack","theMarked:RogueSparks","theMarked:EternalStudent","theMarked:SwordAndMagic","theMarked:ComboAttacks","theMarked:Abjuration","theMarked:PowerFlow","theMarked:SummonStrength","theMarked:ContemptForTheProud+1","theMarked:Frustration+1","Bite","Bite","Bite","Bite","Bite","Slimebound:CheckThePlaybook","Slimebound:Icky","theMarked:Seal","Pot Of Greed","Pot Of Greed","Pot Of Greed","theMarked:BanishingStrike","Gluttony_TH"],"relics":["theMarked:ArtifactOfAir","SsserpentHead","Happy Flower","Letter Opener","Sling","ReplayFunnel","Tiny Chest","aspiration:FutureDiary","Potion Belt","White Beast Statue","Grinning Jar"],"acts_visited":["Exordium","TheCity"],"potions_floor_usage":[8,8,11,16,24,24,28,30],"damage_taken":[{"damage":1,"enemies":"Cultist","floor":1,"turns":3},{"damage":5,"enemies":"Jaw Worm","floor":2,"turns":5},{"damage":7,"enemies":"2 Louse","floor":5,"turns":2},{"damage":27,"enemies":"Gremlin Nob","floor":6,"turns":5},{"damage":9,"enemies":"Red Slaver","floor":7,"turns":3},{"damage":4,"enemies":"2 Fungi Beasts","floor":8,"turns":2},{"damage":1,"enemies":"Exordium Wildlife","floor":10,"turns":3},{"damage":0,"enemies":"Large Slime","floor":11,"turns":3},{"damage":1,"enemies":"2 Fungi Beasts","floor":13,"turns":2},{"damage":0,"enemies":"Exordium Thugs","floor":14,"turns":3},{"damage":48,"enemies":"Slime Boss","floor":16,"turns":8},{"damage":18,"enemies":"2 Thieves","floor":18,"turns":5},{"damage":25,"enemies":"Spheric Guardian","floor":19,"turns":4},{"damage":32,"enemies":"Slavers","floor":24,"turns":5},{"damage":11,"enemies":"Snecko","floor":27,"turns":4},{"damage":15,"enemies":"Chosen and Byrds","floor":28,"turns":4},{"damage":30,"enemies":"Snake Plant","floor":30,"turns":3}],"seed_played":"-8120346444669030569","potions_obtained":[{"floor":6,"key":"Explosive Potion"},{"floor":7,"key":"Elixir"},{"floor":8,"key":"Fruit Juice"},{"floor":10,"key":"Regen Potion"},{"floor":16,"key":"LiquidBronze"},{"floor":18,"key":"Dota2Spire:Clarity"},{"floor":27,"key":"Swift Potion"},{"floor":28,"key":"champ:CounterPotion"}],"is_trial":false,"path_per_floor":["M","M","?","?","M","E","M","M","T","M","M","$","M","M","R","B",null,"M","M","?","?","?","R","E","T","T","M","M","?","M"],"character_chosen":"THE_DEFAULT","items_purchased":["Sling","ReplayFunnel","Tiny Chest","theMarked:Abjuration"],"campfire_rested":2,"item_purchase_floors":[12,12,12,12],"current_hp_per_floor":[69,64,64,64,57,32,23,24,24,23,32,32,31,31,53,7,75,59,34,34,34,34,49,29,29,29,20,7,22,0,0],"gold":576,"neow_bonus":"TWO_FIFTY_GOLD","is_daily":false,"chose_seed":false,"campfire_upgraded":0,"win_rate":0.0,"timestamp":1609591951,"path_taken":["M","?","?","?","M","E","M","?","T","M","M","$","M","M","R","BOSS","M","M","?","?","?","R","E","?","T","M","?","?","M"],"items_purchased_type":["Relic","Relic","Relic","Card"],"build_version":"2020-12-22","purchased_purges":0,"victory":false,"max_hp_per_floor":[70,70,70,70,70,70,70,75,75,75,75,75,75,75,75,75,75,75,75,52,52,52,52,52,52,52,52,52,67,67,67],"card_choices":[{"not_picked":["theMarked:ShockingTouch","theMarked:Aftermath","theMarked:Static"],"picked":"SKIP","floor":1},{"not_picked":["theMarked:LightningStrikesTwice","theMarked:ResourceFulStrike"],"picked":"theMarked:BanishingStrike","floor":2},{"not_picked":["theMarked:TwofoldDefense","theMarked:WardOff"],"picked":"theMarked:RogueSparks","floor":5},{"not_picked":["theMarked:WardOff","theMarked:Electrify"],"picked":"theMarked:EternalStudent","floor":6},{"not_picked":["theMarked:Frustration","theMarked:ElectricStrings"],"picked":"theMarked:SwordAndMagic","floor":7},{"not_picked":["theMarked:Parkour","theMarked:WastefulAttack","theMarked:LightningStrikesTwice"],"picked":"SKIP","floor":8},{"not_picked":["theMarked:Parry","theMarked:Static","theMarked:TwofoldDefense"],"picked":"SKIP","floor":10},{"not_picked":["theMarked:Electrocute","theMarked:EnhanceMovement"],"picked":"theMarked:ComboAttacks","floor":11},{"not_picked":["theMarked:Electrocute","theMarked:ResourceFulStrike"],"picked":"theMarked:PowerFlow","floor":13},{"not_picked":["theMarked:RepellingDischarge","theMarked:Convert","theMarked:RogueSparks"],"picked":"SKIP","floor":14},{"not_picked":["theMarked:ThrowWeapon","theMarked:Vacuum"],"picked":"theMarked:SummonStrength","floor":16},{"not_picked":["theMarked:SwordAndMagic","theMarked:Aftermath+1"],"picked":"theMarked:ContemptForTheProud+1","floor":18},{"not_picked":["theMarked:CreepingChasm","theMarked:EnhanceMovement"],"picked":"theMarked:Frustration+1","floor":19},{"not_picked":["theMarked:Frustration","theMarked:ChannelForce"],"picked":"theMarked:Seal","floor":24},{"not_picked":["theMarked:Aftermath+1","theMarked:TwofoldDefense+1","theMarked:WastefulAttack"],"picked":"SKIP","floor":27},{"not_picked":["theMarked:Improvise","theMarked:ResourceFulStrike"],"picked":"theMarked:BanishingStrike","floor":28}],"player_experience":60177,"relics_obtained":[{"floor":6,"key":"Happy Flower"},{"floor":9,"key":"Letter Opener"},{"floor":24,"key":"Potion Belt"},{"floor":25,"key":"White Beast Statue"},{"floor":26,"key":"Grinning Jar"}],"event_choices":[{"damage_healed":0,"gold_gain":0,"player_choice":"Trade","damage_taken":0,"relics_obtained":["SsserpentHead"],"max_hp_gain":0,"max_hp_loss":0,"event_name":"FaceTrader","floor":4,"gold_loss":0},{"damage_healed":0,"gold_gain":0,"player_choice":"Became a vampire","damage_taken":0,"max_hp_gain":0,"max_hp_loss":23,"event_name":"Vampires","floor":20,"gold_loss":0,"cards_obtained":["Bite","Bite","Bite","Bite","Bite"]}],"is_beta":false,"boss_relics":[{"not_picked":["aspiration:SilentSkillbook","Fusion Hammer"],"picked":"aspiration:FutureDiary"}],"items_purged_floors":[],"is_endless":false,"potions_floor_spawned":[6,7,8,10,16,18,27,28],"killed_by":"Snake Plant","ascension_level":1}}