{"host":"c59zqhrgluvxuu0k","time":1609551259,"event":{"mods":["BaseMod","Better Altar","Better Third Choice","BetterRewards","Colored Map","Colored Powertips","Curses Come First","Downfall","Duelist Mod","Friendly Minions","Hermit","Hubris","Minty Spire (QoL Compilation)","Replay The Spire","Shop Mod","Spicy Shops","StSLib","The Administrix","The Blackbeard","The Cursed","The Death Knight","The Dragon Tamer","The Druid","The Jungle","The Marked","The Runesmith","The Wild Card"],"gold_per_floor":[117,130,140,150,150,178,178,178,205,205,88,103,128,138,138,234,234,250,250,270,284,303,337,356,42,42,53,114,114,147,162,162,162,162],"floor_reached":33,"playtime":3268,"items_purged":[],"score":326,"play_id":"0327ad0d-64d8-4789-8b65-6a006ebb9881","local_time":"20210101183419","is_ascension_mode":false,"campfire_choices":[{"data":"DeathKnight:BloodBoil","floor":7,"key":"SMITH"},{"data":"DeathKnight:Runesurge","floor":10,"key":"SMITH"},{"data":"DeathKnight:FoulBulwark","floor":15,"key":"SMITH"},{"data":"DeathKnight:ReapingStrike","floor":29,"key":"SMITH"},{"floor":32,"key":"REST"}],"circlet_count":0,"master_deck":["DeathKnight:Strike_DeathKnight","DeathKnight:Strike_DeathKnight","DeathKnight:Strike_DeathKnight","DeathKnight:Strike_DeathKnight","DeathKnight:Strike_DeathKnight","DeathKnight:Defend_DeathKnight","DeathKnight:Defend_DeathKnight","DeathKnight:Defend_DeathKnight","DeathKnight:Defend_DeathKnight","DeathKnight:Defend_DeathKnight","DeathKnight:RuneTap","DeathKnight:RuneStrike","DeathKnight:DeathAndDecay","DeathKnight:HowlingBlast","DeathKnight:BloodStrike","DeathKnight:Runesurge+1","DeathKnight:BloodBoil+1","DeathKnight:DreadStrike+1","DeathKnight:FoulBulwark+1","DeathKnight:DeathsAdvance+1","DeathKnight:DeathAndDecay+1","DeathKnight:ReapingStrike+1","DeathKnight:FrosPresence+1","DeathKnight:PathOfFrost","DeathKnight:UnholyAssault","DeathKnight:HornOfWinter","DeathKnight:PlagueStrike+1","DeathKnight:Contagion","DeathKnight:DeathCoil+1","DeathKnight:FoulBulwark+1","DeathKnight:MindFreeze","ReplayTheSpireMod:Splinters","DeathKnight:BloodStrike+1","DeathKnight:Lichborne+1","DeathKnight:ChainsOfIce"],"relics":["DeathKnight:BrokenRuneblade","NeowsBlessing","DeathKnight:PutricidesVial","Counterbalance","DeathKnight:TomeOfUnholySpecialization","Philosopher\u0027s Stone","ReplayTheSpireMod:Lightbulb","Lantern","Chemical X","hubris:Reverence","PreservedInsect","hubris:TenFootPole"],"acts_visited":["Exordium","TheCity"],"potions_floor_usage":[12,13,16,24,27,30,31,33],"damage_taken":[{"damage":0,"enemies":"Cultist","floor":1,"turns":1},{"damage":0,"enemies":"Jaw Worm","floor":2,"turns":1},{"damage":0,"enemies":"Small Slimes","floor":3,"turns":1},{"damage":19,"enemies":"Blue Slaver","floor":4,"turns":3},{"damage":6,"enemies":"Replay:BlueRogue","floor":6,"turns":6},{"damage":0,"enemies":"3 Louse","floor":12,"turns":2},{"damage":9,"enemies":"3 Sentries","floor":13,"turns":4},{"damage":6,"enemies":"2 Fungi Beasts","floor":14,"turns":3},{"damage":54,"enemies":"Fading Forest","floor":16,"turns":11},{"damage":1,"enemies":"Chosen","floor":18,"turns":4},{"damage":20,"enemies":"3 Byrds","floor":20,"turns":5},{"damage":21,"enemies":"Cultist and Chosen","floor":21,"turns":6},{"damage":4,"enemies":"3 Cultists","floor":22,"turns":5},{"damage":3,"enemies":"theDuelist:KaibaA2","floor":23,"turns":4},{"damage":8,"enemies":"Snake Plant","floor":24,"turns":3},{"damage":1,"enemies":"Snecko","floor":27,"turns":4},{"damage":16,"enemies":"Book of Stabbing","floor":30,"turns":3},{"damage":0,"enemies":"Cultist and Chosen","floor":31,"turns":3},{"damage":24,"enemies":"hubris:MusketHawk","floor":33,"turns":4}],"seed_played":"5838885369136992579","potions_obtained":[{"floor":3,"key":"BlessingOfTheForge"},{"floor":6,"key":"SpeedPotion"},{"floor":12,"key":"Weak Potion"},{"floor":21,"key":"Fire Potion"},{"floor":23,"key":"PowerPotion"},{"floor":27,"key":"Weak Potion"},{"floor":28,"key":"Explosive Potion"},{"floor":31,"key":"DeathKnight:PlagueVial"}],"is_trial":false,"path_per_floor":["M","M","M","M","$","E","R","?","T","R","$","M","E","M","R","B",null,"M","?","M","M","M","E","M","$","T","M","?","R","E","M","R","B"],"character_chosen":"DEATH_KNIGHT","items_purchased":["Counterbalance","DeathKnight:DreadStrike+1","Lantern","Chemical X","DeathKnight:FoulBulwark+1"],"campfire_rested":1,"item_purchase_floors":[11,11,25,25,25],"current_hp_per_floor":[75,75,75,56,56,50,50,75,75,75,75,75,66,60,60,16,75,74,74,54,33,29,26,18,18,18,17,17,17,1,1,23,0,0],"gold":162,"neow_bonus":"THREE_ENEMY_KILL","is_daily":false,"chose_seed":false,"campfire_upgraded":4,"win_rate":0.0,"timestamp":1609551259,"path_taken":["M","?","M","M","$","E","R","?","T","R","$","M","E","?","R","BOSS","M","?","?","M","M","E","M","$","T","M","?","R","E","M","R","BOSS"],"items_purchased_type":["Relic","Card","Relic","Relic","Card"],"build_version":"2020-12-22","purchased_purges":0,"victory":false,"max_hp_per_floor":[75,75,75,75,75,75,75,75,75,75,75,75,75,75,75,75,75,75,75,75,75,75,75,75,75,75,75,75,75,75,75,75,75,75],"card_choices":[{"not_picked":["DeathKnight:HartStrike","DeathKnight:FesteringStrike"],"picked":"DeathKnight:DeathAndDecay","floor":1},{"not_picked":["DeathKnight:ShatteringStrikes","DeathKnight:HartStrike"],"picked":"DeathKnight:HowlingBlast","floor":2},{"not_picked":["DeathKnight:Ossuary","DeathKnight:UnholyFrenzy"],"picked":"DeathKnight:BloodStrike","floor":3},{"not_picked":["DeathKnight:DeathGrip","DeathKnight:FesteringStrike"],"picked":"DeathKnight:Runesurge","floor":4},{"not_picked":["DeathKnight:Culling","DeathKnight:Hemostasis"],"picked":"DeathKnight:BloodBoil","floor":6},{"not_picked":["DeathKnight:MutagenicPlague","DeathKnight:MindFreeze"],"picked":"DeathKnight:FoulBulwark","floor":12},{"not_picked":["DeathKnight:Rot","DeathKnight:BloodPact"],"picked":"DeathKnight:DeathsAdvance","floor":13},{"not_picked":["DeathKnight:RunicCorruption","DeathKnight:Hemostasis"],"picked":"DeathKnight:DeathAndDecay+1","floor":14},{"not_picked":["DeathKnight:SindragosasBreath","DeathKnight:Outbreak+1"],"picked":"DeathKnight:ReapingStrike","floor":16},{"not_picked":["DeathKnight:UnholyPresence","DeathKnight:DancingRuneblade"],"picked":"DeathKnight:FrosPresence+1","floor":18},{"not_picked":["DeathKnight:UnholyPresence","DeathKnight:DeathsAdvance+1"],"picked":"DeathKnight:UnholyAssault","floor":20},{"not_picked":["DeathKnight:IceboundArmor","DeathKnight:FrostStrike"],"picked":"DeathKnight:HornOfWinter","floor":21},{"not_picked":["DeathKnight:DeathAndDecay+1","DeathKnight:RunicCorruption"],"picked":"DeathKnight:PlagueStrike+1","floor":22},{"not_picked":["DeathKnight:DeathCoil+1","DeathKnight:UnholyAssault"],"picked":"DeathKnight:Contagion","floor":23},{"not_picked":["DeathKnight:BloodTap","DeathKnight:DeathRune"],"picked":"DeathKnight:DeathCoil+1","floor":24},{"not_picked":["DeathKnight:MutagenicPlague","DeathKnight:Obliterate+1"],"picked":"DeathKnight:MindFreeze","floor":27},{"not_picked":["DeathKnight:DreadStrike+1","DeathKnight:IceboundArmor"],"picked":"DeathKnight:BloodStrike+1","floor":28},{"not_picked":["DeathKnight:BludPresence","DeathKnight:Razorice"],"picked":"DeathKnight:Lichborne+1","floor":30},{"not_picked":["DeathKnight:RaiseAlly+1","DeathKnight:Ossuary"],"picked":"DeathKnight:ChainsOfIce","floor":31}],"player_experience":2215719,"relics_obtained":[{"floor":6,"key":"DeathKnight:PutricidesVial"},{"floor":13,"key":"DeathKnight:TomeOfUnholySpecialization"},{"floor":23,"key":"ReplayTheSpireMod:Lightbulb"},{"floor":26,"key":"hubris:Reverence"},{"floor":28,"key":"PreservedInsect"},{"floor":30,"key":"hubris:TenFootPole"}],"event_choices":[{"damage_healed":25,"gold_gain":0,"player_choice":"Full Heal","damage_taken":0,"max_hp_gain":0,"max_hp_loss":0,"event_name":"Wheel of Change","floor":8,"gold_loss":0},{"damage_healed":0,"gold_gain":0,"player_choice":"Read","damage_taken":0,"max_hp_gain":0,"max_hp_loss":0,"event_name":"The Library","floor":19,"gold_loss":0,"cards_obtained":["DeathKnight:PathOfFrost"]}],"is_beta":false,"boss_relics":[{"not_picked":["Runic Pyramid","hubris:RunicObelisk"],"picked":"Philosopher\u0027s Stone"}],"items_purged_floors":[],"is_endless":false,"potions_floor_spawned":[3,6,12,21,23,27,31],"killed_by":"hubris:MusketHawk","ascension_level":0}}