{"host":"dcj2yvrgcvh5dl2s","time":1609574817,"event":{"mods":["BaseMod","Better Note","Block Reminder","Colored Powertips","DeckTracker","Minty Spire (QoL Compilation)","Quick Restart","Rare Cards Sparkle","Relic Stats","StSLib"],"gold_per_floor":[368,443,443,460,610,610,610],"floor_reached":6,"playtime":146,"items_purged":[],"score":64,"play_id":"43e3c466-63a5-451b-b658-25b0c90eb7c5","local_time":"20210102180657","is_ascension_mode":true,"campfire_choices":[],"circlet_count":0,"master_deck":["AscendersBane","Strike_R","Strike_R","Strike_R","Strike_R","Strike_R","Defend_R","Defend_R","Defend_R","Defend_R","Bash","Searing Blow","Body Slam","Doubt"],"relics":["Burning Blood","Spirit Poop"],"acts_visited":["Exordium"],"potions_floor_usage":[],"damage_taken":[{"damage":12,"enemies":"Jaw Worm","floor":1,"turns":2},{"damage":10,"enemies":"Small Slimes","floor":4,"turns":4},{"damage":55,"enemies":"3 Sentries","floor":6,"turns":7}],"seed_played":"-353526119870026472","potions_obtained":[{"floor":4,"key":"Energy Potion"}],"is_trial":false,"path_per_floor":["M","?","?","M","?","E"],"character_chosen":"IRONCLAD","items_purchased":[],"campfire_rested":0,"item_purchase_floors":[],"current_hp_per_floor":[62,51,51,47,47,0,0],"gold":610,"neow_bonus":"TWO_FIFTY_GOLD","is_daily":false,"chose_seed":false,"campfire_upgraded":0,"win_rate":0.0,"timestamp":1609574817,"path_taken":["M","?","?","?","?","E"],"items_purchased_type":[],"build_version":"2020-12-22","purchased_purges":0,"victory":false,"max_hp_per_floor":[75,75,75,75,75,75,75],"relic_stats":{"counters":[3,13],"obtain_stats":[{"Spirit Poop":3,"Burning Blood":0},{"Spirit Poop":1,"Burning Blood":0},{"Spirit Poop":2,"Burning Blood":0}],"Burning Blood":12},"card_choices":[{"not_picked":["Warcry","Cleave"],"picked":"Searing Blow","floor":1},{"not_picked":["Sentinel","Infernal Blade"],"picked":"Body Slam","floor":4}],"player_experience":2145642,"relics_obtained":[],"event_choices":[{"damage_healed":0,"gold_gain":75,"player_choice":"Gather Gold","damage_taken":11,"max_hp_gain":0,"max_hp_loss":0,"event_name":"World of Goop","floor":2,"gold_loss":0},{"cards_removed":["Clumsy"],"damage_healed":0,"gold_gain":0,"player_choice":"Offered Curse","damage_taken":0,"relics_obtained":["Spirit Poop"],"max_hp_gain":0,"max_hp_loss":0,"event_name":"Bonfire Elementals","floor":3,"gold_loss":0},{"damage_healed":0,"gold_gain":150,"player_choice":"AGREE","damage_taken":0,"max_hp_gain":0,"max_hp_loss":0,"event_name":"Liars Game","floor":5,"gold_loss":0,"cards_obtained":["Doubt"]}],"is_beta":false,"boss_relics":[],"items_purged_floors":[],"is_endless":false,"potions_floor_spawned":[4],"killed_by":"3 Sentries","ascension_level":18}}