{"host":"h4lp0eeso8a0ssq0","time":1609555257,"event":{"mods":["2.2 Compatiblity","AchievementEnabler","BaseMod","CapriCore","Colored Map","Lobotomy","Minty Spire (QoL Compilation)","StSLib","SuperFastMode"],"gold_per_floor":[109,109,109,59,59,59,69,69,69,83,83,95,20,39,39,136,136,149,149,49,49,61,61,94,94,94,46,65,78,90,116,116,214,214,224,235,235,251,126,152,171,171,171,182,202,52,62,82,82,82,82],"floor_reached":50,"playtime":1771,"items_purged":["Defend_P","Strike_P","Strike_P","Defend_P"],"score":606,"play_id":"98fbb0c7-b252-4cfe-b50f-1c330a33d5cf","local_time":"20210102114057","is_ascension_mode":false,"campfire_choices":[{"data":"Eruption","floor":6.0,"key":"SMITH"},{"data":"Adaptation","floor":8.0,"key":"SMITH"},{"data":"Vigilance","floor":15.0,"key":"SMITH"},{"data":"Adaptation","floor":23.0,"key":"SMITH"},{"floor":32.0,"key":"REST"},{"floor":42.0,"key":"REST"},{"floor":49.0,"key":"REST"}],"circlet_count":0,"master_deck":["Defend_P","Eruption+1","Vigilance+1","Adaptation+1","Adaptation+1"],"relics":["VioletLotus"],"acts_visited":["Exordium","TheCity","TheBeyond"],"potions_floor_usage":[50,50,50],"damage_taken":[{"damage":5.0,"enemies":"Small Slimes","floor":1.0,"turns":4.0},{"damage":1.0,"enemies":"2 Louse","floor":7.0,"turns":4.0},{"damage":0.0,"enemies":"Jaw Worm","floor":10.0,"turns":3.0},{"damage":1.0,"enemies":"Red Slaver","floor":12.0,"turns":5.0},{"damage":2.0,"enemies":"Large Slime","floor":14.0,"turns":4.0},{"damage":18.0,"enemies":"The Guardian","floor":16.0,"turns":18.0},{"damage":14.0,"enemies":"Spheric Guardian","floor":18.0,"turns":6.0},{"damage":0.0,"enemies":"Shell Parasite","floor":22.0,"turns":2.0},{"damage":10.0,"enemies":"Slavers","floor":24.0,"turns":2.0},{"damage":0.0,"enemies":"Snecko","floor":28.0,"turns":3.0},{"damage":3.0,"enemies":"Centurion and Healer","floor":29.0,"turns":2.0},{"damage":0.0,"enemies":"Shelled Parasite and Fungi","floor":30.0,"turns":3.0},{"damage":0.0,"enemies":"Gremlin Leader","floor":31.0,"turns":1.0},{"damage":0.0,"enemies":"Collector","floor":33.0,"turns":2.0},{"damage":0.0,"enemies":"Orb Walker","floor":35.0,"turns":2.0},{"damage":0.0,"enemies":"3 Darklings","floor":36.0,"turns":2.0},{"damage":0.0,"enemies":"Maw","floor":38.0,"turns":2.0},{"damage":1.0,"enemies":"Reptomancer","floor":40.0,"turns":2.0},{"damage":0.0,"enemies":"Jaw Worm Horde","floor":41.0,"turns":1.0},{"damage":6.0,"enemies":"Spire Growth","floor":44.0,"turns":2.0},{"damage":0.0,"enemies":"3 Darklings","floor":45.0,"turns":1.0},{"damage":0.0,"enemies":"Transient","floor":47.0,"turns":1.0},{"damage":0.0,"enemies":"Spire Growth","floor":48.0,"turns":1.0},{"damage":72,"enemies":"Time Eater","floor":50,"turns":7}],"seed_played":"1695514289155884186","potions_obtained":[{"floor":1.0,"key":"AttackPotion"},{"floor":14.0,"key":"EssenceOfSteel"},{"floor":22.0,"key":"Strength Potion"},{"floor":24.0,"key":"SpeedPotion"},{"floor":36.0,"key":"Ancient Potion"}],"is_trial":false,"path_per_floor":["M","?","?","?","$","R","M","R","T","M","?","M","$","M","R","B",null,"M","?","$","?","M","R","E","?","T","$","M","M","M","E","R","B",null,"M","M","?","M","$","E","M","R","T","M","M","$","M","M","R","B"],"character_chosen":"WATCHER","items_purchased":["Swift Potion"],"campfire_rested":3,"item_purchase_floors":[27],"current_hp_per_floor":[67,67,67,67,67,67,66,66,66,66,66,65,65,63,63,45,72,58,58,58,58,58,58,48,72,72,72,72,69,69,69,72,72,72,72,72,72,72,72,71,71,72,72,66,66,66,66,66,72,0,0],"gold":82,"neow_bonus":"BOSS_RELIC","is_daily":false,"chose_seed":false,"campfire_upgraded":4,"win_rate":0.0,"timestamp":1609555257,"path_taken":["M","?","?","?","$","R","M","R","T","M","?","?","?","M","R","BOSS","M","?","$","?","M","R","E","?","T","$","M","M","?","E","R","BOSS","M","M","?","M","$","E","M","R","T","M","M","$","M","M","R","BOSS"],"items_purchased_type":["Potion"],"build_version":"2020-12-22","purchased_purges":4,"victory":false,"max_hp_per_floor":[72,72,72,72,72,72,72,72,72,72,72,72,72,72,72,72,72,72,72,72,72,72,72,72,72,72,72,72,72,72,72,72,72,72,72,72,72,72,72,72,72,72,72,72,72,72,72,72,72,72,72],"card_choices":[{"not_picked":["FlyingSleeves","CrushJoints"],"picked":"Adaptation","floor":1.0},{"not_picked":["ForeignInfluence","EmptyMind","Halt"],"picked":"SKIP","floor":7.0},{"not_picked":["EmptyFist","Pray","Protect"],"picked":"SKIP","floor":10.0},{"not_picked":["Halt","Weave","Study"],"picked":"SKIP","floor":12.0},{"not_picked":["Wireheading","SandsOfTime","PathToVictory"],"picked":"SKIP","floor":14.0},{"not_picked":["CutThroughFate","Prostrate","Adaptation"],"picked":"SKIP","floor":18.0},{"not_picked":["CutThroughFate","Prostrate"],"picked":"Adaptation","floor":18.0},{"not_picked":["WheelKick","Sanctity","FlurryOfBlows+1"],"picked":"SKIP","floor":22.0},{"not_picked":["WreathOfFlame","FlurryOfBlows","EmptyBody"],"picked":"SKIP","floor":24.0},{"not_picked":["CrushJoints","EmptyBody","FearNoEvil"],"picked":"SKIP","floor":28.0},{"not_picked":["Meditate+1","BowlingBash","Sanctity"],"picked":"SKIP","floor":29.0},{"not_picked":["FlyingSleeves+1","Vault","SandsOfTime"],"picked":"SKIP","floor":30.0},{"not_picked":["ForeignInfluence","Swivel","Vengeance"],"picked":"SKIP","floor":31.0},{"not_picked":["CrushJoints","Sanctity","EmptyFist"],"picked":"SKIP","floor":35.0},{"not_picked":["EmptyMind+1","Weave","Consecrate"],"picked":"SKIP","floor":36.0},{"not_picked":["EmptyBody+1","Protect","SignatureMove+1"],"picked":"SKIP","floor":38.0},{"not_picked":["EmptyFist","FlyingSleeves","Wallop"],"picked":"SKIP","floor":40.0},{"not_picked":["CarveReality+1","CutThroughFate","ThirdEye"],"picked":"SKIP","floor":41.0},{"not_picked":["CrushJoints+1","WaveOfTheHand+1","Consecrate+1"],"picked":"SKIP","floor":44.0},{"not_picked":["WaveOfTheHand+1","FlurryOfBlows+1","ForeignInfluence"],"picked":"SKIP","floor":45.0},{"not_picked":["Crescendo","Swivel+1","Fasting2+1"],"picked":"SKIP","floor":47.0},{"not_picked":["EmptyMind+1","LikeWater+1","BowlingBash+1"],"picked":"SKIP","floor":48.0}],"player_experience":22895,"relics_obtained":[],"event_choices":[{"cards_removed":["Strike_P"],"damage_healed":0.0,"max_hp_gain":0.0,"max_hp_loss":0.0,"gold_gain":0.0,"event_name":"Living Wall","player_choice":"Forget","floor":2.0,"gold_loss":0.0,"damage_taken":0.0},{"damage_healed":0.0,"max_hp_gain":0.0,"max_hp_loss":0.0,"gold_gain":0.0,"event_name":"Golden Idol","player_choice":"Ignored","floor":3.0,"gold_loss":0.0,"damage_taken":0.0},{"cards_removed":["Strike_P"],"damage_healed":0.0,"max_hp_gain":0.0,"max_hp_loss":0.0,"gold_gain":0.0,"event_name":"The Cleric","player_choice":"Card Removal","floor":4.0,"gold_loss":50.0,"damage_taken":0.0},{"damage_healed":0.0,"max_hp_gain":0.0,"max_hp_loss":0.0,"gold_gain":0.0,"event_name":"Shining Light","player_choice":"Ignored","floor":11.0,"gold_loss":0.0,"damage_taken":0.0},{"damage_healed":0.0,"max_hp_gain":0.0,"max_hp_loss":0.0,"gold_gain":0.0,"event_name":"The Mausoleum","player_choice":"Ignored","floor":19.0,"gold_loss":0.0,"damage_taken":0.0},{"cards_removed":["Defend_P"],"damage_healed":0.0,"max_hp_gain":0.0,"max_hp_loss":0.0,"gold_gain":0.0,"event_name":"Back to Basics","player_choice":"Elegance","floor":21.0,"gold_loss":0.0,"damage_taken":0.0},{"damage_healed":24.0,"max_hp_gain":0.0,"max_hp_loss":0.0,"gold_gain":0.0,"event_name":"The Library","player_choice":"Heal","floor":25.0,"gold_loss":0.0,"damage_taken":0.0},{"damage_healed":0.0,"max_hp_gain":0.0,"max_hp_loss":0.0,"gold_gain":0.0,"event_name":"Mysterious Sphere","player_choice":"Ignored","floor":37.0,"gold_loss":0.0,"damage_taken":0.0}],"is_beta":false,"boss_relics":[{"not_picked":["Philosopher\u0027s Stone","Velvet Choker","Astrolabe"]},{"not_picked":["Philosopher\u0027s Stone","Velvet Choker","Astrolabe"]}],"items_purged_floors":[13,20,39,46],"is_endless":false,"potions_floor_spawned":[1,14,22,24,30,31,36,41,44],"killed_by":"Time Eater","ascension_level":0}}