{"host":"g76rhe4j5kh9hdf9","time":1609559636,"event":{"mods":["Act Like it!","BaseMod","Better Third Choice","GifTheSpireLib","Minty Spire (QoL Compilation)","Relic Stats","Spicy Shops","StSLib","TheSwordswoman"],"gold_per_floor":[109,109,109,119,43,77,94,94,143,143,143,8,8,8,8,128,128,152,102,102,118,118,152,0,40,66,104,124,124,124,124],"floor_reached":30,"playtime":2327,"items_purged":["blazmod:Strike"],"score":353,"play_id":"848b23c6-f83e-4075-96e8-260ce46c5258","local_time":"20210101195356","is_ascension_mode":true,"campfire_choices":[{"floor":8.0,"key":"REST"},{"data":"blazmod:Defend","floor":10.0,"key":"SMITH"},{"data":"blazmod:DevilDivine","floor":13.0,"key":"SMITH"},{"data":"blazmod:Kyokasuigetsu","floor":15.0,"key":"SMITH"}],"circlet_count":0,"master_deck":["blazmod:Defend+1","blazmod:Defend","blazmod:Defend","blazmod:Defend","blazmod:ButterflyEffect","blazmod:Kyokasuigetsu+1","blazmod:TravelJournal","blazmod:SureOfHand","blazmod:DevilDivine+1","Writhe","Panache","CurseOfTheBell","Adrenaline","Fire Breathing"],"relics":["blazmod:Venustas","MealTicket","PrismaticShard","Smiling Mask","Oddly Smooth Stone","Golden Idol","Medical Kit","Calling Bell","Juzu Bracelet","Pantograph","CaptainsWheel","Orichalcum","Prayer Wheel","PreservedInsect","Ice Cream","Vajra"],"acts_visited":["Exordium","TheCity"],"potions_floor_usage":[29],"damage_taken":[{"damage":1.0,"enemies":"Jaw Worm","floor":1.0,"turns":5.0},{"damage":5.0,"enemies":"Small Slimes","floor":4.0,"turns":4.0},{"damage":35.0,"enemies":"Gremlin Nob","floor":6.0,"turns":5.0},{"damage":0.0,"enemies":"2 Louse","floor":7.0,"turns":4.0},{"damage":9.0,"enemies":"The Guardian","floor":16.0,"turns":9.0},{"damage":0.0,"enemies":"Shell Parasite","floor":18.0,"turns":5.0},{"damage":1.0,"enemies":"Spheric Guardian","floor":21.0,"turns":7.0},{"damage":0.0,"enemies":"Gremlin Leader","floor":23.0,"turns":8.0},{"damage":7.0,"enemies":"Book of Stabbing","floor":25.0,"turns":5.0},{"damage":15.0,"enemies":"Gremlin Leader","floor":27.0,"turns":5.0},{"damage":0.0,"enemies":"Shelled Parasite and Fungi","floor":28.0,"turns":4.0},{"damage":0,"enemies":"Colosseum Slavers","floor":29,"turns":3},{"damage":13,"enemies":"Slavers","floor":30,"turns":1}],"seed_played":"1196735546239515539","potions_obtained":[{"floor":6.0,"key":"Dexterity Potion"},{"floor":18.0,"key":"ColorlessPotion"},{"floor":25.0,"key":"SneckoOil"},{"floor":27.0,"key":"Energy Potion"},{"floor":28.0,"key":"LiquidBronze"}],"is_trial":false,"path_per_floor":["M","?","?","M","$","E","M","R","T","R","?","$","R","?","R","B",null,"M","$","?","M","?","E","$","E","T","E","M","?","E"],"character_chosen":"THE_SWORDSWOMAN","items_purchased":["PrismaticShard","blazmod:DevilDivine","Medical Kit","PreservedInsect"],"campfire_rested":1,"item_purchase_floors":[5,12,12,24],"current_hp_per_floor":[35,35,35,30,36,1,1,11,11,11,11,26,26,26,26,17,34,34,34,34,33,33,33,34,27,27,12,12,12,0,0],"gold":124,"neow_bonus":"TRANSFORM_TWO_CARDS","is_daily":false,"chose_seed":false,"campfire_upgraded":3,"win_rate":0.0,"timestamp":1609559636,"path_taken":["M","?","?","M","$","E","M","R","T","R","?","$","R","?","R","BOSS","M","$","?","M","?","E","?","E","T","E","M","?","E"],"items_purchased_type":["Relic","Card","Relic","Relic"],"build_version":"2020-12-22","purchased_purges":1,"victory":false,"max_hp_per_floor":[36,36,36,36,36,36,36,36,36,36,34,34,34,34,34,34,34,34,34,34,34,34,34,34,34,34,34,34,34,34,34],"relic_stats":{"counters":[13,65],"Golden Idol":59,"Pantograph":0,"MealTicket":22,"Prayer Wheel":1,"PreservedInsect":126,"Juzu Bracelet":0,"Orichalcum":[0],"Smiling Mask":25,"Medical Kit":[0],"obtain_stats":[{"Ice Cream":25,"Golden Idol":11,"Oddly Smooth Stone":9,"Vajra":27,"PreservedInsect":24,"Juzu Bracelet":17,"Orichalcum":20,"PrismaticShard":5,"Smiling Mask":6,"Medical Kit":12,"Calling Bell":17,"blazmod:Venustas":0,"CaptainsWheel":17,"Pantograph":17,"MealTicket":2,"Prayer Wheel":23},{"Ice Cream":9,"Golden Idol":4,"Oddly Smooth Stone":4,"Vajra":10,"PreservedInsect":8,"Juzu Bracelet":5,"Orichalcum":6,"PrismaticShard":2,"Smiling Mask":3,"Medical Kit":4,"Calling Bell":5,"blazmod:Venustas":0,"CaptainsWheel":5,"Pantograph":5,"MealTicket":1,"Prayer Wheel":8},{"Ice Cream":52,"Golden Idol":18,"Oddly Smooth Stone":18,"Vajra":57,"PreservedInsect":47,"Juzu Bracelet":27,"Orichalcum":32,"PrismaticShard":9,"Smiling Mask":14,"Medical Kit":18,"Calling Bell":27,"blazmod:Venustas":0,"CaptainsWheel":27,"Pantograph":27,"MealTicket":5,"Prayer Wheel":47}]},"card_choices":[{"not_picked":["blazmod:ButterFlutter","blazmod:PhoenixPlume","blazmod:BoulderFlash"],"picked":"SKIP","floor":1.0},{"not_picked":["blazmod:FlashRock","blazmod:PhoenixPlume","blazmod:Trasient"],"picked":"SKIP","floor":4.0},{"not_picked":["Consecrate","PiercingWail","Corpse Explosion"],"picked":"SKIP","floor":6.0},{"not_picked":["Twin Strike","Dual Wield","FlurryOfBlows"],"picked":"SKIP","floor":7.0},{"not_picked":["Envenom","Impervious"],"picked":"Panache","floor":16.0},{"not_picked":["Leap","EmptyFist","blazmod:KatanaStrike+1"],"picked":"SKIP","floor":18.0},{"not_picked":["blazmod:MoonlightBlossoms+1","Slice+1","Sucker Punch+1"],"picked":"SKIP","floor":21.0},{"not_picked":["Crippling Poison","Poisoned Stab","True Grit"],"picked":"SKIP","floor":23.0},{"not_picked":["Crippling Poison","BattleHymn","Cleave"],"picked":"SKIP","floor":25.0},{"not_picked":["blazmod:BlindingFlash+1","Halt"],"picked":"Adrenaline","floor":27.0},{"not_picked":["Choke+1","CutThroughFate+1"],"picked":"Fire Breathing","floor":28.0},{"not_picked":["BowlingBash","blazmod:SureOfHand","Ball Lightning"],"picked":"SKIP","floor":28.0}],"player_experience":471570,"relics_obtained":[{"floor":6.0,"key":"Smiling Mask"},{"floor":9.0,"key":"Oddly Smooth Stone"},{"floor":17.0,"key":"Juzu Bracelet"},{"floor":17.0,"key":"Pantograph"},{"floor":17.0,"key":"CaptainsWheel"},{"floor":23.0,"key":"Prayer Wheel"},{"floor":25.0,"key":"Ice Cream"},{"floor":27.0,"key":"Vajra"}],"event_choices":[{"damage_healed":0.0,"max_hp_gain":0.0,"max_hp_loss":0.0,"gold_gain":0.0,"event_name":"Big Fish","player_choice":"Box","floor":2.0,"gold_loss":0.0,"damage_taken":0.0,"relics_obtained":["MealTicket"],"cards_obtained":["Regret"]},{"cards_removed":["Regret"],"damage_healed":0.0,"max_hp_gain":0.0,"max_hp_loss":0.0,"gold_gain":0.0,"event_name":"Living Wall","player_choice":"Forget","floor":3.0,"gold_loss":0.0,"damage_taken":0.0},{"damage_healed":0.0,"max_hp_gain":0.0,"max_hp_loss":2.0,"gold_gain":0.0,"event_name":"Golden Idol","player_choice":"Lose Max HP","floor":11.0,"gold_loss":0.0,"damage_taken":0.0,"relics_obtained":["Golden Idol"]},{"damage_healed":0.0,"max_hp_gain":0.0,"max_hp_loss":0.0,"gold_gain":0.0,"event_name":"betterThird:BetterSerpent","player_choice":"Ignored","floor":14.0,"gold_loss":0.0,"damage_taken":8.0},{"damage_healed":0.0,"max_hp_gain":0.0,"max_hp_loss":0.0,"gold_gain":0.0,"event_name":"The Mausoleum","player_choice":"Opened","floor":20.0,"gold_loss":0.0,"damage_taken":0.0,"relics_obtained":["Orichalcum"]},{"cards_removed":["blazmod:Strike"],"damage_healed":0.0,"max_hp_gain":0.0,"max_hp_loss":0.0,"gold_gain":0.0,"event_name":"betterThird:BetterWriting","player_choice":"Elegance","floor":22.0,"gold_loss":0.0,"damage_taken":0.0},{"damage_healed":0,"gold_gain":0,"player_choice":"Fight","damage_taken":0,"max_hp_gain":0,"max_hp_loss":0,"event_name":"Colosseum","floor":29,"gold_loss":0},{"damage_healed":0,"gold_gain":0,"player_choice":"Fled From Nobs","damage_taken":0,"max_hp_gain":0,"max_hp_loss":0,"event_name":"Colosseum","floor":29,"gold_loss":0}],"is_beta":false,"boss_relics":[{"not_picked":["Fusion Hammer","Cursed Key"],"picked":"Calling Bell"}],"items_purged_floors":[19],"is_endless":false,"potions_floor_spawned":[6,18,25,27,28],"killed_by":"Slavers","ascension_level":3}}