{"host":"htqwg582tjjtn9p7","time":1609615362,"event":{"mods":["2.2 Compatiblity","AchievementEnabler","Act Like it!","Aspiration","BaseMod","Better Third Choice","Colored Map","Conspire","Curses Come First","Displayed Cursed Tome","Energized Spire","Force Act Four","GifTheSpireLib","Hermit","Highlight Path","JesterMod","Mad Scientist","Minty Spire (QoL Compilation)","Pale of the Ancients","Permanent Neow","Random Character Button","Relic Stats","Replay The Spire","Robot Space Explorer","Somnambulant","Spicy Shops","Spikes Relics","StSLib","Stuff the Spire","The Blue Laboratory","The Disciple","The Dragon Tamer","The Forsaken","The Gatherer","The Judge","The Jungle","The Marked","The Runesmith","The Servant 0.9.4","Uncapped"],"gold_per_floor":[115,115,128,145,30,58,158,158,184,184,212,226,226,244,244,323,323,293,313,313,55,55,84,84,106,133,133,159,59,88,88,88,94,94],"floor_reached":33,"playtime":1122,"items_purged":["Strike_G","Strike_G"],"score":481,"play_id":"b23a595b-ba36-4f1a-b19b-878221429343","local_time":"20210102202242","is_ascension_mode":true,"campfire_choices":[{"floor":8,"key":"REST"},{"data":"Bouncing Flask","floor":10,"key":"SMITH"},{"floor":13,"key":"REST"},{"floor":15,"key":"REST"},{"data":"1","floor":24,"key":"LIFT"},{"floor":27,"key":"REST"},{"floor":32,"key":"REST"}],"circlet_count":0,"master_deck":["AscendersBane","Strike_G","Defend_G","Defend_G","Defend_G","Defend_G","Defend_G","Survivor","Bouncing Flask+1","Deadly Poison","StuffTheSpire:Injection","Footwork","Dash","Crippling Poison","Draining Mist","Burst","Catalyst","Ghostly","Ghostly","Ghostly","Reforge","ReplayTheSpireMod:Scrap Shanks","Storm of Steel","Backflip","Neutralize","Acrobatics"],"relics":["Ring of the Snake","CaptainsWheel","Girya","MealTicket","Mirror","energizedSpire:DeadBattery","Replay:Bandana","StuffTheSpire:Mouthbags"],"acts_visited":["Exordium","TheCity"],"potions_floor_usage":[11,16,16,16,16,23,23],"damage_taken":[{"damage":5,"enemies":"Cultist","floor":1,"turns":5},{"damage":0,"enemies":"Jaw Worm","floor":3,"turns":5},{"damage":0,"enemies":"2 Louse","floor":4,"turns":3},{"damage":6,"enemies":"Lagavulin","floor":6,"turns":5},{"damage":27,"enemies":"3 Sentries","floor":11,"turns":8},{"damage":0,"enemies":"Looter","floor":12,"turns":5},{"damage":1,"enemies":"3 Louse","floor":14,"turns":4},{"damage":38,"enemies":"Slime Boss","floor":16,"turns":8},{"damage":19,"enemies":"2 Thieves","floor":18,"turns":5},{"damage":0,"enemies":"Spheric Guardian","floor":19,"turns":4},{"damage":5,"enemies":"Book of Stabbing","floor":23,"turns":7},{"damage":18,"enemies":"Snake Plant","floor":25,"turns":5},{"damage":15,"enemies":"Shelled Parasite and Fungi","floor":28,"turns":7},{"damage":6,"enemies":"Centurion and Healer","floor":30,"turns":8},{"damage":11,"enemies":"Automaton","floor":33,"turns":4}],"seed_played":"-8593125089859279278","potions_obtained":[{"floor":1,"key":"Languid Potion"},{"floor":2,"key":"Toxic Potion"},{"floor":2,"key":"FearPotion"},{"floor":6,"key":"Adrenaline Potion"},{"floor":11,"key":"EntropicBrew"},{"floor":18,"key":"blueLaboratory:BubblePotion"},{"floor":19,"key":"LiquidBronze"}],"is_trial":false,"path_per_floor":["M","?","M","M","$","E","?","R","T","R","E","M","R","M","R","B",null,"M","M","?","$","?","E","R","M","T","R","M","$","M","?","R","B"],"character_chosen":"THE_SILENT","items_purchased":["Footwork","Reforge"],"campfire_rested":5,"item_purchase_floors":[5,21],"current_hp_per_floor":[39,39,39,39,39,33,33,52,52,52,25,25,44,43,62,24,56,37,37,33,33,33,28,28,10,10,19,4,19,13,13,22,11,11],"gold":94,"neow_bonus":"ONE_RARE_RELIC","is_daily":false,"chose_seed":false,"campfire_upgraded":1,"win_rate":0.0,"timestamp":1609615362,"path_taken":["M","?","?","M","$","E","?","R","T","R","E","M","R","M","R","BOSS","M","M","?","$","?","E","R","M","T","R","M","$","M","?","R","BOSS"],"items_purchased_type":["Card","Card"],"build_version":"2020-12-22","purchased_purges":2,"victory":false,"max_hp_per_floor":[66,66,66,66,66,66,66,66,66,66,66,66,66,66,66,66,66,66,66,33,33,33,33,33,33,33,33,33,33,33,33,33,33,33],"relic_stats":{"counters":[15,83],"MealTicket":15,"obtain_stats":[{"Girya":6,"CaptainsWheel":0,"Replay:Bandana":23,"StuffTheSpire:Mouthbags":26,"MealTicket":9,"Mirror":11,"energizedSpire:DeadBattery":17,"Ring of the Snake":0},{"Girya":4,"CaptainsWheel":0,"Replay:Bandana":11,"StuffTheSpire:Mouthbags":12,"MealTicket":4,"Mirror":5,"energizedSpire:DeadBattery":8,"Ring of the Snake":0},{"Girya":18,"CaptainsWheel":0,"Replay:Bandana":59,"StuffTheSpire:Mouthbags":64,"MealTicket":18,"Mirror":26,"energizedSpire:DeadBattery":43,"Ring of the Snake":0}],"Ring of the Snake":[30]},"card_choices":[{"not_picked":["Dagger Spray","Replay:Poison Smokescreen"],"picked":"Bouncing Flask","floor":1},{"not_picked":["Underhanded Strike","Prepared"],"picked":"Deadly Poison","floor":3},{"not_picked":["StuffTheSpire:MirrorStance","StuffTheSpire:Incursion"],"picked":"StuffTheSpire:Injection","floor":4},{"not_picked":["Glass Knife","StuffTheSpire:Injection"],"picked":"Dash","floor":6},{"not_picked":["Choke","Dash"],"picked":"Crippling Poison","floor":11},{"not_picked":["Deadly Poison","Dagger Spray","Sucker Punch"],"picked":"SKIP","floor":12},{"not_picked":["ReplayTheSpireMod:Scrap Shanks","ShadowRift"],"picked":"Draining Mist","floor":14},{"not_picked":["Venomology","ReplayTheSpireMod:From All Sides"],"picked":"Burst","floor":16},{"not_picked":["Flying Knee","StuffTheSpire:BumpUp+1"],"picked":"Catalyst","floor":18},{"not_picked":["Flying Knee+1","Cloak And Dagger","Quick Slash"],"picked":"SKIP","floor":19},{"not_picked":["Glass Knife","Prepared","conspire:PoisonWeapons"],"picked":"SKIP","floor":23},{"not_picked":["StuffTheSpire:Injection","StuffTheSpire:Python"],"picked":"Backflip","floor":25},{"not_picked":["Predator","Underhanded Strike","Sucker Punch"],"picked":"SKIP","floor":28},{"not_picked":["ReplayTheSpireMod:Shiv Toss","Poisoned Stab"],"picked":"Acrobatics","floor":30}],"player_experience":1870352,"relics_obtained":[{"floor":6,"key":"Girya"},{"floor":9,"key":"MealTicket"},{"floor":11,"key":"Mirror"},{"floor":23,"key":"Replay:Bandana"},{"floor":26,"key":"StuffTheSpire:Mouthbags"}],"event_choices":[{"damage_healed":0,"gold_gain":0,"player_choice":"Got Potions","damage_taken":0,"max_hp_gain":0,"max_hp_loss":0,"event_name":"Lab","floor":2,"gold_loss":0},{"damage_healed":0,"gold_gain":100,"player_choice":"Gold","damage_taken":0,"max_hp_gain":0,"max_hp_loss":0,"event_name":"Wheel of Change","floor":7,"gold_loss":0},{"damage_healed":0,"gold_gain":0,"player_choice":"Became a Ghost","damage_taken":0,"max_hp_gain":0,"max_hp_loss":33,"event_name":"Ghosts","floor":20,"gold_loss":0,"cards_obtained":["Ghostly","Ghostly","Ghostly"]},{"damage_healed":0,"gold_gain":0,"cards_transformed":["Strike_G","Strike_G"],"player_choice":"Became Test Subject","damage_taken":0,"max_hp_gain":0,"max_hp_loss":0,"event_name":"Drug Dealer","floor":22,"gold_loss":0,"cards_obtained":["ReplayTheSpireMod:Scrap Shanks","Storm of Steel"]}],"is_beta":false,"boss_relics":[{"not_picked":["Fusion Hammer","aspiration:ServantSkillbook"],"picked":"energizedSpire:DeadBattery"}],"items_purged_floors":[21,29],"is_endless":false,"potions_floor_spawned":[1,3,6,11,18,19],"killed_by":"Automaton","ascension_level":15}}