{"host":"qgrlfjrqk9z96gfi","time":1609630389,"event":{"mods":["BaseMod","Block Reminder","Colored Map","DeckTracker","Minty Spire (QoL Compilation)"],"gold_per_floor":[117,167,7,26,39,39,74,74,74,89,101,101,101],"floor_reached":12,"playtime":341,"items_purged":[],"score":160,"play_id":"ff3df60a-11fb-4f3b-9367-0ab7725922e0","local_time":"20210102133309","is_ascension_mode":true,"campfire_choices":[{"data":"Noxious Fumes","floor":6,"key":"SMITH"}],"circlet_count":0,"master_deck":["AscendersBane","Strike_G","Strike_G","Strike_G","Strike_G","Strike_G","Defend_G","Defend_G","Defend_G","Defend_G","Defend_G","Survivor","Neutralize","Thinking Ahead","Dash","Noxious Fumes+1","Blade Dance","Bane","Poisoned Stab","Deadly Poison","Dash","Die Die Die"],"relics":["Ring of the Snake","StoneCalendar","Sundial"],"acts_visited":["Exordium"],"potions_floor_usage":[7,11],"damage_taken":[{"damage":4,"enemies":"Cultist","floor":1,"turns":5},{"damage":0,"enemies":"Jaw Worm","floor":4,"turns":3},{"damage":8,"enemies":"Small Slimes","floor":5,"turns":3},{"damage":27,"enemies":"3 Sentries","floor":7,"turns":8},{"damage":2,"enemies":"Looter","floor":10,"turns":3},{"damage":23,"enemies":"Large Slime","floor":11,"turns":6},{"damage":15,"enemies":"Lagavulin","floor":12,"turns":3}],"seed_played":"-6268997757493552246","potions_obtained":[{"floor":4,"key":"ColorlessPotion"},{"floor":10,"key":"Swift Potion"}],"is_trial":false,"path_per_floor":["M","?","$","M","M","R","E","?","T","M","M","E"],"character_chosen":"THE_SILENT","items_purchased":["Noxious Fumes","Blade Dance","Bane"],"campfire_rested":0,"item_purchase_floors":[3,3,3],"current_hp_per_floor":[55,49,49,49,41,41,14,34,34,32,9,0,0],"gold":101,"neow_bonus":"RANDOM_COLORLESS_2","is_daily":false,"chose_seed":false,"campfire_upgraded":1,"win_rate":0.0,"timestamp":1609630389,"path_taken":["M","?","$","?","M","R","E","?","T","M","M","E"],"items_purchased_type":["Card","Card","Card"],"build_version":"2020-12-22","purchased_purges":0,"victory":false,"max_hp_per_floor":[60,60,60,60,60,60,60,60,60,60,60,60,60],"card_choices":[{"not_picked":["Magnetism","Mayhem"],"picked":"Thinking Ahead","floor":0},{"not_picked":["PiercingWail","Endless Agony"],"picked":"Dash","floor":1},{"not_picked":["Cloak And Dagger","Noxious Fumes"],"picked":"Poisoned Stab","floor":4},{"not_picked":["Dodge and Roll","PiercingWail"],"picked":"Deadly Poison","floor":5},{"not_picked":["Storm of Steel","Slice"],"picked":"Dash","floor":7},{"not_picked":["Dagger Throw","Underhanded Strike","Outmaneuver"],"picked":"SKIP","floor":10},{"not_picked":["Poisoned Stab","Prepared"],"picked":"Die Die Die","floor":11}],"player_experience":953612,"relics_obtained":[{"floor":7,"key":"StoneCalendar"},{"floor":9,"key":"Sundial"}],"event_choices":[{"damage_healed":0,"gold_gain":50,"player_choice":"Touch","damage_taken":6,"max_hp_gain":0,"max_hp_loss":0,"event_name":"FaceTrader","floor":2,"gold_loss":0},{"damage_healed":20,"gold_gain":0,"player_choice":"Banana","damage_taken":0,"max_hp_gain":0,"max_hp_loss":0,"event_name":"Big Fish","floor":8,"gold_loss":0}],"is_beta":false,"boss_relics":[],"items_purged_floors":[],"is_endless":false,"potions_floor_spawned":[4,10],"killed_by":"Lagavulin","ascension_level":20}}