{"host":"08t08ld674si40tv","time":1609597141,"event":{"mods":["AchievementEnabler","BaseMod","Colored Map","Minty Spire (QoL Compilation)","StSLib","SuperFastMode"],"gold_per_floor":[110,129,140,140,156,156,156,156,234,285,285,285,39,69,69,145,145,156,167,167,167,167,167,183,183,183,183,183,183],"floor_reached":28,"playtime":488,"items_purged":[],"score":428,"play_id":"ab580474-9fb5-478d-bedb-b0cb647b0792","local_time":"20210102231901","is_ascension_mode":true,"campfire_choices":[{"floor":6,"key":"REST"},{"data":"Limit Break","floor":11,"key":"SMITH"},{"data":"Heavy Blade","floor":15,"key":"SMITH"},{"floor":23,"key":"REST"},{"floor":25,"key":"REST"},{"floor":27,"key":"REST"}],"circlet_count":0,"master_deck":["AscendersBane","Bash","Limit Break+1","Sword Boomerang","Heavy Blade+1","Ghostly Armor","Parasite","Rupture","Bloodletting","Feed","Metallicize+1","Rampage+1","Dropkick+1","Intimidate","Power Through","Evolve","Double Tap"],"relics":["Burning Blood","Paper Frog","StrikeDummy","Red Skull","Oddly Smooth Stone","Astrolabe","Letter Opener"],"acts_visited":["Exordium","TheCity"],"potions_floor_usage":[14,16,16,24],"damage_taken":[{"damage":10,"enemies":"2 Louse","floor":1,"turns":3},{"damage":10,"enemies":"Small Slimes","floor":2,"turns":3},{"damage":6,"enemies":"Cultist","floor":3,"turns":3},{"damage":41,"enemies":"Large Slime","floor":5,"turns":7},{"damage":50,"enemies":"3 Sentries","floor":14,"turns":11},{"damage":11,"enemies":"Slime Boss","floor":16,"turns":6},{"damage":39,"enemies":"Spheric Guardian","floor":18,"turns":6},{"damage":11,"enemies":"Chosen","floor":19,"turns":3},{"damage":29,"enemies":"Snake Plant","floor":24,"turns":4},{"damage":87,"enemies":"Gremlin Leader","floor":28,"turns":4}],"seed_played":"-8045614771449627749","potions_obtained":[{"floor":3,"key":"Block Potion"},{"floor":5,"key":"Fire Potion"},{"floor":14,"key":"Fire Potion"},{"floor":19,"key":"FearPotion"}],"is_trial":false,"path_per_floor":["M","M","M","?","M","R","?","?","T","?","R","T","$","E","R","B",null,"M","M","?","?","?","R","M","R","T","R","E"],"character_chosen":"IRONCLAD","items_purchased":["Rupture","Red Skull"],"campfire_rested":4,"item_purchase_floors":[13,13],"current_hp_per_floor":[64,60,60,65,30,54,54,74,74,74,74,74,74,30,30,25,66,33,28,28,28,5,30,10,36,36,62,0,0],"gold":183,"neow_bonus":"ONE_RANDOM_RARE_CARD","is_daily":false,"chose_seed":false,"campfire_upgraded":2,"win_rate":0.0,"timestamp":1609597141,"path_taken":["M","M","M","?","M","R","?","?","T","?","R","?","$","E","R","BOSS","M","?","?","?","?","R","M","R","T","R","E"],"items_purchased_type":["Card","Relic"],"build_version":"2020-12-22","purchased_purges":0,"victory":false,"max_hp_per_floor":[75,75,75,80,80,80,80,80,80,80,80,80,80,80,80,80,80,80,80,80,80,85,85,88,88,88,88,88,88],"card_choices":[{"not_picked":["Warcry","Hemokinesis"],"picked":"Sword Boomerang","floor":1},{"not_picked":["Iron Wave","Thunderclap"],"picked":"Heavy Blade","floor":2},{"not_picked":["Burning Pact","Searing Blow"],"picked":"Ghostly Armor","floor":3},{"not_picked":["Dual Wield","Pommel Strike","Armaments"],"picked":"SKIP","floor":5},{"not_picked":["Twin Strike","Second Wind"],"picked":"Bloodletting","floor":14},{"not_picked":["Exhume","Demon Form"],"picked":"Feed","floor":16},{"not_picked":["Uppercut","Warcry"],"picked":"Intimidate","floor":18},{"not_picked":["Armaments","Twin Strike+1"],"picked":"Power Through","floor":19},{"not_picked":["Dark Embrace+1","Shockwave","Armaments"],"picked":"SKIP","floor":24}],"player_experience":196713,"relics_obtained":[{"floor":9,"key":"Paper Frog"},{"floor":12,"key":"StrikeDummy"},{"floor":14,"key":"Oddly Smooth Stone"},{"floor":26,"key":"Letter Opener"}],"event_choices":[{"damage_healed":0,"gold_gain":0,"player_choice":"Donut","damage_taken":0,"max_hp_gain":5,"max_hp_loss":0,"event_name":"Big Fish","floor":4,"gold_loss":0},{"damage_healed":0,"gold_gain":0,"cards_transformed":["Strike_R"],"player_choice":"Change","damage_taken":0,"max_hp_gain":0,"max_hp_loss":0,"event_name":"Living Wall","floor":7,"gold_loss":0,"cards_obtained":["Heavy Blade"]},{"damage_healed":20,"gold_gain":0,"player_choice":"Healed and dodged fight","damage_taken":0,"max_hp_gain":0,"max_hp_loss":0,"event_name":"Mushrooms","floor":8,"gold_loss":0,"cards_obtained":["Parasite"]},{"damage_healed":0,"gold_gain":51,"player_choice":"Gained Gold","damage_taken":0,"max_hp_gain":0,"max_hp_loss":0,"event_name":"Golden Wing","floor":10,"gold_loss":0},{"damage_healed":0,"gold_gain":0,"cards_transformed":["Defend_R","Defend_R"],"player_choice":"Became Test Subject","damage_taken":0,"max_hp_gain":0,"max_hp_loss":0,"event_name":"Drug Dealer","floor":20,"gold_loss":0,"cards_obtained":["Evolve","Double Tap"]},{"damage_healed":0,"gold_gain":0,"player_choice":"Ignored","damage_taken":0,"max_hp_gain":0,"max_hp_loss":0,"event_name":"Ghosts","floor":21,"gold_loss":0},{"damage_healed":0,"gold_gain":0,"player_choice":"Shed Blood","damage_taken":28,"max_hp_gain":5,"max_hp_loss":0,"event_name":"Forgotten Altar","floor":22,"gold_loss":0}],"is_beta":false,"boss_relics":[{"not_picked":["Calling Bell","Velvet Choker"],"picked":"Astrolabe"}],"items_purged_floors":[],"is_endless":false,"potions_floor_spawned":[3,5,14,19],"killed_by":"Gremlin Leader","ascension_level":20}}