{"host":"emut9mh212kd9b86","time":1609579996,"event":{"mods":["ATMod(°¢èªMod)","Act Like it!","BaseMod","Better Vampires","Downfall","Koishi","KomeijiMod","Minty Spire (QoL Compilation)","MostiFishMod","Shop Mod","Spicy Shops","StSLib","TestMod","Waifu the Spire","noobMod","¡¾ÒÅÎï¿¨ÅÆ¡¿REMEMod"],"gold_per_floor":[0,15,70,81,256,300,354,354,371,371,385,420,61,77,87,185,185,110,120,149,165,165,195,195,210,245,265,297,297,328,348,358,460,460,460,479,493,505,569,569,642,652,678,689,356,373,407,64,77,77],"floor_reached":51,"playtime":1377,"items_purged":["Doubt","Strike_Remiria","Strike_Remiria","Koishi:MindNumbingTerror","Absorbed+1","Defend_Remirira+1"],"score":1524,"play_id":"2c1bd92b-34d3-4d2f-9cc0-1e67419071f4","local_time":"20210102173316","is_ascension_mode":true,"campfire_choices":[{"data":"AT_TinkerSharpsword","floor":1,"key":"SMITH"},{"floor":10,"key":"RECALL"},{"data":"QueenOfMidnight","floor":18,"key":"SMITH"},{"data":"Offensive","floor":35,"key":"SMITH"}],"circlet_count":0,"master_deck":["Defend_Remirira+1","Defend_Remirira+1","Defend_Remirira+1","Scratch+1","AT_TinkerSharpsword+1","StigmaNizer+1","Offensive+1","QueenOfMidnight+1","StigmaNizer+1","StigmaNizer+1","VampireKiss_Remiria+1","StigmaNizer+1"],"relics":["ThirstyCrossSpe","ice","DaveBox","AT_ATBox","REME_ComplimentaryCards","Civilization","Bronze Scales","downfall:ShatteredFragment","MerchantsRug","testmod-ArcanaOfDestiny","Transparent","downfall:HeartBlessingRed","Red Mask","Nloth\u0027s Gift","AT_TimeSand","testmod-IndustrialRevolution","testmod-Hope","ImprovedEquipment","Guardian:PocketSentry","Medical Kit","Vajra","InkBottle","AT_ArchangelStaff","Blue Candle"],"acts_visited":["Exordium","TheCity","TheBeyond"],"potions_floor_usage":[6,43],"damage_taken":[{"damage":10,"enemies":"Small Slimes","floor":2,"turns":3},{"damage":14,"enemies":"3 Sentries","floor":3,"turns":6},{"damage":12,"enemies":"Jaw Worm","floor":4,"turns":2},{"damage":0,"enemies":"Cultist","floor":6,"turns":2},{"damage":0,"enemies":"2 Fungi Beasts","floor":9,"turns":2},{"damage":0,"enemies":"Blue Slaver","floor":11,"turns":1},{"damage":0,"enemies":"3 Sentries","floor":12,"turns":2},{"damage":10,"enemies":"downfall:FleeingMerchant","floor":13,"turns":4},{"damage":0,"enemies":"Gremlin Gang","floor":14,"turns":1},{"damage":0,"enemies":"Exordium Thugs","floor":15,"turns":1},{"damage":0,"enemies":"downfall:Silent","floor":16,"turns":2},{"damage":22,"enemies":"Spheric Guardian","floor":19,"turns":1},{"damage":24,"enemies":"Masked Bandits","floor":20,"turns":1},{"damage":26,"enemies":"Shell Parasite","floor":21,"turns":1},{"damage":29,"enemies":"Gremlin Leader","floor":23,"turns":1},{"damage":31,"enemies":"Shelled Parasite and Fungi","floor":25,"turns":1},{"damage":34,"enemies":"REME_1_Revenger","floor":26,"turns":1},{"damage":38,"enemies":"Sentry and Sphere","floor":27,"turns":1},{"damage":41,"enemies":"Gremlin Leader","floor":28,"turns":1},{"damage":44,"enemies":"Slavers","floor":30,"turns":1},{"damage":48,"enemies":"Cultist and Chosen","floor":31,"turns":1},{"damage":52,"enemies":"Centurion and Healer","floor":32,"turns":1},{"damage":57,"enemies":"downfall:Defect","floor":33,"turns":1},{"damage":63,"enemies":"3 Shapes","floor":36,"turns":1},{"damage":66,"enemies":"Orb Walker","floor":37,"turns":1},{"damage":71,"enemies":"Spire Growth","floor":38,"turns":1},{"damage":76,"enemies":"downfall:FleeingMerchant","floor":39,"turns":1},{"damage":243,"enemies":"downfall:FleeingMerchant","floor":40,"turns":3},{"damage":86,"enemies":"Transient","floor":42,"turns":1},{"damage":92,"enemies":"Nemesis","floor":43,"turns":1},{"damage":98,"enemies":"Maw","floor":44,"turns":1},{"damage":117,"enemies":"3 Darklings","floor":46,"turns":1},{"damage":124,"enemies":"Giant Head","floor":47,"turns":1},{"damage":131,"enemies":"Transient","floor":49,"turns":1},{"damage":138,"enemies":"downfall:Ironclad","floor":50,"turns":1}],"seed_played":"-289198866923910742","potions_obtained":[{"floor":2,"key":"Fire Potion"},{"floor":4,"key":"REME_GoldPotion"},{"floor":11,"key":"SteroidPotion"},{"floor":15,"key":"Dexterity Potion"},{"floor":19,"key":"DistilledChaos"},{"floor":27,"key":"CalmPotion"},{"floor":43,"key":"testmod-SpacePotion"},{"floor":44,"key":"FearPotion"},{"floor":46,"key":"Block Potion"},{"floor":49,"key":"Swift Potion"}],"is_trial":false,"path_per_floor":["R","M","?","M","?","M","T","?","M","R","M","E","$","M","M","B",null,"R","M","?","M","?","E","T","M","E","M","E","T","E","M","M","B",null,"R","M","M","M","$","?","T","M","E","M","?","M","E","$","M","B",null],"character_chosen":"RemiriaScarlet","items_purchased":["MerchantsRug","testmod-ArcanaOfDestiny","Medical Kit","Vajra"],"campfire_rested":0,"item_purchase_floors":[13,13,39,39],"current_hp_per_floor":[100,92,83,77,77,84,84,84,93,93,103,116,119,136,155,175,221,221,242,266,291,291,319,319,349,380,413,449,449,488,529,572,616,616,616,663,711,760,810,868,868,927,987,1048,1179,1246,1314,1314,1383,1453],"gold":77,"neow_bonus":"REMOVE_TWO","is_daily":false,"chose_seed":false,"campfire_upgraded":3,"win_rate":0.0,"timestamp":1609579996,"path_taken":["R","M","?","M","?","M","T","?","?","R","M","E","?","M","M","BOSS","R","M","?","M","?","E","T","M","E","?","E","?","E","?","M","BOSS","R","M","M","M","$","?","T","M","E","M","?","M","E","$","M","BOSS"],"items_purchased_type":["Relic","Relic","Relic","Relic"],"build_version":"2020-12-22","purchased_purges":6,"victory":true,"max_hp_per_floor":[100,102,107,113,113,120,120,120,129,129,139,152,165,182,201,221,221,221,242,266,291,291,319,319,349,380,413,449,449,488,529,572,616,616,616,663,711,760,810,868,868,927,987,1048,1179,1246,1314,1314,1383,1453],"card_choices":[{"not_picked":["Rewrite","DoubleEdge"],"picked":"StigmaNizer","floor":2},{"not_picked":["TricksterDevil","Cripple"],"picked":"Offensive","floor":4},{"not_picked":["DemonsDinnerFork_Remiria","DamonLordCradle_Remiria","PainBurst"],"picked":"SKIP","floor":6},{"not_picked":["Warpath","FastHealing"],"picked":"QueenOfMidnight","floor":9},{"not_picked":["ChainGang","BodyStrengthen","FierceSweep"],"picked":"SKIP","floor":11},{"not_picked":["DamonLordCradle_Remiria","SeparateFleshBlood","ThirstForBlood"],"picked":"SKIP","floor":12},{"not_picked":["ChainGang","DemonsDinnerFork_Remiria","TrickFate"],"picked":"SKIP","floor":13},{"not_picked":["FateMeister","ServantFlier","FastHealing"],"picked":"SKIP","floor":14},{"not_picked":["BloodCollect","BloodCleaner","FastHealing"],"picked":"SKIP","floor":15},{"not_picked":["SeparateFleshBlood+1","Tepes"],"picked":"StigmaNizer+1","floor":19},{"not_picked":["DoubleEdge","DemonsDinnerFork_Remiria"],"picked":"StigmaNizer+1","floor":20},{"not_picked":["BathedInBlood","BloodCleaner+1"],"picked":"VampireKiss_Remiria+1","floor":21},{"not_picked":["SealingFear","BloodCleaner","FateConcerto"],"picked":"SKIP","floor":23},{"not_picked":["VampireClaw+1","DoubleEdge"],"picked":"StigmaNizer","floor":25},{"not_picked":["TrickFate","PainBurst","BloodSurge"],"picked":"SKIP","floor":26},{"not_picked":["YoungDemonLord","FateConcerto","CombatMeter"],"picked":"SKIP","floor":27},{"not_picked":["BloodCollect+1","FateEnsemble","StigmaNizer"],"picked":"SKIP","floor":28},{"not_picked":["Cripple","FastHealing","FateCollect"],"picked":"SKIP","floor":30},{"not_picked":["ServantFlier","BodyStrengthen","Tearing+1"],"picked":"SKIP","floor":31},{"not_picked":["DoubleEdge+1","StigmaNizer","FastHealing+1"],"picked":"SKIP","floor":32},{"not_picked":["VampireKiss_Remiria","CurseofVladTepes","Cripple"],"picked":"SKIP","floor":36},{"not_picked":["BodyStrengthen","DemonLordWalk+1","ChainGang+1"],"picked":"SKIP","floor":37},{"not_picked":["BloodySuit+1","VampireKiss_Remiria+1","Feint"],"picked":"SKIP","floor":38},{"not_picked":["NaturallyHealing","BloodySuit+1","FateEnsemble+1"],"picked":"SKIP","floor":39},{"not_picked":["BloodCleaner+1","BloodCollect","BloodySuit+1"],"picked":"SKIP","floor":42},{"not_picked":["BloodySuit+1","Cripple+1","CombatMeter"],"picked":"SKIP","floor":43},{"not_picked":["FierceSweep","VampireClaw","DamonLordCradle_Remiria+1"],"picked":"SKIP","floor":44},{"not_picked":["CombatMeter","MillenniumVampire","BodyStrengthen+1"],"picked":"SKIP","floor":46},{"not_picked":["CurseofVladTepes+1","BloodPact","DemonsDinnerFork_Remiria"],"picked":"SKIP","floor":47},{"not_picked":["VampirishNight+1","Feint","RocketKickup"],"picked":"SKIP","floor":49}],"player_experience":409195,"relics_obtained":[{"floor":3,"key":"testmod-Motorcycle"},{"floor":7,"key":"Bronze Scales"},{"floor":12,"key":"StrikeDummy"},{"floor":20,"key":"Red Mask"},{"floor":23,"key":"AT_TimeSand"},{"floor":24,"key":"testmod-IndustrialRevolution"},{"floor":26,"key":"AT_GuinsooRageblade"},{"floor":28,"key":"testmod-Hope"},{"floor":29,"key":"ImprovedEquipment"},{"floor":30,"key":"Guardian:PocketSentry"},{"floor":41,"key":"InkBottle"},{"floor":43,"key":"AT_ArchangelStaff"},{"floor":47,"key":"Blue Candle"}],"event_choices":[{"damage_healed":0,"gold_gain":0,"player_choice":"Fought Bandits","damage_taken":0,"max_hp_gain":0,"max_hp_loss":0,"event_name":"Masked Bandits","floor":20,"gold_loss":0}],"is_beta":false,"boss_relics":[{"not_picked":["testmod-Temperance","HaiYi:Twilight"],"picked":"Transparent"},{"not_picked":["TakeMeEscape","REME_DuelDisc"],"picked":"DiscerningMonocle"}],"items_purged_floors":[13,13,39,39,48,48],"is_endless":false,"potions_floor_spawned":[2,4,11,15,19,27,30,31,32,33,38,43,44,46,49],"ascension_level":4}}