{"host":"10b2ljh1rg6srmxa","time":1609611806,"event":{"mods":["AchievementEnabler","BaseMod","Colored Powertips","Conspire","Downfall","Googly Eyes","Hubris","Infinite Spire","Minty Spire (QoL Compilation)","Replay The Spire","StSLib","The Construct"],"gold_per_floor":[116,116,65,84,103,103,103,103],"floor_reached":7,"playtime":806,"items_purged":[],"score":41,"play_id":"e03a3c24-d8e1-4a4b-bb64-93c873ec1fbd","local_time":"20210102192326","is_ascension_mode":false,"campfire_choices":[{"data":"construct:Autoturret","floor":6,"key":"SMITH"}],"circlet_count":0,"master_deck":["construct:Strike_Gold","construct:Strike_Gold","construct:Strike_Gold","construct:Strike_Gold","construct:Strike_Gold","construct:Defend_Gold","construct:Defend_Gold","construct:Defend_Gold","construct:Defend_Gold","construct:Defend_Gold","construct:AttackMode","construct:DefenseMode","construct:Overcharge","construct:Autoturret+1","construct:ScrapCannon"],"relics":["construct:Cogwheel","hubris:Icosahedron"],"acts_visited":["Exordium"],"potions_floor_usage":[],"damage_taken":[{"damage":1,"enemies":"Jaw Worm","floor":1,"turns":5},{"damage":15,"enemies":"conspire:RoseBush","floor":4,"turns":6},{"damage":3,"enemies":"Small Slimes","floor":5,"turns":7},{"damage":40,"enemies":"Replay:BlueRogue","floor":7,"turns":16}],"seed_played":"-4080458684361471620","potions_obtained":[{"floor":1,"key":"sneckomod:MuddlingPotion"}],"is_trial":false,"path_per_floor":["M","?","$","M","M","R","E"],"character_chosen":"THE_CONSTRUCT_MOD","items_purchased":["construct:Autoturret"],"campfire_rested":0,"item_purchase_floors":[3],"current_hp_per_floor":[92,92,92,77,74,74,34,34],"gold":103,"neow_bonus":"TEN_PERCENT_HP_BONUS","is_daily":false,"chose_seed":false,"campfire_upgraded":1,"win_rate":0.0,"timestamp":1609611806,"path_taken":["M","?","?","M","M","R","E"],"items_purchased_type":["Card"],"build_version":"2020-12-22","purchased_purges":0,"victory":false,"max_hp_per_floor":[93,93,93,93,93,93,93,93],"card_choices":[{"not_picked":["construct:Analyze","construct:HardReboot"],"picked":"construct:Overcharge","floor":1},{"not_picked":["construct:QuickAttack","construct:PowerUp"],"picked":"construct:ScrapCannon","floor":4},{"not_picked":["construct:Backfire","construct:FierceBash","construct:UnbalancingBlast"],"picked":"SKIP","floor":5}],"player_experience":310338,"relics_obtained":[],"event_choices":[],"is_beta":false,"boss_relics":[],"items_purged_floors":[],"is_endless":false,"potions_floor_spawned":[1],"killed_by":"Replay:BlueRogue","ascension_level":0}}