{"host":"okln270zkafj6dck","time":1609625960,"event":{"mods":["BaseMod","Minty Spire (QoL Compilation)","Permanent Neow","Quick Restart","Relic Stats","StSLib","SuperFastMode"],"gold_per_floor":[116,132,150,161,174,174,191,191,191],"floor_reached":8,"playtime":196,"items_purged":[],"score":104,"play_id":"77aea037-f471-4e90-802b-37774d9bdd1f","local_time":"20210102141920","is_ascension_mode":true,"campfire_choices":[{"data":"Wraith Form v2","floor":6,"key":"SMITH"}],"circlet_count":0,"master_deck":["AscendersBane","Strike_G","Strike_G","Strike_G","Defend_G","Defend_G","Defend_G","Defend_G","Survivor","Neutralize","All Out Attack+1","Escape Plan+1","Dagger Spray+1","PiercingWail","Noxious Fumes","Wraith Form v2+1","Backflip"],"relics":["Astrolabe"],"acts_visited":["Exordium"],"potions_floor_usage":[],"damage_taken":[{"damage":0,"enemies":"Small Slimes","floor":1,"turns":2},{"damage":0,"enemies":"Cultist","floor":2,"turns":4},{"damage":0,"enemies":"2 Louse","floor":3,"turns":1},{"damage":28,"enemies":"Exordium Wildlife","floor":4,"turns":5},{"damage":1,"enemies":"Looter","floor":5,"turns":4},{"damage":14,"enemies":"Large Slime","floor":7,"turns":6},{"damage":23,"enemies":"Lagavulin","floor":8,"turns":7}],"seed_played":"-4987022713055609862","potions_obtained":[{"floor":4,"key":"Fire Potion"},{"floor":5,"key":"Ancient Potion"}],"is_trial":false,"path_per_floor":["M","M","M","M","M","R","M","E"],"character_chosen":"THE_SILENT","items_purchased":[],"campfire_rested":0,"item_purchase_floors":[],"current_hp_per_floor":[59,59,59,31,30,30,16,0,0],"gold":191,"neow_bonus":"BOSS_RELIC","is_daily":false,"chose_seed":false,"campfire_upgraded":1,"win_rate":0.0,"timestamp":1609625960,"path_taken":["M","M","M","M","M","R","M","E"],"items_purchased_type":[],"build_version":"2020-12-22","purchased_purges":0,"victory":false,"max_hp_per_floor":[66,66,66,66,66,66,66,66,66],"relic_stats":{"counters":[7,29],"Astrolabe":["All Out Attack","Escape Plan","Dagger Spray"],"obtain_stats":[{"Astrolabe":0,"Ring of the Snake":0},{"Astrolabe":0,"Ring of the Snake":0},{"Astrolabe":0,"Ring of the Snake":0}]},"card_choices":[{"not_picked":["Dagger Spray","Sucker Punch"],"picked":"PiercingWail","floor":1},{"not_picked":["Prepared","Dodge and Roll","Flying Knee"],"picked":"SKIP","floor":2},{"not_picked":["Slice","Dagger Spray"],"picked":"Noxious Fumes","floor":3},{"not_picked":["Outmaneuver","Dodge and Roll","Expertise"],"picked":"SKIP","floor":4},{"not_picked":["Crippling Poison","Prepared"],"picked":"Wraith Form v2","floor":5},{"not_picked":["Slice","Deflect"],"picked":"Backflip","floor":7}],"player_experience":75821,"relics_obtained":[],"event_choices":[],"is_beta":false,"boss_relics":[],"items_purged_floors":[],"is_endless":false,"potions_floor_spawned":[4,5],"killed_by":"Lagavulin","ascension_level":20}}