{"host":"r6jigiblrojhp6xe","time":1609601737,"event":{"mods":["AchievementEnabler","BaseMod","DeckTracker","Minty Spire (QoL Compilation)","Quick Restart","Rare Cards Sparkle","Relic Stats","StSLib","SuperFastMode","The Cursed","everything is the same but u backflip on backflip"],"gold_per_floor":[111,126,126,136,136,136,136,136],"floor_reached":7,"playtime":180,"items_purged":[],"score":82,"play_id":"2a085c26-a31c-4bc2-9531-41209006f6b9","local_time":"20210103003537","is_ascension_mode":true,"campfire_choices":[{"data":"Bash","floor":6,"key":"SMITH"}],"circlet_count":0,"master_deck":["AscendersBane","Strike_R","Strike_R","Strike_R","Strike_R","Defend_R","Defend_R","Defend_R","Defend_R","Bash+1","Twin Strike","Bloodletting","Wild Strike","Flame Barrier"],"relics":["Burning Blood","Thread and Needle","Golden Idol"],"acts_visited":["Exordium"],"potions_floor_usage":[],"damage_taken":[{"damage":3,"enemies":"Jaw Worm","floor":1,"turns":5},{"damage":0,"enemies":"2 Louse","floor":2,"turns":2},{"damage":4,"enemies":"Small Slimes","floor":4,"turns":4},{"damage":48,"enemies":"3 Sentries","floor":7,"turns":13}],"seed_played":"6152782083607689300","potions_obtained":[{"floor":1,"key":"ElixirPotion"},{"floor":4,"key":"ElixirPotion"}],"is_trial":false,"path_per_floor":["M","M","?","M","?","R","E"],"character_chosen":"IRONCLAD","items_purchased":[],"campfire_rested":0,"item_purchase_floors":[],"current_hp_per_floor":[68,68,68,68,45,45,0,0],"gold":136,"neow_bonus":"ONE_RARE_RELIC","is_daily":false,"chose_seed":false,"campfire_upgraded":1,"win_rate":0.0,"timestamp":1609601737,"path_taken":["M","M","?","M","?","R","E"],"items_purchased_type":[],"build_version":"2020-12-22","purchased_purges":0,"victory":false,"max_hp_per_floor":[68,68,68,68,68,68,68,68],"relic_stats":{"counters":[4,24],"Golden Idol":0,"obtain_stats":[{"Golden Idol":5,"Thread and Needle":0,"Burning Blood":0},{"Golden Idol":3,"Thread and Needle":0,"Burning Blood":0},{"Golden Idol":11,"Thread and Needle":0,"Burning Blood":0}],"Burning Blood":7},"card_choices":[{"not_picked":["Metallicize","Perfected Strike"],"picked":"Twin Strike","floor":1},{"not_picked":["Feel No Pain","Flex"],"picked":"Bloodletting","floor":2},{"not_picked":["Clash","Thunderclap"],"picked":"Flame Barrier","floor":4}],"player_experience":559889,"relics_obtained":[],"event_choices":[{"damage_healed":0,"gold_gain":0,"cards_transformed":["Strike_R"],"player_choice":"Change","damage_taken":0,"max_hp_gain":0,"max_hp_loss":0,"event_name":"Living Wall","floor":3,"gold_loss":0,"cards_obtained":["Wild Strike"]},{"damage_healed":0,"gold_gain":0,"player_choice":"Take Damage","damage_taken":23,"relics_obtained":["Golden Idol"],"max_hp_gain":0,"max_hp_loss":0,"event_name":"Golden Idol","floor":5,"gold_loss":0}],"is_beta":false,"boss_relics":[],"items_purged_floors":[],"is_endless":false,"potions_floor_spawned":[1,4],"killed_by":"3 Sentries","ascension_level":20}}