{"host":"ds1yr10zonoc6w4a","time":1609623971,"event":{"mods":["2.2 Compatiblity","AchievementEnabler","Act Like it!","BaseMod","Better Match","Better Third Choice","BetterRewards","Downfall","Elementarium","Evolution","Gensokyo","GifTheSpireLib","Infinite Spire","Jorbs\u0027s Wanderer Trilogy","Koishi","Menagerie","Minty Spire (QoL Compilation)","Pale of the Ancients","Replay The Spire","StSLib","Stuff the Spire","The Animator","Wandering Minibosses","vexMod","??????REMEMod"],"gold_per_floor":[121,121,121,131,131,131,170,170,170,170,170,170,45,65,65,83,83,174,174,196,196,196,196,206,235,235,271,316,384,384,46,46,46,46,150,150,202,202,27,61,61,61,122,122,122,191,238,297,297,341,341,371,371,371,604,1470,1553,1631,1481,601,688,792,792,94,205,276,276,112,231,231,235],"floor_reached":72,"playtime":13145,"items_purged":["animator:Strike","animator:Strike","Doubt","CommonCold","animator:Defend","animator:Mikaela"],"score":2802,"play_id":"417607a2-f9a8-459f-80ec-fd71b0a90eaa","local_time":"20210102144611","is_ascension_mode":true,"campfire_choices":[{"data":"animator:QuestionMark","floor":6,"key":"SMITH"},{"data":"animator:DwarfShaman","floor":8,"key":"SMITH"},{"data":"infinitespire:FutureSight","floor":26,"key":"SMITH"},{"data":"animator:GuildGirl","floor":30,"key":"SMITH"},{"floor":34,"key":"RECALL"},{"data":"animator:Geryuganshoop","floor":42,"key":"SMITH"},{"data":"animator:Shiro","floor":44,"key":"SMITH"},{"data":"animator:CowGirl","floor":49,"key":"SMITH"},{"data":"animator:CowGirl","floor":51,"key":"SMITH"},{"data":"animator:Priestess","floor":54,"key":"SMITH"},{"floor":70,"key":"REST"}],"circlet_count":0,"master_deck":["AscendersBane","animator:Strike_GoblinSlayer+1","animator:DwarfShaman+1","Battle Trance+1","animator:QuestionMark+1","animator:DolaStephanie+1","animator:Eve+1","animator:DwarfShaman+1","animator:Witch+1","animator:Spearman+1","animator:CowGirl+1","animator:GoblinSlayer+1","animator:MamiTomoe+1","Seeing Red+1","animator:HighElfArcher+1","animator:GoblinSlayer+1","animator:DwarfShaman+1","animator:YuiTsuruno+1","animator:LizardPriest+1","animator:GuildGirl+1","animator:Aisha+1","animator:Shiro+1","animator:Geryuganshoop+1","animator:IchigoKurosaki+1","animator:Priestess+1","Dash+1","animator:DwarfShaman+1","animator:Togame+1","animator:CowGirl+1","animator:Aisha+1","animator:FeridBathory+1","animator:GuildGirl+1","animator:MamizouFutatsuiwa+1","animator:Ain+1","animator:Jibril+1","animator:QuestionMark+1","animator:ElricAlphonse+1","animator:Nanami+1","animator:Kyubey+1","animator:Lu+1","animator:IchigoKurosaki+1","animator:HighElfArcher+1"],"relics":["animator:TheEgnaroPiece","animator:LivingPicture","animator:TheMissingPiece","wanderingMiniBosses:MasterThiefsPresence","animator:AncientMedallion"],"acts_visited":["Exordium","TheCity","TheBeyond","TheEnding","EYB:TheUnnamedReign"],"potions_floor_usage":[7,18,35,35,43,43,46,47,62,62,65,71,71],"damage_taken":[{"damage":0,"enemies":"2 Louse","floor":1,"turns":3},{"damage":0,"enemies":"Cultist","floor":4,"turns":4},{"damage":9,"enemies":"Lagavulin","floor":7,"turns":6},{"damage":0,"enemies":"Small Slimes","floor":14,"turns":3},{"damage":1,"enemies":"Exordium Thugs","floor":16,"turns":3},{"damage":23,"enemies":"Fading Forest","floor":18,"turns":11},{"damage":16,"enemies":"2 Thieves","floor":20,"turns":3},{"damage":0,"enemies":"Spheric Guardian","floor":24,"turns":1},{"damage":0,"enemies":"Slavers","floor":25,"turns":4},{"damage":0,"enemies":"Snake Plant","floor":27,"turns":2},{"damage":0,"enemies":"Chosen and Byrds","floor":29,"turns":2},{"damage":0,"enemies":"Collector","floor":35,"turns":4},{"damage":1,"enemies":"3 Shapes","floor":37,"turns":3},{"damage":0,"enemies":"Orb Walker","floor":40,"turns":2},{"damage":0,"enemies":"Nemesis","floor":43,"turns":4},{"damage":0,"enemies":"Reptomancer","floor":46,"turns":3},{"damage":0,"enemies":"Jaw Worm Horde","floor":47,"turns":4},{"damage":0,"enemies":"4 Shapes","floor":48,"turns":3},{"damage":0,"enemies":"Writhing Mass","floor":50,"turns":2},{"damage":0,"enemies":"infinitespire:MassOfShapes","floor":52,"turns":8},{"damage":10,"enemies":"animator:UNNAMED_CULTIST_1","floor":56,"turns":7},{"damage":0,"enemies":"animator:UNNAMED_HAT","floor":57,"turns":7},{"damage":0,"enemies":"animator:TRIPLE_LAGAVULIN","floor":61,"turns":6},{"damage":0,"enemies":"animator:LARGE_CRYSTAL","floor":62,"turns":6},{"damage":0,"enemies":"animator:ULTIMATE_WISP","floor":65,"turns":7},{"damage":0,"enemies":"animator:ULTIMATE_CRYSTAL","floor":69,"turns":5}],"seed_played":"-270025230341500974","potions_obtained":[{"floor":7,"key":"PowerPotion"},{"floor":14,"key":"SteroidPotion"},{"floor":24,"key":"Weak Potion"},{"floor":25,"key":"Guardian:BlockOnCardUsePotion"},{"floor":27,"key":"SpeedPotion"},{"floor":35,"key":"AttackPotion"},{"floor":37,"key":"DistilledChaos"},{"floor":43,"key":"ColorlessPotion"},{"floor":46,"key":"Block Potion"},{"floor":47,"key":"Adrenaline Potion"},{"floor":48,"key":"LifebloodPotion"},{"floor":50,"key":"DistilledChaos"},{"floor":56,"key":"animator:FalseLifePotion"},{"floor":57,"key":"animator:FalseLifePotion"},{"floor":62,"key":"animator:FalseLifePotion"},{"floor":65,"key":"animator:FalseLifePotion"}],"is_trial":false,"path_per_floor":["M","?","?","M","?","R","E","R","T","PTL","PTL","?","$","M","?","M","R","B",null,"?","?","AVR","?","?","E","T","?","T","?","T","T","?","T","T","B",null,"?","?","T","?","?","T","E","T","T","E","?","?","T","?","T","B",null,"T","??","M","M","T","?","$","M","M","?","$","E","T","?","$","E","R","B",null],"character_chosen":"THE_ANIMATOR","items_purchased":["Anchor","Potion Belt","Chemical X","animator:QuestionMark","Divine Protection","Juzu Bracelet","animator:Mikaela","Regen Potion","animator:Aisha","Medical Kit","animator:GuildGirl","animator:MamizouFutatsuiwa","animator:AncientMedallion","animator:AncientMedallion","animator:AncientMedallion","animator:QuestionMark","animator:AncientMedallion","animator:ElricAlphonse","animator:Nanami","animator:AncientMedallion","animator:Lu","animator:IchigoKurosaki"],"campfire_rested":1,"item_purchase_floors":[0,0,0,0,0,0,0,0,31,31,60,60,60,60,60,64,64,64,64,64,68,68],"current_hp_per_floor":[18,18,18,18,18,18,24,24,24,24,24,29,29,30,61,60,60,45,57,41,20,20,20,20,21,21,22,22,22,22,22,22,22,22,23,54,53,53,53,55,39,39,39,39,39,41,41,41,41,41,41,41,61,61,80,70,70,70,70,70,80,80,24,24,56,56,66,66,80,80,45],"gold":235,"neow_bonus":"","is_daily":false,"chose_seed":false,"campfire_upgraded":9,"win_rate":0.0,"timestamp":1609623971,"path_taken":["M","?","?","M","?","R","E","R","T","PTL","PTL","?","?","M","?","M","R","BOSS","?","?","AVR","?","?","E","T","?","T","?","T","T","?","T","T","BOSS","?","?","T","?","?","T","E","T","T","E","?","?","T","?","T","BOSS","T","??","M","M","T","?","$","M","M","?","$","E","T","?","$","E","R","BOSS"],"items_purchased_type":["Relic","Relic","Relic","Card","Relic","Relic","Card","Potion","Card","Relic","Card","Card","Relic","Relic","Relic","Card","Relic","Card","Card","Relic","Card","Card"],"build_version":"2020-12-22","purchased_purges":6,"victory":true,"max_hp_per_floor":[60,60,60,60,60,60,60,60,60,60,60,60,60,61,61,61,61,61,61,61,61,61,61,61,62,62,63,63,63,63,63,63,63,63,64,64,64,64,64,66,66,66,66,66,66,68,68,68,68,68,68,68,68,68,80,80,80,80,80,80,80,80,80,80,80,80,80,80,80,80,80],"card_choices":[{"not_picked":["animator:NagisaMomoe","animator:AcuraAkari"],"picked":"animator:DolaStephanie","floor":1},{"not_picked":["animator:IzunaHatsuse","animator:Pride"],"picked":"animator:DwarfShaman","floor":4},{"not_picked":["animator:DolaStephanie","animator:OrikoMikuni"],"picked":"animator:Witch","floor":7},{"not_picked":["animator:DwarfShaman","animator:LizardPriest"],"picked":"animator:Spearman","floor":14},{"not_picked":["animator:Mitsuba","animator:MaesHughes","animator:Ara"],"picked":"SKIP","floor":16},{"not_picked":["animator:Elesis","animator:Kyubey"],"picked":"animator:GoblinSlayer","floor":18},{"not_picked":["animator:Sloth","animator:WinryRockbell"],"picked":"animator:MamiTomoe","floor":20},{"not_picked":["animator:Laby","animator:SuzuneAmano"],"picked":"animator:DwarfShaman","floor":24},{"not_picked":["animator:NagisaMomoe","animator:YachiyoNanami"],"picked":"animator:YuiTsuruno","floor":25},{"not_picked":["animator:Geryuganshoop","animator:Shiro"],"picked":"animator:LizardPriest","floor":27},{"not_picked":["animator:Raven+1","animator:Hitei"],"picked":"animator:GuildGirl","floor":29},{"not_picked":["animator:MadokaKaname","animator:Envy"],"picked":"animator:Shiro","floor":35},{"not_picked":["animator:DolaRiku+1","animator:Lu"],"picked":"animator:Geryuganshoop","floor":37},{"not_picked":["animator:NononJakuzure","animator:HarukoHaruhara"],"picked":"animator:IchigoKurosaki","floor":38},{"not_picked":["animator:Witch","animator:LizardPriest"],"picked":"animator:Priestess","floor":40},{"not_picked":["infinitespire:Execution","infinitespire:DeathsTouch"],"picked":"infinitespire:SevenWalls","floor":41},{"not_picked":["animator:Priestess","animator:GuildGirl"],"picked":"animator:DwarfShaman","floor":43},{"not_picked":["animator:Konayuki","animator:HigakiRinne"],"picked":"animator:Togame+1","floor":46},{"not_picked":["animator:Geryuganshoop","animator:MaesHughes","animator:ElricAlphonse"],"picked":"SKIP","floor":47},{"not_picked":["animator:LizardPriest","animator:DwarfShaman"],"picked":"animator:CowGirl","floor":48},{"not_picked":["animator:WinryRockbell+1","animator:DolaStephanie","animator:Sloth"],"picked":"SKIP","floor":50},{"not_picked":["animator:MetalKnight","animator:Ara"],"picked":"animator:Aisha+1","floor":56},{"not_picked":["animator:DolaSchwi","animator:Rena","animator:Aisha"],"picked":"SKIP","floor":57},{"not_picked":["animator:Kyubey+1","animator:HigakiRinne+1"],"picked":"animator:FeridBathory+1","floor":59},{"not_picked":["animator:Chung","animator:Lu"],"picked":"animator:Ain","floor":61},{"not_picked":["animator:CowGirl","animator:WinryRockbell"],"picked":"animator:Jibril+1","floor":62},{"not_picked":["animator:ChlammyZell","animator:YachiyoNanami"],"picked":"animator:Kyubey","floor":65},{"not_picked":["animator:Priestess","animator:Jibril"],"picked":"animator:HighElfArcher","floor":69}],"player_experience":711155,"relics_obtained":[{"floor":5,"key":"Ring of Searing"},{"floor":5,"key":"ReplayTheSpireMod:Ring of Exchange"},{"floor":7,"key":"infinitespire:Lucky Rock"},{"floor":9,"key":"StuffTheSpire:ForceGauntlet"},{"floor":21,"key":"Enchiridion"},{"floor":25,"key":"Replay:Bandana"},{"floor":43,"key":"animator:ShionDessert"},{"floor":43,"key":"Replay:Baseball"},{"floor":45,"key":"Bag of Marbles"},{"floor":46,"key":"ReplayTheSpireMod:TigerMarble"},{"floor":46,"key":"StuffTheSpire:Rhapsscallions"},{"floor":55,"key":"animator:TheEgnaroPiece"},{"floor":56,"key":"wanderingMiniBosses:MasterThiefsPresence"},{"floor":58,"key":"animator:AncientMedallion"},{"floor":65,"key":"animator:AncientMedallion"},{"floor":66,"key":"animator:AncientMedallion"},{"floor":69,"key":"animator:AncientMedallion"}],"event_choices":[{"damage_healed":0,"gold_gain":0,"player_choice":"Forge","damage_taken":0,"max_hp_gain":0,"max_hp_loss":0,"event_name":"Accursed Blacksmith","floor":3,"gold_loss":0,"cards_upgraded":["animator:DolaStephanie"]},{"cards_removed":["animator:Raven"],"damage_healed":5,"gold_gain":0,"player_choice":"Offered Common","damage_taken":0,"max_hp_gain":0,"max_hp_loss":0,"event_name":"Bonfire Elementals","floor":12,"gold_loss":0},{"cards_removed":["animator:Raven"],"damage_healed":5,"gold_gain":0,"player_choice":"Offered Special","damage_taken":0,"max_hp_gain":0,"max_hp_loss":0,"event_name":"Bonfire Elementals","floor":12,"gold_loss":0},{"damage_healed":31,"gold_gain":0,"player_choice":"Full Heal","damage_taken":0,"max_hp_gain":0,"max_hp_loss":0,"event_name":"Wheel of Change","floor":15,"gold_loss":0},{"damage_healed":0,"gold_gain":0,"player_choice":"Obtained Book","damage_taken":21,"max_hp_gain":0,"max_hp_loss":0,"event_name":"Cursed Tome","floor":21,"gold_loss":0},{"damage_healed":0,"gold_gain":0,"cards_transformed":["animator:Defend","animator:Defend"],"player_choice":"Became Test Subject","damage_taken":0,"max_hp_gain":0,"max_hp_loss":0,"event_name":"Drug Dealer","floor":23,"gold_loss":0,"cards_obtained":["animator:HighElfArcher","animator:GoblinSlayer"]},{"damage_healed":0,"gold_gain":0,"player_choice":"Memory 1","damage_taken":0,"max_hp_gain":0,"max_hp_loss":0,"event_name":"SensoryStone","floor":38,"gold_loss":0}],"is_beta":false,"boss_relics":[{"not_picked":["Tiny House","Lee\u0027s Waffle"],"picked":"Painkiller Herb"},{"not_picked":["Honey Jar","Orrery"],"picked":"Black Star"}],"items_purged_floors":[0,0,13,22,31,39],"is_endless":false,"potions_floor_spawned":[7,14,24,25,27,29,35,37,40,43,46,47,48,50,57,65,69],"ascension_level":15}}