{"host":"y3h3n3f7seyagppx","time":1609613804,"event":{"mods":["BaseMod","Colored Map","Colored Powertips","DeckTracker","Minty Spire (QoL Compilation)","Random Character Button","Rare Cards Sparkle","Relic Sorter","Relic Stats","StSLib"],"gold_per_floor":[16,28,303,314,328,358,358,8,8,8,24,24,56,70,70,145,145,155,165,65,82,82,82,82,82,82,82,100,132,132,162,162,236,236,247,263,283,295,6,6,34,34,34,63,82,117,129,154,154,154,154,154,154,17,49,49],"floor_reached":57,"playtime":7928,"items_purged":["Regret","Pain","Searing Blow"],"score":2894,"play_id":"a023dbf7-0c68-4825-82af-4c6487250521","local_time":"20210102135644","is_ascension_mode":true,"campfire_choices":[{"data":"Inflame","floor":7,"key":"SMITH"},{"data":"Bash","floor":12,"key":"SMITH"},{"floor":15,"key":"REST"},{"data":"1","floor":23,"key":"LIFT"},{"data":"2","floor":25,"key":"LIFT"},{"data":"3","floor":27,"key":"LIFT"},{"data":"Body Slam","floor":32,"key":"SMITH"},{"floor":40,"key":"RECALL"},{"data":"Corruption","floor":42,"key":"SMITH"},{"data":"Body Slam","floor":49,"key":"SMITH"},{"data":"Barricade","floor":53,"key":"SMITH"}],"circlet_count":0,"master_deck":["AscendersBane","Strike_R","Strike_R","Strike_R","Defend_R","Defend_R","Defend_R","Defend_R+1","Bash+1","Body Slam+1","Pommel Strike","Ghostly Armor+1","Inflame+1","Havoc+1","Shrug It Off+1","Havoc+1","Corruption+1","Shrug It Off+1","Ghostly+1","Ghostly+1","Ghostly+1","Thunderclap+1","Barricade+1","Shockwave+1","Feed","Dual Wield+1","Entrench+1","Sentinel+1","Shockwave+1","Battle Trance+1","Evolve","Burning Pact+1","Body Slam+1","Dark Embrace","Finesse+1"],"relics":["Burning Blood","Potion Belt","Toxic Egg 2","Mummified Hand","WarpedTongs","Girya","Coffee Dripper","TungstenRod","Red Mask","Lantern","Runic Pyramid","Membership Card","War Paint","Sundial","Boot","MealTicket","Shuriken"],"acts_visited":["Exordium","TheCity","TheBeyond","TheEnding"],"potions_floor_usage":[6,6,16,28,29,33,56],"damage_taken":[{"damage":7,"enemies":"Cultist","floor":1,"turns":4},{"damage":3,"enemies":"2 Louse","floor":2,"turns":3},{"damage":10,"enemies":"Jaw Worm","floor":4,"turns":3},{"damage":19,"enemies":"Large Slime","floor":5,"turns":6},{"damage":17,"enemies":"Lagavulin","floor":6,"turns":6},{"damage":4,"enemies":"3 Louse","floor":11,"turns":4},{"damage":30,"enemies":"Gremlin Nob","floor":13,"turns":4},{"damage":14,"enemies":"Blue Slaver","floor":14,"turns":4},{"damage":17,"enemies":"Hexaghost","floor":16,"turns":6},{"damage":12,"enemies":"3 Byrds","floor":18,"turns":6},{"damage":15,"enemies":"Shell Parasite","floor":19,"turns":4},{"damage":10,"enemies":"Snecko","floor":21,"turns":4},{"damage":0,"enemies":"3 Cultists","floor":28,"turns":5},{"damage":0,"enemies":"Masked Bandits","floor":29,"turns":5},{"damage":2,"enemies":"Book of Stabbing","floor":31,"turns":5},{"damage":27,"enemies":"Champ","floor":33,"turns":10},{"damage":9,"enemies":"3 Darklings","floor":35,"turns":6},{"damage":2,"enemies":"3 Shapes","floor":36,"turns":4},{"damage":0,"enemies":"Jaw Worm Horde","floor":37,"turns":5},{"damage":0,"enemies":"Spire Growth","floor":38,"turns":5},{"damage":0,"enemies":"Giant Head","floor":41,"turns":6},{"damage":18,"enemies":"Reptomancer","floor":44,"turns":5},{"damage":0,"enemies":"Transient","floor":45,"turns":6},{"damage":0,"enemies":"Nemesis","floor":46,"turns":6},{"damage":3,"enemies":"4 Shapes","floor":47,"turns":8},{"damage":0,"enemies":"Mind Bloom Boss Battle","floor":48,"turns":6},{"damage":25,"enemies":"Donu and Deca","floor":50,"turns":8},{"damage":16,"enemies":"Time Eater","floor":51,"turns":7},{"damage":11,"enemies":"Shield and Spear","floor":55,"turns":5},{"damage":20,"enemies":"The Heart","floor":56,"turns":7}],"seed_played":"1510469415351117280","potions_obtained":[{"floor":1,"key":"SneckoOil"},{"floor":4,"key":"Dexterity Potion"},{"floor":13,"key":"ColorlessPotion"},{"floor":14,"key":"SneckoOil"},{"floor":16,"key":"Strength Potion"},{"floor":19,"key":"Block Potion"},{"floor":28,"key":"FearPotion"},{"floor":35,"key":"Energy Potion"},{"floor":36,"key":"BloodPotion"},{"floor":44,"key":"AttackPotion"},{"floor":48,"key":"Dexterity Potion"}],"is_trial":false,"path_per_floor":["M","M","?","M","M","E","R","$","T","?","M","R","E","M","R","B",null,"M","M","$","M","?","R","?","R","T","R","M","?","?","E","R","B",null,"M","M","M","M","$","R","E","R","T","E","M","E","M","?","R","B","B",null,"R","$","E","B",null],"character_chosen":"IRONCLAD","items_purchased":["Toxic Egg 2","Membership Card","Entrench+1","War Paint","Dark Embrace","Finesse+1"],"campfire_rested":1,"item_purchase_floors":[8,39,39,39,54,54],"current_hp_per_floor":[67,70,70,66,53,42,42,42,42,42,44,44,20,12,34,23,62,56,47,47,43,22,22,22,22,22,22,28,34,34,38,38,17,34,35,43,52,56,56,56,60,60,60,48,54,64,76,80,80,61,55,77,77,84,87,77],"gold":49,"neow_bonus":"TRANSFORM_TWO_CARDS","is_daily":false,"chose_seed":false,"campfire_upgraded":6,"win_rate":0.0,"timestamp":1609613804,"path_taken":["M","M","?","M","?","E","R","$","T","?","M","R","E","M","R","BOSS","M","M","$","M","?","R","?","R","T","R","M","?","?","E","R","BOSS","M","M","M","M","$","R","E","R","T","E","M","E","M","?","R","BOSS","BOSS","R","$","E","BOSS"],"items_purchased_type":["Relic","Relic","Card","Relic","Card","Card"],"build_version":"2020-12-22","purchased_purges":3,"victory":true,"max_hp_per_floor":[75,75,75,75,75,75,75,75,75,75,75,75,75,75,75,75,75,75,75,75,75,80,80,40,40,40,40,40,40,40,40,40,40,40,44,48,52,56,56,56,60,60,60,60,60,64,76,80,80,80,84,84,84,84,92,96],"relic_stats":{"counters":[30,163],"Mummified Hand":[65],"Sundial":[6],"Shuriken":[6],"MealTicket":7,"War Paint":["Defend_R","Ghostly Armor"],"Boot":[24],"obtain_stats":[{"Potion Belt":6,"Girya":13,"Lantern":31,"War Paint":39,"Boot":44,"Burning Blood":0,"WarpedTongs":10,"Mummified Hand":9,"Sundial":41,"Shuriken":55,"MealTicket":46,"Coffee Dripper":17,"Red Mask":29,"Membership Card":39,"Toxic Egg 2":8,"TungstenRod":26,"Runic Pyramid":34},{"Potion Belt":5,"Girya":7,"Lantern":15,"War Paint":20,"Boot":22,"Burning Blood":0,"WarpedTongs":5,"Mummified Hand":5,"Sundial":21,"Shuriken":29,"MealTicket":24,"Coffee Dripper":9,"Red Mask":14,"Membership Card":20,"Toxic Egg 2":5,"TungstenRod":12,"Runic Pyramid":16},{"Potion Belt":22,"Girya":30,"Lantern":69,"War Paint":99,"Boot":110,"Burning Blood":0,"WarpedTongs":22,"Mummified Hand":22,"Sundial":105,"Shuriken":156,"MealTicket":122,"Coffee Dripper":40,"Red Mask":64,"Membership Card":99,"Toxic Egg 2":22,"TungstenRod":54,"Runic Pyramid":79}],"Burning Blood":158,"TungstenRod":68,"WarpedTongs":[133]},"card_choices":[{"not_picked":["Metallicize","Thunderclap"],"picked":"Pommel Strike","floor":1},{"not_picked":["Iron Wave","Thunderclap"],"picked":"Ghostly Armor","floor":2},{"not_picked":["Seeing Red","Flame Barrier"],"picked":"Inflame","floor":4},{"not_picked":["Iron Wave","Second Wind","Thunderclap"],"picked":"SKIP","floor":5},{"not_picked":["Iron Wave","Second Wind","Thunderclap"],"picked":"SKIP","floor":5},{"not_picked":["Dropkick","Thunderclap","Limit Break"],"picked":"SKIP","floor":6},{"not_picked":["Sword Boomerang","Sever Soul"],"picked":"Havoc+1","floor":11},{"not_picked":["Armaments+1","Iron Wave"],"picked":"Shrug It Off+1","floor":13},{"not_picked":["Sever Soul","Iron Wave"],"picked":"Havoc+1","floor":14},{"not_picked":["Fiend Fire","Bludgeon"],"picked":"Corruption","floor":16},{"not_picked":["Flex+1","Infernal Blade+1","Wild Strike"],"picked":"SKIP","floor":18},{"not_picked":["Perfected Strike+1","Blood for Blood"],"picked":"Shrug It Off+1","floor":19},{"not_picked":["Clothesline","Iron Wave","Ghostly Armor+1"],"picked":"SKIP","floor":21},{"not_picked":["Warcry+1","Anger"],"picked":"Thunderclap+1","floor":28},{"not_picked":["Twin Strike+1","True Grit+1"],"picked":"Barricade","floor":29},{"not_picked":["Dark Embrace","Clash"],"picked":"Shockwave+1","floor":31},{"not_picked":["Barricade","Juggernaut"],"picked":"Feed","floor":33},{"not_picked":["Wild Strike","Evolve","Headbutt"],"picked":"SKIP","floor":35},{"not_picked":["Wild Strike","Evolve","Headbutt"],"picked":"SKIP","floor":35},{"not_picked":["Rupture","Intimidate+1","Bloodletting+1"],"picked":"SKIP","floor":36},{"not_picked":["Infernal Blade+1","Seeing Red+1","Sever Soul"],"picked":"SKIP","floor":37},{"not_picked":["Havoc+1","Combust"],"picked":"Dual Wield+1","floor":38},{"not_picked":["Clash","Carnage"],"picked":"Sentinel+1","floor":41},{"not_picked":["Perfected Strike+1","Anger+1"],"picked":"Shockwave+1","floor":44},{"not_picked":["Heavy Blade","Seeing Red+1"],"picked":"Battle Trance+1","floor":45},{"not_picked":["Warcry+1","Blood for Blood"],"picked":"Evolve","floor":46},{"not_picked":["Heavy Blade","Pommel Strike"],"picked":"Burning Pact+1","floor":47},{"not_picked":["Bloodletting+1","Uppercut"],"picked":"Body Slam","floor":48},{"not_picked":["Armaments+1","Flex+1","Brutality"],"picked":"SKIP","floor":55}],"player_experience":20313445,"relics_obtained":[{"floor":6,"key":"Potion Belt"},{"floor":9,"key":"Mummified Hand"},{"floor":13,"key":"Girya"},{"floor":26,"key":"TungstenRod"},{"floor":29,"key":"Red Mask"},{"floor":31,"key":"Lantern"},{"floor":41,"key":"Sundial"},{"floor":44,"key":"Boot"},{"floor":46,"key":"MealTicket"},{"floor":55,"key":"Shuriken"}],"event_choices":[{"damage_healed":0,"gold_gain":275,"player_choice":"Desecrate","damage_taken":0,"max_hp_gain":0,"max_hp_loss":0,"event_name":"Golden Shrine","floor":3,"gold_loss":0,"cards_obtained":["Regret"]},{"damage_healed":0,"gold_gain":0,"player_choice":"Rummage","damage_taken":0,"relics_obtained":["WarpedTongs"],"max_hp_gain":0,"max_hp_loss":0,"event_name":"Accursed Blacksmith","floor":10,"gold_loss":0,"cards_obtained":["Pain"]},{"damage_healed":0,"gold_gain":0,"player_choice":"Shed Blood","damage_taken":26,"max_hp_gain":5,"max_hp_loss":0,"event_name":"Forgotten Altar","floor":22,"gold_loss":0},{"damage_healed":0,"gold_gain":0,"player_choice":"Became a Ghost","damage_taken":0,"max_hp_gain":0,"max_hp_loss":40,"event_name":"Ghosts","floor":24,"gold_loss":0,"cards_obtained":["Ghostly","Ghostly","Ghostly"]},{"damage_healed":0,"gold_gain":0,"player_choice":"Fought Bandits","damage_taken":0,"max_hp_gain":0,"max_hp_loss":0,"event_name":"Masked Bandits","floor":29,"gold_loss":0},{"damage_healed":0,"gold_gain":0,"player_choice":"Ignored","damage_taken":0,"max_hp_gain":0,"max_hp_loss":0,"event_name":"Vampires","floor":30,"gold_loss":0},{"damage_healed":0,"gold_gain":0,"player_choice":"Fight","damage_taken":0,"max_hp_gain":0,"max_hp_loss":0,"event_name":"MindBloom","floor":48,"gold_loss":0}],"is_beta":false,"boss_relics":[{"not_picked":["Empty Cage","SlaversCollar"],"picked":"Coffee Dripper"},{"not_picked":["Astrolabe","Mark of Pain"],"picked":"Runic Pyramid"}],"items_purged_floors":[8,20,54],"is_endless":false,"potions_floor_spawned":[1,4,13,14,16,19,28,35,36,44,48],"ascension_level":20}}