{"host":"2v1wccdd5g2xowsh","time":1609583258,"event":{"mods":["BaseMod","Downfall","Hermit","Minty Spire (QoL Compilation)","Quick Restart","StSLib","SuperFastMode","The Cursed"],"gold_per_floor":[112,112,16,66,78,78,142,175,250,250,283,333,348,362,362,464,464,481,491,570,620,680,680,706,706,706,465,525,538,57,125,125,221,271,284,334,399,469,147,173,173,191,191,191,218,237,265,265,265],"floor_reached":48,"playtime":1977,"items_purged":[],"score":683,"play_id":"018d8d46-5cfb-4007-8a6d-f87d894c92b8","local_time":"20210102182738","is_ascension_mode":true,"campfire_choices":[{"data":"Zap","floor":6,"key":"SMITH"},{"floor":10,"key":"REST"},{"data":"Electrodynamics","floor":15,"key":"SMITH"},{"data":"Rainbow","floor":23,"key":"SMITH"},{"floor":25,"key":"REST"},{"data":"Rainbow","floor":32,"key":"SMITH"},{"data":"Reboot","floor":41,"key":"SMITH"},{"data":"Amplify","floor":44,"key":"SMITH"}],"circlet_count":0,"master_deck":["Strike_B","Strike_B","Strike_B","Strike_B","Defend_B","Defend_B","Defend_B","Defend_B","Zap+1","Dualcast","Sweeping Beam","Coolheaded","Conserve Battery","Electrodynamics+1","Fission+1","Rip and Tear+1","Rainbow+1","Compile Driver","Doom and Gloom+1","Streamline","Go for the Eyes","Hello World+1","Aggregate","Gash+1","Rainbow+1","Amplify+1","Reboot+1","Melter+1","Turbo+1","Capacitor+1","Panache+1","Sunder+1","White Noise+1","Sweeping Beam+1","Hello World+1"],"relics":["Cracked Core","Bronze Scales","SsserpentHead","Orichalcum","Oddly Smooth Stone","Shuriken","Centennial Puzzle","Nuclear Battery","Red Mask","Sundial","Eternal Feather","Gremlin Horn","Lantern","Frozen Egg 2","Tiny House","Lee\u0027s Waffle","StrikeDummy","Bag of Marbles","Bottled Lightning","Art of War"],"acts_visited":["Exordium","TheCity","TheBeyond"],"potions_floor_usage":[16,16,16,24,33,40,42],"damage_taken":[{"damage":0,"enemies":"2 Louse","floor":1,"turns":2},{"damage":1,"enemies":"Cultist","floor":5,"turns":3},{"damage":2,"enemies":"Small Slimes","floor":7,"turns":2},{"damage":31,"enemies":"Lagavulin","floor":8,"turns":7},{"damage":4,"enemies":"3 Sentries","floor":11,"turns":3},{"damage":0,"enemies":"Exordium Wildlife","floor":14,"turns":3},{"damage":7,"enemies":"Hexaghost","floor":16,"turns":9},{"damage":5,"enemies":"2 Thieves","floor":18,"turns":3},{"damage":0,"enemies":"Chosen","floor":19,"turns":2},{"damage":0,"enemies":"Masked Bandits","floor":20,"turns":2},{"damage":2,"enemies":"Snecko","floor":22,"turns":3},{"damage":6,"enemies":"Gremlin Leader","floor":24,"turns":3},{"damage":2,"enemies":"Cultist and Chosen","floor":28,"turns":3},{"damage":10,"enemies":"Snake Plant","floor":29,"turns":3},{"damage":0,"enemies":"Snecko","floor":31,"turns":2},{"damage":17,"enemies":"Collector","floor":33,"turns":6},{"damage":17,"enemies":"3 Darklings","floor":35,"turns":2},{"damage":12,"enemies":"3 Shapes","floor":37,"turns":2},{"damage":37,"enemies":"3 Darklings","floor":38,"turns":3},{"damage":25,"enemies":"Nemesis","floor":40,"turns":6},{"damage":14,"enemies":"4 Shapes","floor":42,"turns":2},{"damage":32,"enemies":"Giant Head","floor":45,"turns":7},{"damage":4,"enemies":"Sphere and 2 Shapes","floor":46,"turns":2},{"damage":32,"enemies":"Nemesis","floor":47,"turns":3},{"damage":21,"enemies":"Jaw Worm Horde","floor":48,"turns":3}],"seed_played":"1616021411053115534","potions_obtained":[{"floor":7,"key":"EssenceOfSteel"},{"floor":8,"key":"Dexterity Potion"},{"floor":11,"key":"Block Potion"},{"floor":16,"key":"hexamod:EctoCoolerPotion"},{"floor":20,"key":"Fire Potion"},{"floor":28,"key":"FearPotion"},{"floor":29,"key":"FearPotion"},{"floor":33,"key":"SmokeBomb"},{"floor":34,"key":"FocusPotion"},{"floor":36,"key":"PowerPotion"},{"floor":36,"key":"SteroidPotion"},{"floor":40,"key":"Explosive Potion"},{"floor":45,"key":"BlessingOfTheForge"}],"is_trial":false,"path_per_floor":["M","?","$","?","M","R","M","E","T","R","E","?","?","M","R","B",null,"M","M","?","?","M","R","E","R","T","$","M","M","$","M","R","B",null,"M","?","M","M","$","E","R","M","T","R","E","M","E","M"],"character_chosen":"DEFECT","items_purchased":["Orichalcum","Gremlin Horn","Rainbow","Lantern","Frozen Egg 2","Lee\u0027s Waffle","Panache+1"],"campfire_rested":2,"item_purchase_floors":[3,27,30,30,30,39,39],"current_hp_per_floor":[75,75,75,75,74,74,72,41,41,63,59,59,75,75,75,68,75,70,70,70,63,61,61,55,75,75,75,73,63,63,63,75,58,80,63,63,51,14,87,62,80,66,66,84,52,48,16,0,0],"gold":265,"neow_bonus":"RANDOM_COMMON_RELIC","is_daily":false,"chose_seed":false,"campfire_upgraded":6,"win_rate":0.0,"timestamp":1609583258,"path_taken":["M","?","?","?","M","R","?","E","T","R","E","?","?","M","R","BOSS","M","M","?","?","?","R","E","R","T","$","?","M","$","?","R","BOSS","M","?","?","?","$","E","R","M","T","R","E","M","E","M"],"items_purchased_type":["Relic","Relic","Card","Relic","Relic","Relic","Card"],"build_version":"2020-12-22","purchased_purges":0,"victory":false,"max_hp_per_floor":[75,75,75,75,75,75,75,75,75,75,75,75,75,75,75,75,75,75,75,75,75,75,75,75,75,75,75,75,75,75,75,75,75,80,80,80,80,80,87,87,87,87,87,87,87,87,87,87,87],"card_choices":[{"not_picked":["Coolheaded","Beam Cell"],"picked":"Sweeping Beam","floor":1},{"not_picked":["Barrage","Reinforced Body"],"picked":"Coolheaded","floor":5},{"not_picked":["Redo","Coolheaded"],"picked":"Conserve Battery","floor":7},{"not_picked":["Stack","Genetic Algorithm"],"picked":"Electrodynamics","floor":8},{"not_picked":["Leap","Steam"],"picked":"Fission","floor":11},{"not_picked":["Conserve Battery","Streamline"],"picked":"Rip and Tear","floor":14},{"not_picked":["Core Surge","Seek"],"picked":"Rainbow","floor":16},{"not_picked":["Beam Cell","Gash"],"picked":"Compile Driver","floor":18},{"not_picked":["Auto Shields","Rebound+1"],"picked":"Doom and Gloom+1","floor":19},{"not_picked":["Cold Snap+1","Double Energy"],"picked":"Streamline","floor":20},{"not_picked":["Cold Snap","Scrape"],"picked":"Go for the Eyes","floor":22},{"not_picked":["Turbo+1","Aggregate+1"],"picked":"Hello World+1","floor":24},{"not_picked":["Doom and Gloom","Redo"],"picked":"Aggregate","floor":28},{"not_picked":["Leap","Force Field"],"picked":"Gash+1","floor":29},{"not_picked":["Turbo","Darkness"],"picked":"Amplify","floor":31},{"not_picked":["Fission","Hyperbeam"],"picked":"Reboot","floor":33},{"not_picked":["Double Energy","Compile Driver"],"picked":"Melter+1","floor":34},{"not_picked":["Barrage","Compile Driver+1"],"picked":"Turbo+1","floor":35},{"not_picked":["Steam Power","Barrage","Coolheaded"],"picked":"SKIP","floor":37},{"not_picked":["Doom and Gloom+1","Force Field+1"],"picked":"Capacitor+1","floor":38},{"not_picked":["Turbo","Steam"],"picked":"Sunder+1","floor":40},{"not_picked":["Barrage+1","Go for the Eyes+1"],"picked":"White Noise+1","floor":42},{"not_picked":["Consume","Defragment+1"],"picked":"Sweeping Beam+1","floor":45},{"not_picked":["Streamline+1","Chaos","Glacier"],"picked":"SKIP","floor":46},{"not_picked":["Sweeping Beam+1","Hyperbeam"],"picked":"Hello World+1","floor":47}],"player_experience":270705,"relics_obtained":[{"floor":8,"key":"Oddly Smooth Stone"},{"floor":9,"key":"Shuriken"},{"floor":11,"key":"Centennial Puzzle"},{"floor":20,"key":"Red Mask"},{"floor":24,"key":"Sundial"},{"floor":26,"key":"Eternal Feather"},{"floor":40,"key":"StrikeDummy"},{"floor":43,"key":"Bag of Marbles"},{"floor":45,"key":"Bottled Lightning"},{"floor":47,"key":"Art of War"}],"event_choices":[{"damage_healed":0,"gold_gain":0,"player_choice":"Trade","damage_taken":0,"relics_obtained":["SsserpentHead"],"max_hp_gain":0,"max_hp_loss":0,"event_name":"FaceTrader","floor":2,"gold_loss":0},{"damage_healed":0,"gold_gain":0,"player_choice":"Ignored","damage_taken":0,"max_hp_gain":0,"max_hp_loss":0,"event_name":"Golden Wing","floor":4,"gold_loss":0},{"damage_healed":0,"gold_gain":0,"player_choice":"Grow","damage_taken":0,"max_hp_gain":0,"max_hp_loss":0,"event_name":"Living Wall","floor":12,"gold_loss":0,"cards_upgraded":["Fission"]},{"damage_healed":18,"gold_gain":0,"player_choice":"Healed","damage_taken":0,"max_hp_gain":0,"max_hp_loss":0,"event_name":"The Cleric","floor":13,"gold_loss":35},{"damage_healed":0,"gold_gain":0,"player_choice":"Fought Bandits","damage_taken":0,"max_hp_gain":0,"max_hp_loss":0,"event_name":"Masked Bandits","floor":20,"gold_loss":0},{"damage_healed":0,"gold_gain":0,"player_choice":"Damaged","damage_taken":7,"max_hp_gain":0,"max_hp_loss":0,"event_name":"Wheel of Change","floor":21,"gold_loss":0},{"damage_healed":0,"gold_gain":0,"player_choice":"Got Potions","damage_taken":0,"max_hp_gain":0,"max_hp_loss":0,"event_name":"Lab","floor":36,"gold_loss":0}],"is_beta":false,"boss_relics":[{"not_picked":["SacredBark","Philosopher\u0027s Stone"],"picked":"Nuclear Battery"},{"not_picked":["Fusion Hammer","Velvet Choker"],"picked":"Tiny House"}],"items_purged_floors":[],"is_endless":false,"potions_floor_spawned":[7,8,11,16,20,28,29,33,40,45],"killed_by":"Jaw Worm Horde","ascension_level":3}}