{"host":"tw7a6rmo9h75ssrt","time":1609577998,"event":{"mods":["Act Like it!","BaseMod","Colored Map","Highlight Path","Minty Spire (QoL Compilation)","Permanent Neow","Quick Restart","Relic Stats","SuperFastMode"],"gold_per_floor":[109,34,34,47,47,74,74,91,91,91,111,121,121,141,141,241,241,181,181,181,181,81,81,81,81,81,81,81,81,1,1,1,1,1,1,1,1,1,1,1,1,1,1,1,1,1,1,1,1,1],"floor_reached":51,"playtime":3182,"items_purged":["Strike_R","Defend_R"],"score":1319,"play_id":"7834fa09-2392-4345-a51d-fffdd6fe2129","local_time":"20210102165958","is_ascension_mode":true,"campfire_choices":[{"data":"Hemokinesis","floor":7.0,"key":"SMITH"},{"data":"Blood for Blood","floor":15.0,"key":"SMITH"},{"floor":24.0,"key":"REST"},{"data":"Rupture","floor":28.0,"key":"SMITH"},{"data":"Battle Trance","floor":32.0,"key":"SMITH"},{"data":"Limit Break","floor":41.0,"key":"SMITH"},{"data":"J.A.X.","floor":45.0,"key":"SMITH"},{"data":"Blood for Blood","floor":47.0,"key":"SMITH"},{"data":"Flame Barrier","floor":49.0,"key":"SMITH"}],"circlet_count":0,"master_deck":["AscendersBane","Defend_R","Defend_R","Defend_R+1","Bash+1","Hemokinesis+1","Flame Barrier+1","Rupture+1","Blood for Blood+1","Blood for Blood+1","Reaper","J.A.X.+1","Bite","Bite","Bite","Bite","Bite","Entrench+1","Dual Wield+1","Blood for Blood+1","Battle Trance+1","Limit Break+1","Madness","Madness","Pommel Strike+1"],"relics":["Burning Blood","NeowsBlessing","Letter Opener","Oddly Smooth Stone","Regal Pillow","Ectoplasm","Bag of Marbles","Orichalcum","Molten Egg 2","Cursed Key","Pocketwatch","Self Forming Clay","MealTicket"],"acts_visited":["Exordium","TheCity","TheBeyond"],"potions_floor_usage":[50],"damage_taken":[{"damage":0.0,"enemies":"Small Slimes","floor":1.0,"turns":1.0},{"damage":0.0,"enemies":"Jaw Worm","floor":4.0,"turns":1.0},{"damage":0.0,"enemies":"Gremlin Nob","floor":6.0,"turns":1.0},{"damage":5.0,"enemies":"2 Louse","floor":8.0,"turns":4.0},{"damage":8.0,"enemies":"Exordium Wildlife","floor":11.0,"turns":3.0},{"damage":2.0,"enemies":"2 Fungi Beasts","floor":12.0,"turns":2.0},{"damage":2.0,"enemies":"3 Louse","floor":14.0,"turns":4.0},{"damage":4.0,"enemies":"Slime Boss","floor":16.0,"turns":4.0},{"damage":24.0,"enemies":"2 Thieves","floor":18.0,"turns":4.0},{"damage":28.0,"enemies":"Spheric Guardian","floor":20.0,"turns":4.0},{"damage":40.0,"enemies":"Slavers","floor":23.0,"turns":4.0},{"damage":27.0,"enemies":"Gremlin Leader","floor":25.0,"turns":5.0},{"damage":22.0,"enemies":"Centurion and Healer","floor":27.0,"turns":7.0},{"damage":14.0,"enemies":"Chosen and Byrds","floor":31.0,"turns":3.0},{"damage":77.0,"enemies":"Automaton","floor":33.0,"turns":8.0},{"damage":15.0,"enemies":"Orb Walker","floor":35.0,"turns":4.0},{"damage":11.0,"enemies":"3 Shapes","floor":36.0,"turns":4.0},{"damage":38.0,"enemies":"Mind Bloom Boss Battle","floor":37.0,"turns":5.0},{"damage":44.0,"enemies":"Writhing Mass","floor":39.0,"turns":7.0},{"damage":60.0,"enemies":"Reptomancer","floor":40.0,"turns":8.0},{"damage":10.0,"enemies":"Giant Head","floor":42.0,"turns":5.0},{"damage":10.0,"enemies":"Spire Growth","floor":46.0,"turns":3.0},{"damage":92,"enemies":"Donu and Deca","floor":50,"turns":8}],"seed_played":"-2361199113637308110","potions_obtained":[{"floor":4.0,"key":"GamblersBrew"},{"floor":6.0,"key":"Energy Potion"},{"floor":11.0,"key":"Fire Potion"},{"floor":14.0,"key":"Explosive Potion"},{"floor":18.0,"key":"Regen Potion"},{"floor":23.0,"key":"PowerPotion"},{"floor":33.0,"key":"BloodPotion"},{"floor":39.0,"key":"ElixirPotion"},{"floor":42.0,"key":"AttackPotion"}],"is_trial":false,"path_per_floor":["M","$","?","M","?","E","R","M","T","?","M","M","?","M","R","B",null,"M","?","M","?","$","E","R","E","T","M","R","?","$","M","R","B",null,"M","M","?","?","M","E","R","E","T","?","R","M","R","T","R","B",null],"character_chosen":"IRONCLAD","items_purchased":["Battle Trance"],"campfire_rested":1,"item_purchase_floors":[30],"current_hp_per_floor":[78,78,83,85,85,85,85,85,85,68,66,70,63,67,67,69,81,73,73,70,59,59,39,59,52,52,59,59,59,59,59,59,18,49,50,59,59,59,54,59,59,59,59,52,52,58,58,58,58,28],"gold":1,"neow_bonus":"THREE_ENEMY_KILL","is_daily":false,"chose_seed":false,"campfire_upgraded":8,"win_rate":0.0,"timestamp":1609577998,"path_taken":["M","$","?","M","?","E","R","M","T","?","M","M","?","?","R","BOSS","M","?","M","?","?","E","R","E","T","M","R","?","$","M","R","BOSS","M","M","?","?","M","E","R","E","T","?","R","M","R","?","R","BOSS"],"items_purchased_type":["Card"],"build_version":"2020-12-22","purchased_purges":2,"victory":true,"max_hp_per_floor":[80,80,85,85,85,85,85,85,85,85,85,85,85,85,85,85,85,85,85,85,59,59,59,59,59,59,59,59,59,59,59,59,59,59,59,59,59,59,59,59,59,59,59,59,59,59,59,59,59,59],"relic_stats":{"Regal Pillow":3,"counters":[23,99],"Self Forming Clay":[51],"MealTicket":0,"Ectoplasm":454,"Letter Opener":[87],"Orichalcum":[144],"Cursed Key":0,"obtain_stats":[{"Regal Pillow":13,"NeowsBlessing":0,"Self Forming Clay":40,"Oddly Smooth Stone":9,"Letter Opener":6,"Orichalcum":25,"Cursed Key":34,"Burning Blood":0,"Molten Egg 2":26,"MealTicket":42,"Ectoplasm":17,"Bag of Marbles":23,"Pocketwatch":37},{"Regal Pillow":6,"NeowsBlessing":0,"Self Forming Clay":20,"Oddly Smooth Stone":4,"Letter Opener":3,"Orichalcum":12,"Cursed Key":15,"Burning Blood":0,"Molten Egg 2":12,"MealTicket":21,"Ectoplasm":8,"Bag of Marbles":11,"Pocketwatch":18},{"Regal Pillow":12,"NeowsBlessing":0,"Self Forming Clay":83,"Oddly Smooth Stone":7,"Letter Opener":3,"Orichalcum":37,"Cursed Key":55,"Burning Blood":0,"Molten Egg 2":37,"MealTicket":88,"Ectoplasm":20,"Bag of Marbles":32,"Pocketwatch":68}],"Burning Blood":99,"Pocketwatch":[33]},"card_choices":[{"not_picked":["Clash","Disarm","Intimidate"],"picked":"SKIP","floor":1.0},{"not_picked":["Inflame","Thunderclap"],"picked":"Hemokinesis","floor":4.0},{"not_picked":["Feel No Pain","Pommel Strike"],"picked":"Flame Barrier","floor":6.0},{"not_picked":["Body Slam","Battle Trance"],"picked":"Rupture","floor":8.0},{"not_picked":["Reckless Charge","Shrug It Off"],"picked":"Blood for Blood","floor":11.0},{"not_picked":["Wild Strike","Rage"],"picked":"Blood for Blood","floor":12.0},{"not_picked":["Heavy Blade","Pommel Strike"],"picked":"Rupture","floor":14.0},{"not_picked":["Barricade","Double Tap"],"picked":"Reaper","floor":16.0},{"not_picked":["Cleave+1","Intimidate","Body Slam"],"picked":"SKIP","floor":18.0},{"not_picked":["Searing Blow","Clothesline","Anger+1"],"picked":"SKIP","floor":20.0},{"not_picked":["Pommel Strike","Clash"],"picked":"Entrench+1","floor":23.0},{"not_picked":["Twin Strike","Searing Blow"],"picked":"Dual Wield+1","floor":25.0},{"not_picked":["Shrug It Off","Armaments","Pummel+1"],"picked":"SKIP","floor":27.0},{"not_picked":["Perfected Strike+1","True Grit","Warcry"],"picked":"SKIP","floor":31.0},{"not_picked":["Fiend Fire+1","Reaper+1"],"picked":"Limit Break","floor":33.0},{"not_picked":["Havoc","Headbutt+1","Body Slam+1"],"picked":"SKIP","floor":35.0},{"not_picked":["Anger+1","Second Wind","Flex"],"picked":"SKIP","floor":36.0},{"not_picked":["Clothesline+1","Wild Strike+1","Body Slam+1"],"picked":"SKIP","floor":39.0},{"not_picked":["Ghostly Armor","Reckless Charge+1","Body Slam+1"],"picked":"SKIP","floor":40.0},{"not_picked":["Wild Strike+1","Body Slam+1","Double Tap"],"picked":"SKIP","floor":42.0},{"not_picked":["Thunderclap+1","Inflame"],"picked":"Pommel Strike+1","floor":46.0}],"player_experience":95442,"relics_obtained":[{"floor":6.0,"key":"Letter Opener"},{"floor":9.0,"key":"Oddly Smooth Stone"},{"floor":23.0,"key":"Bag of Marbles"},{"floor":25.0,"key":"Orichalcum"},{"floor":26.0,"key":"Molten Egg 2"},{"floor":37.0,"key":"Pocketwatch"},{"floor":40.0,"key":"Self Forming Clay"},{"floor":42.0,"key":"MealTicket"}],"event_choices":[{"damage_healed":0.0,"max_hp_gain":5.0,"max_hp_loss":0.0,"gold_gain":0.0,"event_name":"Big Fish","player_choice":"Donut","floor":3.0,"gold_loss":0.0,"damage_taken":0.0},{"damage_healed":0.0,"max_hp_gain":0.0,"max_hp_loss":0.0,"gold_gain":0.0,"event_name":"Liars Game","player_choice":"Ignored","floor":5.0,"gold_loss":0.0,"damage_taken":0.0},{"damage_healed":0.0,"max_hp_gain":0.0,"max_hp_loss":0.0,"gold_gain":0.0,"event_name":"Shining Light","player_choice":"Entered Light","floor":10.0,"gold_loss":0.0,"damage_taken":17.0,"cards_upgraded":["Bash","Defend_R"]},{"damage_healed":0.0,"max_hp_gain":0.0,"max_hp_loss":0.0,"gold_gain":0.0,"event_name":"Scrap Ooze","player_choice":"Success","floor":13.0,"gold_loss":0.0,"damage_taken":7.0,"relics_obtained":["Regal Pillow"]},{"damage_healed":0.0,"max_hp_gain":0.0,"max_hp_loss":0.0,"gold_gain":0.0,"event_name":"Drug Dealer","player_choice":"Obtain J.A.X.","floor":19.0,"gold_loss":0.0,"damage_taken":0.0,"cards_obtained":["J.A.X."]},{"damage_healed":0.0,"max_hp_gain":0.0,"max_hp_loss":26.0,"gold_gain":0.0,"event_name":"Vampires","player_choice":"Became a vampire","floor":21.0,"gold_loss":0.0,"damage_taken":0.0,"cards_obtained":["Bite","Bite","Bite","Bite","Bite"]},{"damage_healed":0.0,"max_hp_gain":0.0,"max_hp_loss":0.0,"gold_gain":0.0,"event_name":"The Library","player_choice":"Read","floor":29.0,"gold_loss":0.0,"damage_taken":0.0,"cards_obtained":["Blood for Blood"]},{"damage_healed":0.0,"max_hp_gain":0.0,"max_hp_loss":0.0,"gold_gain":0.0,"event_name":"MindBloom","player_choice":"Fight","floor":37.0,"gold_loss":0.0,"damage_taken":0.0},{"cards_removed":["Rupture"],"damage_healed":0.0,"max_hp_gain":0.0,"max_hp_loss":0.0,"gold_gain":0.0,"event_name":"Falling","player_choice":"Removed Power","floor":38.0,"gold_loss":0.0,"damage_taken":0.0},{"damage_healed":0.0,"max_hp_gain":0.0,"max_hp_loss":0.0,"gold_gain":0.0,"event_name":"Winding Halls","player_choice":"Embrace Madness","floor":44.0,"gold_loss":0.0,"damage_taken":7.0,"cards_obtained":["Madness","Madness"]}],"is_beta":false,"boss_relics":[{"not_picked":["Runic Pyramid","Coffee Dripper"],"picked":"Ectoplasm"},{"not_picked":["SlaversCollar","Empty Cage"],"picked":"Cursed Key"}],"items_purged_floors":[2,22],"is_endless":false,"potions_floor_spawned":[4,6,8,11,14,18,23,33,39,42],"ascension_level":12}}