{"host":"Jin","time":1609562134,"event":{"mods":["BaseMod","Better Altar","Better Match","Better Note","Better Sensory Stone","Better Skull","Better Third Choice","Highlight Path","Minty Spire (QoL Compilation)","Permanent Neow","Quick Restart","StSLib"],"gold_per_floor":[110,110,124,124,124,124,155,169,192,117,117,136,136,185,185,185,185],"floor_reached":16,"playtime":720,"items_purged":["Strike_B"],"score":167,"play_id":"814dad1d-2fba-4d9a-bbdd-45852645d1df","local_time":"20210102133534","is_ascension_mode":true,"campfire_choices":[{"data":"Zap","floor":6,"key":"SMITH"},{"data":"Defragment","floor":11,"key":"SMITH"},{"data":"Dualcast","floor":13,"key":"SMITH"},{"data":"Glacier","floor":15,"key":"SMITH"}],"circlet_count":0,"master_deck":["AscendersBane","Strike_B","Strike_B","Defend_B","Defend_B","Defend_B","Defend_B","Zap+1","Dualcast+1","FTL","Glacier+1","Finesse","Defragment+1"],"relics":["Runic Dome","Bird Faced Urn","Happy Flower","Omamori","Bag of Preparation"],"acts_visited":["Exordium"],"potions_floor_usage":[7,16],"damage_taken":[{"damage":8,"enemies":"2 Louse","floor":1,"turns":2},{"damage":8,"enemies":"Jaw Worm","floor":3,"turns":4},{"damage":3,"enemies":"3 Sentries","floor":7,"turns":10},{"damage":0,"enemies":"Small Slimes","floor":8,"turns":4},{"damage":3,"enemies":"Gremlin Gang","floor":12,"turns":6},{"damage":30,"enemies":"Slime Boss","floor":16,"turns":5}],"seed_played":"-6522058076595617744","potions_obtained":[{"floor":1,"key":"ColorlessPotion"},{"floor":7,"key":"Swift Potion"},{"floor":8,"key":"BlessingOfTheForge"}],"is_trial":false,"path_per_floor":["M","?","M","T","?","R","E","M","T","$","R","M","R","T","R","B"],"character_chosen":"DEFECT","items_purchased":[],"campfire_rested":0,"item_purchase_floors":[],"current_hp_per_floor":[56,49,41,41,41,41,38,38,38,38,38,37,37,37,37,9,9],"gold":185,"neow_bonus":"BOSS_RELIC","is_daily":false,"chose_seed":false,"campfire_upgraded":4,"win_rate":0.0,"timestamp":1609562134,"path_taken":["M","?","M","?","?","R","E","?","T","$","R","M","R","?","R","BOSS"],"items_purchased_type":[],"build_version":"2020-12-18","purchased_purges":1,"victory":false,"max_hp_per_floor":[71,71,71,71,71,71,71,71,71,71,71,71,71,71,71,71,71],"card_choices":[{"not_picked":["Compile Driver","Recycle"],"picked":"FTL","floor":1},{"not_picked":["Auto Shields","Streamline"],"picked":"Glacier","floor":3},{"not_picked":["Magnetism","Thinking Ahead"],"picked":"Finesse","floor":5},{"not_picked":["Reinforced Body","Steam","Fusion"],"picked":"SKIP","floor":7},{"not_picked":["Glacier","Streamline"],"picked":"Defragment","floor":8},{"not_picked":["BootSequence","Steam","Lockon"],"picked":"SKIP","floor":12}],"player_experience":760713,"relics_obtained":[{"floor":4,"key":"Bird Faced Urn"},{"floor":7,"key":"Happy Flower"},{"floor":9,"key":"Omamori"},{"floor":14,"key":"Bag of Preparation"}],"event_choices":[{"cards_removed":["Strike_B"],"damage_healed":0,"gold_gain":0,"player_choice":"Card Removal","damage_taken":7,"max_hp_gain":0,"max_hp_loss":0,"event_name":"Golden Wing","floor":2,"gold_loss":0},{"damage_healed":0,"gold_gain":1,"player_choice":"1","damage_taken":0,"max_hp_gain":0,"max_hp_loss":0,"event_name":"betterStone:BetterStone","floor":5,"gold_loss":0}],"is_beta":true,"boss_relics":[],"items_purged_floors":[10],"is_endless":false,"potions_floor_spawned":[1,7,8],"killed_by":"Slime Boss","ascension_level":14}}