{"host":"y2qjvfum100bh0ui","time":1609572027,"event":{"mods":["AchievementEnabler","BaseMod","Minty Spire (QoL Compilation)","Remilia（蕾米莉亚）","RumiaBox-露米娅的神秘盒子","StSLib"],"gold_per_floor":[419,436,436,446,464,464,481,508,508,508,526,539,596,610,610,707,707,720,720,229,244,264,291,291,308,308,348,348,348,362,375,375,447,447,462,481,492,29,29,29],"floor_reached":39,"playtime":1573,"items_purged":["Envy_TH"],"score":536,"play_id":"bb53bc87-8fe9-422f-96ab-3f0cf1365ba9","local_time":"20210102152027","is_ascension_mode":false,"campfire_choices":[{"data":"RedMoon","floor":6,"key":"SMITH"},{"floor":10,"key":"REST"},{"data":"ScarletShoot","floor":15,"key":"SMITH"},{"data":"ScarletMeister","floor":24,"key":"SMITH"},{"data":"MastersStateliness","floor":29,"key":"SMITH"},{"floor":32,"key":"REST"}],"circlet_count":0,"master_deck":["Strike_RM","Strike_RM","Strike_RM","Strike_RM","Defend_RM","RedMoon+1","ScarletShoot+1","CurseOfTheBell","ScarletDevil+1","VampireSweep+1","MastersStateliness+1","CharismaGuard","VampireClaw+1","DiffusionOfMisfortune+1","VampireClaw+1","ScarletImprint+1","DiffusionOfMisfortune+1","ScarletCoffin+1","FavorOfDestiny","KillingBlow+1","BloodHunter+1","DiffusionOfMisfortune+1","RedRainbow+1","TwelveNightmare+1","ScarletMeister+1","NightLord+1","BloodyCatastrophe","HunterOfTheNight+1"],"relics":["Calling Bell","ScarletDevilRocket","Molten Egg 2","Calipers","AddBug","SecretRecord","SecretRecord","SecretRecord","SecretRecord","SecretRecord","SecretRecord","SecretRecord","SecretRecord","Baka2","SecretRecord"],"acts_visited":["Exordium","TheCity","TheBeyond"],"potions_floor_usage":[],"damage_taken":[{"damage":0,"enemies":"2 Louse","floor":1,"turns":2},{"damage":7,"enemies":"Cultist","floor":2,"turns":3},{"damage":11,"enemies":"Jaw Worm","floor":4,"turns":4},{"damage":94,"enemies":"Large Slime","floor":5,"turns":8},{"damage":12,"enemies":"Exordium Wildlife","floor":7,"turns":5},{"damage":6,"enemies":"Gremlin Nob","floor":8,"turns":5},{"damage":0,"enemies":"Exordium Thugs","floor":11,"turns":1},{"damage":0,"enemies":"Lots of Slimes","floor":12,"turns":4},{"damage":9,"enemies":"Lagavulin Event","floor":13,"turns":3},{"damage":0,"enemies":"Blue Slaver","floor":14,"turns":1},{"damage":13,"enemies":"Hexaghost","floor":16,"turns":4},{"damage":12,"enemies":"Shell Parasite","floor":18,"turns":2},{"damage":0,"enemies":"Spheric Guardian","floor":21,"turns":1},{"damage":1,"enemies":"Centurion and Healer","floor":22,"turns":2},{"damage":20,"enemies":"Book of Stabbing","floor":23,"turns":2},{"damage":19,"enemies":"Cultist and Chosen","floor":25,"turns":4},{"damage":36,"enemies":"Snake Plant","floor":27,"turns":3},{"damage":0,"enemies":"3 Cultists","floor":30,"turns":1},{"damage":1,"enemies":"Sentry and Sphere","floor":31,"turns":5},{"damage":12,"enemies":"Collector","floor":33,"turns":3},{"damage":0,"enemies":"Orb Walker","floor":35,"turns":1},{"damage":33,"enemies":"3 Shapes","floor":36,"turns":2},{"damage":112,"enemies":"Writhing Mass","floor":37,"turns":4},{"damage":4,"enemies":"Maw","floor":39,"turns":2}],"seed_played":"-8477663598125804405","potions_obtained":[{"floor":5,"key":"Swift Potion"},{"floor":7,"key":"PowerPotion"},{"floor":27,"key":"BlessingOfTheForge"}],"is_trial":false,"path_per_floor":["M","M","?","M","M","R","M","E","T","R","M","M","?","M","R","B",null,"M","?","$","M","M","E","R","M","T","M","?","R","M","M","R","B",null,"M","M","M","$","M"],"character_chosen":"REMILIA","items_purchased":["Strawberry","OrangePellets","Ancient Tea Set","DiffusionOfMisfortune+1","Bag of Preparation","Eternal Feather"],"campfire_rested":2,"item_purchase_floors":[20,20,20,20,38,38],"current_hp_per_floor":[150,150,150,139,45,45,33,27,27,72,72,72,63,63,63,50,158,146,146,146,146,145,125,125,106,106,70,70,70,70,69,118,106,165,165,132,28,28,24,24],"gold":29,"neow_bonus":"BOSS_RELIC","is_daily":false,"chose_seed":false,"campfire_upgraded":4,"win_rate":0.0,"timestamp":1609572027,"path_taken":["M","M","?","?","?","R","M","E","T","R","M","M","?","M","R","BOSS","M","?","$","M","M","E","R","M","T","M","?","R","M","M","R","BOSS","M","M","?","?","?"],"items_purchased_type":["Relic","Relic","Relic","Card","Relic","Relic"],"build_version":"2020-12-22","purchased_purges":1,"victory":false,"max_hp_per_floor":[150,150,150,150,150,150,150,150,150,150,150,150,158,158,158,158,158,158,158,158,158,158,168,168,168,168,165,165,165,165,165,165,165,165,165,165,165,165,165,165],"card_choices":[{"not_picked":["DevilSight","MiserableFate"],"picked":"ScarletDevil+1","floor":1},{"not_picked":["NightDance+1","BlasphemousPunishment"],"picked":"VampireSweep+1","floor":2},{"not_picked":["RedNightlessCastle+1","EndlessAdversity+1"],"picked":"CharismaGuard","floor":4},{"not_picked":["VampireKiss+1","BombardNight+1"],"picked":"VampireClaw+1","floor":5},{"not_picked":["MillenniumVampire","GlobalNightmare"],"picked":"DiffusionOfMisfortune+1","floor":7},{"not_picked":["VampireFantasy","VampireSweep+1"],"picked":"VampireClaw+1","floor":8},{"not_picked":["Ultimatum+1","RedRainbow+1"],"picked":"ScarletImprint+1","floor":11},{"not_picked":["CharismaGuard","VampireKiss+1"],"picked":"DiffusionOfMisfortune+1","floor":12},{"not_picked":["StarOfDavid+1","UnstableMagic"],"picked":"ScarletCoffin+1","floor":13},{"not_picked":["LeisurelyOfLord+1","BloodyTrap"],"picked":"FavorOfDestiny","floor":14},{"not_picked":["DemonKingCradle","QueenOfMidnight"],"picked":"KillingBlow+1","floor":16},{"not_picked":["Stigmanizer+1","UnderTheZenith"],"picked":"BloodHunter+1","floor":18},{"not_picked":["CharismaGuard","EndlessAdversity+1"],"picked":"RedRainbow+1","floor":21},{"not_picked":["UltimateOffering+1","MastersStateliness"],"picked":"TwelveNightmare","floor":22},{"not_picked":["DiffusionOfMisfortune+1","ScarletDevil+1"],"picked":"ScarletMeister","floor":23},{"not_picked":["ScarletImprint+1","StarOfDavid+1"],"picked":"NightLord+1","floor":25},{"not_picked":["EndlessAdversity+1","FitfulNightmare","RedRainbow+1"],"picked":"SKIP","floor":27},{"not_picked":["ScarletDream+1","DiffusionOfMisfortune+1","ScarletImprint+1"],"picked":"SKIP","floor":30},{"not_picked":["RedNightlessCastle+1","DiffusionOfMisfortune+1","BloodHunter"],"picked":"SKIP","floor":31},{"not_picked":["CurseOfVladTepes","ScarletCoffin+1"],"picked":"BloodyCatastrophe","floor":33},{"not_picked":["NightDance+1","BlasphemousPunishment+1"],"picked":"HunterOfTheNight+1","floor":35},{"not_picked":["FitfulNightmare+1","HunterOfTheNight+1","VampirishNight+1"],"picked":"SKIP","floor":36},{"not_picked":["GlobalNightmare+1","FavorOfDestiny","CeilingFear"],"picked":"SKIP","floor":37}],"player_experience":12939,"relics_obtained":[{"floor":0,"key":"ScarletDevilRocket"},{"floor":0,"key":"Molten Egg 2"},{"floor":0,"key":"Calipers"},{"floor":1,"key":"AddBug"},{"floor":1,"key":"Baka"},{"floor":5,"key":"Shovel"},{"floor":5,"key":"SecretRecord"},{"floor":7,"key":"SecretRecord"},{"floor":8,"key":"InkBottle"},{"floor":9,"key":"LastBattle"},{"floor":12,"key":"SecretRecord"},{"floor":14,"key":"SecretRecord"},{"floor":21,"key":"SecretRecord"},{"floor":23,"key":"GodSword3"},{"floor":26,"key":"FairyMaid"},{"floor":27,"key":"SecretRecord"},{"floor":35,"key":"SecretRecord"},{"floor":35,"key":"Baka2"},{"floor":36,"key":"SecretRecord"},{"floor":37,"key":"Pear"}],"event_choices":[{"damage_healed":0,"gold_gain":0,"cards_transformed":["Defend_RM"],"player_choice":"Transformed","damage_taken":0,"max_hp_gain":0,"max_hp_loss":0,"event_name":"Transmorgrifier","floor":3,"gold_loss":0,"cards_obtained":["MastersStateliness"]},{"damage_healed":0,"gold_gain":30,"player_choice":"Searched \u00273\u0027 times","damage_taken":0,"relics_obtained":["Pen Nib"],"max_hp_gain":0,"max_hp_loss":0,"event_name":"Dead Adventurer","floor":13,"gold_loss":0},{"damage_healed":0,"gold_gain":0,"player_choice":"Upgraded","damage_taken":0,"max_hp_gain":0,"max_hp_loss":0,"event_name":"Upgrade Shrine","floor":28,"gold_loss":0,"cards_upgraded":["TwelveNightmare"]}],"is_beta":false,"boss_relics":[{"not_picked":["APieceOfRedMist","Fusion Hammer"],"picked":"EasyGame_NEW"},{"not_picked":["Velvet Choker","SacredBark"],"picked":"Cursed Key"}],"items_purged_floors":[38],"is_endless":false,"potions_floor_spawned":[5,7,8,13,16,21,23,27,36,37],"killed_by":"Maw","ascension_level":0}}