{"host":"z9811rt50ti81n54","time":1609584079,"event":{"mods":["BaseMod","Minty Spire (QoL Compilation)","Relic Stats"],"gold_per_floor":[129,26,26,26,26,26,84,84,84,84,125,164,201,201,201,324,324,343,443,480,480,564,564,86,86,159,221,284,299,313,330,330,429,429,444,462,505,520,20,20,36,76,76,76,90,312,312,87,87,87],"floor_reached":51,"playtime":1325,"items_purged":["Strike_R+1","Strike_R+1","Strike_R+1"],"score":701,"play_id":"0e7d102e-73f6-437b-8b8f-9b6315a848f6","local_time":"20210102194119","is_ascension_mode":false,"campfire_choices":[{"data":"HandOfGreed","floor":6,"key":"SMITH"},{"data":"Entrench","floor":8,"key":"SMITH"},{"data":"Bash","floor":10,"key":"SMITH"},{"data":"Fiend Fire","floor":15,"key":"SMITH"},{"floor":23,"key":"REST"},{"floor":25,"key":"RECALL"},{"floor":32,"key":"REST"},{"floor":40,"key":"REST"},{"floor":49,"key":"REST"}],"circlet_count":0,"master_deck":["Strike_R+1","Defend_R+1","Defend_R+1","Defend_R+1","Defend_R+1","Bash+1","HandOfGreed+1","Flame Barrier","Fire Breathing","Rampage","Pummel","Entrench+1","Second Wind","Power Through","Burning Pact","Fiend Fire+1","Offering","Evolve+1","Offering","Pommel Strike+1","Rage+1","Whirlwind+1","Pommel Strike+1","Immolate+1","Feel No Pain+1","Demon Form","Deep Breath","Dark Shackles","PanicButton","Shockwave"],"relics":["Burning Blood","Mercury Hourglass","Sundial","Fusion Hammer","Red Mask","Bottled Lightning","Molten Egg 2","Runic Cube","Pear","Potion Belt","Regal Pillow"],"acts_visited":["Exordium","TheCity","TheBeyond"],"potions_floor_usage":[16,50,50,50,50,50],"damage_taken":[{"damage":6,"enemies":"Jaw Worm","floor":1,"turns":5},{"damage":20,"enemies":"Gremlin Nob","floor":7,"turns":4},{"damage":0,"enemies":"Small Slimes","floor":11,"turns":3},{"damage":7,"enemies":"2 Louse","floor":12,"turns":2},{"damage":0,"enemies":"Exordium Thugs","floor":13,"turns":2},{"damage":51,"enemies":"Slime Boss","floor":16,"turns":8},{"damage":0,"enemies":"Spheric Guardian","floor":18,"turns":2},{"damage":14,"enemies":"Shell Parasite","floor":20,"turns":3},{"damage":16,"enemies":"Masked Bandits","floor":22,"turns":4},{"damage":12,"enemies":"Shelled Parasite and Fungi","floor":27,"turns":3},{"damage":12,"enemies":"Centurion and Healer","floor":28,"turns":5},{"damage":12,"enemies":"Snake Plant","floor":29,"turns":3},{"damage":6,"enemies":"Snecko","floor":30,"turns":3},{"damage":12,"enemies":"Chosen and Byrds","floor":31,"turns":2},{"damage":50,"enemies":"Collector","floor":33,"turns":8},{"damage":6,"enemies":"Orb Walker","floor":35,"turns":1},{"damage":12,"enemies":"3 Darklings","floor":36,"turns":1},{"damage":6,"enemies":"Jaw Worm Horde","floor":37,"turns":3},{"damage":12,"enemies":"4 Shapes","floor":38,"turns":1},{"damage":19,"enemies":"3 Darklings","floor":41,"turns":3},{"damage":6,"enemies":"Jaw Worm Horde","floor":42,"turns":4},{"damage":6,"enemies":"4 Shapes","floor":45,"turns":3},{"damage":15,"enemies":"Time Eater","floor":50,"turns":7}],"seed_played":"523229041323456774","potions_obtained":[{"floor":1,"key":"Explosive Potion"},{"floor":13,"key":"BlessingOfTheForge"},{"floor":16,"key":"FearPotion"},{"floor":18,"key":"Dexterity Potion"}],"is_trial":false,"path_per_floor":["M","$","?","?","?","R","E","R","T","R","M","M","M","?","R","B",null,"M","?","M","?","?","R","$","R","T","M","M","M","M","M","R","B",null,"M","M","M","M","$","R","M","M","T","?","M","?","?","$","R","B",null],"character_chosen":"IRONCLAD","items_purchased":["Fire Breathing","Rampage","Offering","Bottled Lightning","Pear","Potion Belt","Block Potion","Block Potion"],"campfire_rested":4,"item_purchase_floors":[2,2,24,24,39,39,48,48],"current_hp_per_floor":[56,56,40,66,66,66,52,52,52,52,58,57,63,63,63,18,80,80,80,72,72,62,80,80,80,80,74,68,62,62,56,80,36,80,80,74,74,68,78,90,77,77,77,67,67,67,67,67,85,76],"gold":87,"neow_bonus":"RANDOM_COLORLESS_2","is_daily":false,"chose_seed":false,"campfire_upgraded":4,"win_rate":0.0,"timestamp":1609584079,"path_taken":["M","$","?","?","?","R","E","R","T","R","M","?","?","?","R","BOSS","M","?","?","?","?","R","?","R","T","M","?","?","M","M","R","BOSS","M","M","M","M","$","R","M","M","T","?","M","?","?","$","R","BOSS"],"items_purchased_type":["Card","Card","Card","Relic","Relic","Relic","Potion","Potion"],"build_version":"2020-12-22","purchased_purges":3,"victory":true,"max_hp_per_floor":[80,80,80,80,80,80,80,80,80,80,80,80,80,80,80,80,80,80,80,80,80,80,80,80,80,80,80,80,80,80,80,80,80,80,80,80,80,80,90,90,90,90,90,90,90,90,85,85,85,85],"relic_stats":{"Regal Pillow":0,"counters":[23,79],"Sundial":[12],"obtain_stats":[{"Potion Belt":39,"Regal Pillow":43,"Pear":39,"Sundial":9,"Molten Egg 2":26,"Fusion Hammer":17,"Red Mask":22,"Bottled Lightning":24,"Burning Blood":0,"Mercury Hourglass":7,"Runic Cube":34},{"Potion Belt":19,"Regal Pillow":21,"Pear":19,"Sundial":2,"Molten Egg 2":9,"Fusion Hammer":6,"Red Mask":9,"Bottled Lightning":9,"Burning Blood":0,"Mercury Hourglass":2,"Runic Cube":15},{"Potion Belt":63,"Regal Pillow":70,"Pear":63,"Sundial":9,"Molten Egg 2":33,"Fusion Hammer":24,"Red Mask":33,"Bottled Lightning":33,"Burning Blood":0,"Mercury Hourglass":9,"Runic Cube":57}],"Burning Blood":132,"Mercury Hourglass":[267],"Runic Cube":[14]},"card_choices":[{"not_picked":["Violence","Secret Weapon"],"picked":"HandOfGreed","floor":0},{"not_picked":["Body Slam","Clothesline"],"picked":"Flame Barrier","floor":1},{"not_picked":["Wild Strike","Rupture"],"picked":"Entrench","floor":7},{"not_picked":["True Grit","Pommel Strike"],"picked":"Second Wind","floor":11},{"not_picked":["Sword Boomerang","Blood for Blood"],"picked":"Power Through","floor":12},{"not_picked":["Body Slam","Flame Barrier"],"picked":"Burning Pact","floor":13},{"not_picked":["Juggernaut","Brutality"],"picked":"Offering","floor":16},{"not_picked":["Armaments","Burning Pact","Uppercut"],"picked":"SKIP","floor":18},{"not_picked":["Searing Blow","Ghostly Armor"],"picked":"Evolve+1","floor":20},{"not_picked":["Ghostly Armor","Sentinel"],"picked":"Pommel Strike+1","floor":27},{"not_picked":["Warcry","Clash+1"],"picked":"Rage+1","floor":28},{"not_picked":["Sword Boomerang+1","Havoc"],"picked":"Whirlwind+1","floor":29},{"not_picked":["Searing Blow+1","Evolve"],"picked":"Pommel Strike+1","floor":30},{"not_picked":["Perfected Strike+1","Clash+1","Armaments+1"],"picked":"SKIP","floor":31},{"not_picked":["Demon Form","Limit Break"],"picked":"Immolate+1","floor":33},{"not_picked":["Body Slam+1","Spot Weakness+1","Armaments+1"],"picked":"SKIP","floor":35},{"not_picked":["Infernal Blade+1","Clothesline+1","Perfected Strike+1"],"picked":"SKIP","floor":36},{"not_picked":["Iron Wave+1","Clothesline+1","Body Slam+1"],"picked":"SKIP","floor":37},{"not_picked":["Dark Embrace+1","Wild Strike+1"],"picked":"Feel No Pain+1","floor":38},{"not_picked":["Cleave+1","Clothesline+1","Second Wind"],"picked":"SKIP","floor":41},{"not_picked":["Headbutt+1","Pommel Strike+1"],"picked":"Demon Form","floor":42},{"not_picked":["Impatience","Forethought"],"picked":"Deep Breath","floor":44},{"not_picked":["Madness","Good Instincts"],"picked":"Dark Shackles","floor":44},{"not_picked":["Enlightenment","Discovery"],"picked":"PanicButton","floor":44},{"not_picked":["Pommel Strike+1","Body Slam+1"],"picked":"Shockwave","floor":45}],"player_experience":266634,"relics_obtained":[{"floor":7,"key":"Mercury Hourglass"},{"floor":9,"key":"Sundial"},{"floor":22,"key":"Red Mask"},{"floor":26,"key":"Molten Egg 2"},{"floor":43,"key":"Regal Pillow"}],"event_choices":[{"damage_healed":0,"gold_gain":0,"player_choice":"Entered Light","damage_taken":16,"max_hp_gain":0,"max_hp_loss":0,"event_name":"Shining Light","floor":3,"gold_loss":0,"cards_upgraded":["Strike_R","Defend_R"]},{"damage_healed":26,"gold_gain":0,"player_choice":"Banana","damage_taken":0,"max_hp_gain":0,"max_hp_loss":0,"event_name":"Big Fish","floor":4,"gold_loss":0},{"damage_healed":0,"gold_gain":0,"player_choice":"1 cards matched","damage_taken":0,"max_hp_gain":0,"max_hp_loss":0,"event_name":"Match and Keep!","floor":5,"gold_loss":0,"cards_obtained":["Pummel"]},{"damage_healed":0,"gold_gain":0,"cards_transformed":["Strike_R"],"player_choice":"Change","damage_taken":0,"max_hp_gain":0,"max_hp_loss":0,"event_name":"Living Wall","floor":14,"gold_loss":0,"cards_obtained":["Fiend Fire"]},{"damage_healed":0,"gold_gain":100,"player_choice":"Pray","damage_taken":0,"max_hp_gain":0,"max_hp_loss":0,"event_name":"Golden Shrine","floor":19,"gold_loss":0},{"damage_healed":0,"gold_gain":0,"player_choice":"Simplicity","damage_taken":0,"max_hp_gain":0,"max_hp_loss":0,"event_name":"Back to Basics","floor":21,"gold_loss":0,"cards_upgraded":["Strike_R","Strike_R","Strike_R","Defend_R","Defend_R","Defend_R"]},{"damage_healed":0,"gold_gain":0,"player_choice":"Fought Bandits","damage_taken":0,"max_hp_gain":0,"max_hp_loss":0,"event_name":"Masked Bandits","floor":22,"gold_loss":0},{"damage_healed":0,"gold_gain":0,"player_choice":"Memory 3","damage_taken":10,"max_hp_gain":0,"max_hp_loss":0,"event_name":"SensoryStone","floor":44,"gold_loss":0},{"damage_healed":0,"gold_gain":222,"player_choice":"Wore Mask","damage_taken":0,"max_hp_gain":0,"max_hp_loss":0,"event_name":"Tomb of Lord Red Mask","floor":46,"gold_loss":0},{"damage_healed":0,"gold_gain":0,"player_choice":"Max HP","damage_taken":0,"max_hp_gain":0,"max_hp_loss":5,"event_name":"Winding Halls","floor":47,"gold_loss":0}],"is_beta":false,"boss_relics":[{"not_picked":["Black Blood","Astrolabe"],"picked":"Fusion Hammer"},{"not_picked":["Velvet Choker","Philosopher\u0027s Stone"],"picked":"Runic Cube"}],"items_purged_floors":[24,39,48],"is_endless":false,"potions_floor_spawned":[1,13,16,18,29,33,35,36,38],"ascension_level":0}}