{"host":"o5or1zybx7au40zl","time":1609610157,"event":{"mods":["Act Like it!","BaseMod","Better Third Choice","Conspire","Dota2Spire","Hubris","Minty Spire (QoL Compilation)","Replay The Spire","StSLib"],"gold_per_floor":[14,30,45,45,61,394,136,66,66,94,11,11,28,48,48,149,149,168,188,203,217,240,240,240,257,306,16,26,26,26,46,46,46,46],"floor_reached":33,"playtime":877,"items_purged":[],"score":321,"play_id":"0444febc-6d71-4ed0-b6a5-af2938ec3c96","local_time":"20210102185557","is_ascension_mode":false,"campfire_choices":[{"floor":12,"key":"RECALL"},{"data":"Caltrops","floor":15,"key":"SMITH"},{"floor":23,"key":"REST"},{"floor":30,"key":"REST"},{"floor":32,"key":"REST"}],"circlet_count":0,"master_deck":["Strike_G","Strike_G","Strike_G","Strike_G","Strike_G","Defend_G","Defend_G","Defend_G","Defend_G","Defend_G","Survivor","Neutralize","Sucker Punch","Riddle With Holes","Dagger Spray","Endless Agony","Caltrops+1","Backflip","Adrenaline","ReplayTheSpireMod:Speed Training","Poisoned Stab","Burst","Underhanded Strike","Bouncing Flask","Bane","Leg Sweep","Die Die Die"],"relics":["Ring of the Snake","Old Coin","Replay:Wax Seal","Lee\u0027s Waffle","Lantern","White Beast Statue","Strawberry","Replay:Accelerometer","Dota2Spire:ArmletOfMordiggian","hubris:VirtuousBlindfold","Akabeko","FaceOfCleric","Snake Skull","HandDrill","Enchiridion"],"acts_visited":["Exordium","TheCity"],"potions_floor_usage":[6,8,16,16,18,25,33,33],"damage_taken":[{"damage":0,"enemies":"2 Louse","floor":1,"turns":3},{"damage":0,"enemies":"Cultist","floor":2,"turns":4},{"damage":0,"enemies":"Small Slimes","floor":3,"turns":3},{"damage":13,"enemies":"Exordium Thugs","floor":5,"turns":5},{"damage":14,"enemies":"3 Sentries","floor":6,"turns":6},{"damage":7,"enemies":"Gremlin Nob","floor":8,"turns":3},{"damage":21,"enemies":"Replay:BlueRogue","floor":10,"turns":6},{"damage":6,"enemies":"Large Slime","floor":13,"turns":4},{"damage":9,"enemies":"Lots of Slimes","floor":14,"turns":3},{"damage":35,"enemies":"The Guardian","floor":16,"turns":12},{"damage":19,"enemies":"2 Thieves","floor":18,"turns":3},{"damage":17,"enemies":"Spheric Guardian","floor":19,"turns":4},{"damage":20,"enemies":"Cultist and Chosen","floor":20,"turns":6},{"damage":6,"enemies":"Snecko","floor":21,"turns":4},{"damage":15,"enemies":"Snake Plant","floor":25,"turns":3},{"damage":13,"enemies":"Shelled Parasite and Fungi","floor":28,"turns":3},{"damage":13,"enemies":"conspire:HollyBat","floor":31,"turns":7},{"damage":86,"enemies":"Automaton","floor":33,"turns":10}],"seed_played":"-8782918182310351558","potions_obtained":[{"floor":1,"key":"FearPotion"},{"floor":4,"key":"LiquidBronze"},{"floor":4,"key":"LiquidMemories"},{"floor":6,"key":"SteroidPotion"},{"floor":10,"key":"ColorlessPotion"},{"floor":16,"key":"Death Potion"},{"floor":18,"key":"GamblersBrew"},{"floor":19,"key":"Adrenaline Potion"},{"floor":20,"key":"Reflective Coating"},{"floor":25,"key":"Fire Potion"}],"is_trial":false,"path_per_floor":["M","M","M","?","M","E","$","E","T","E","?","R","M","M","R","B",null,"M","M","M","M","T","R","?","M","T","$","M","?","R","M","R","B"],"character_chosen":"THE_SILENT","items_purchased":["Replay:Wax Seal","Lee\u0027s Waffle","Lantern","Caltrops","Snake Skull","HandDrill"],"campfire_rested":3,"item_purchase_floors":[7,7,7,7,27,27],"current_hp_per_floor":[84,84,84,84,71,57,91,84,91,70,70,70,64,55,55,20,98,79,62,42,36,36,65,65,51,51,51,39,23,53,41,71,0,0],"gold":46,"neow_bonus":"TWENTY_PERCENT_HP_BONUS","is_daily":false,"chose_seed":false,"campfire_upgraded":1,"win_rate":0.0,"timestamp":1609610157,"path_taken":["M","M","M","?","?","E","$","E","T","E","?","R","M","M","R","BOSS","M","M","?","M","?","R","?","?","T","$","M","?","R","M","R","BOSS"],"items_purchased_type":["Relic","Relic","Relic","Card","Relic","Relic"],"build_version":"2020-12-22","purchased_purges":0,"victory":false,"max_hp_per_floor":[84,84,84,84,84,84,91,91,98,98,98,98,98,98,98,98,98,98,98,98,98,98,98,98,99,99,99,100,100,100,101,101,101,101],"card_choices":[{"not_picked":["Noxious Fumes","Outmaneuver"],"picked":"Sucker Punch","floor":1},{"not_picked":["PiercingWail","Prepared","Catalyst"],"picked":"SKIP","floor":2},{"not_picked":["Cloak And Dagger","Flying Knee"],"picked":"Riddle With Holes","floor":3},{"not_picked":["PiercingWail","Deadly Poison"],"picked":"Dagger Spray","floor":5},{"not_picked":["Dodge and Roll","Expertise"],"picked":"Endless Agony","floor":6},{"not_picked":["conspire:DoublingDagger","Prepared"],"picked":"Backflip","floor":8},{"not_picked":["Slice","Calculated Gamble"],"picked":"Adrenaline","floor":10},{"not_picked":["hubris:Counter","ReplayTheSpireMod:Exploit Weakness"],"picked":"ReplayTheSpireMod:Speed Training","floor":13},{"not_picked":["Acrobatics","PiercingWail"],"picked":"Poisoned Stab","floor":14},{"not_picked":["Tools of the Trade","Atom Bomb"],"picked":"Burst","floor":16},{"not_picked":["Replay:Poison Smokescreen","conspire:DoublingDagger"],"picked":"Underhanded Strike","floor":18},{"not_picked":["Reflex","ReplayTheSpireMod:The Works"],"picked":"Bouncing Flask","floor":19},{"not_picked":["Outmaneuver","Cloak And Dagger"],"picked":"Bane","floor":20},{"not_picked":["hubris:SlightOfHand","Hidden Blade+1","ReplayTheSpireMod:Exploit Weakness"],"picked":"SKIP","floor":21},{"not_picked":["Cloak And Dagger","Deadly Poison"],"picked":"Leg Sweep","floor":25},{"not_picked":["PiercingWail","ReplayTheSpireMod:The Works","Escape Plan"],"picked":"SKIP","floor":28},{"not_picked":["Quick Slash","Bane"],"picked":"Die Die Die","floor":31}],"player_experience":918026,"relics_obtained":[{"floor":6,"key":"Old Coin"},{"floor":8,"key":"White Beast Statue"},{"floor":9,"key":"Strawberry"},{"floor":10,"key":"Replay:Accelerometer"},{"floor":22,"key":"Akabeko"},{"floor":29,"key":"Enchiridion"}],"event_choices":[{"damage_healed":0,"gold_gain":0,"player_choice":"Got Potions","damage_taken":0,"max_hp_gain":0,"max_hp_loss":0,"event_name":"Lab","floor":4,"gold_loss":0},{"damage_healed":0,"gold_gain":0,"player_choice":"Paid Gold","damage_taken":0,"relics_obtained":["Dota2Spire:ArmletOfMordiggian"],"max_hp_gain":0,"max_hp_loss":0,"event_name":"WeMeetAgain","floor":11,"gold_loss":83},{"damage_healed":0,"gold_gain":0,"player_choice":"Trade","damage_taken":0,"relics_obtained":["FaceOfCleric"],"max_hp_gain":0,"max_hp_loss":0,"event_name":"FaceTrader","floor":24,"gold_loss":0},{"damage_healed":0,"gold_gain":0,"player_choice":"Obtained Book","damage_taken":16,"max_hp_gain":0,"max_hp_loss":0,"event_name":"Cursed Tome","floor":29,"gold_loss":0}],"is_beta":false,"boss_relics":[{"not_picked":["hubris:HollowSoul","conspire:SlowCooker"],"picked":"hubris:VirtuousBlindfold"}],"items_purged_floors":[],"is_endless":false,"potions_floor_spawned":[1,5,6,10,13,14,16,18,19,20,21,25,28,31],"killed_by":"Automaton","ascension_level":0}}