{"host":"792mtbovsoa03nb3","time":1609561117,"event":{"mods":["BaseMod","Colored Map","Curses Come First","Dota2Spire","Downfall","Ekko","Evolution","Hubris","Infinite Spire","Minty Spire (QoL Compilation)","Replay The Spire","Spicy Shops","StSLib","The Blue Laboratory","The Jungle","??????REMEMod"],"gold_per_floor":[109,109,109,122,135,165,165,196,221,253,266,286,301,314,314,409,409,483,483,119,119,145,145,145,145],"floor_reached":24,"playtime":761,"items_purged":[],"score":349,"play_id":"6a2acc83-79e1-4a23-858c-0a9509959637","local_time":"20210101201837","is_ascension_mode":true,"campfire_choices":[{"data":"Metallicize","floor":7,"key":"SMITH"},{"data":"Berserk","floor":15,"key":"SMITH"},{"data":"Reaper","floor":23,"key":"SMITH"}],"circlet_count":0,"master_deck":["ReplayTheSpireMod:Strike From Hell+1","Strike_R","Strike_R","Strike_R","Strike_R","Defend_R","Defend_R","Defend_R","Defend_R","Bash","hubris:DoWhile+1","Metallicize+1","Metallicize","Replay:Undeath\u0027s Touch","Clash","Heavy Blade","Berserk+1","Corruption","Reaper+1","Metallicize","Enlightenment","Decay"],"relics":["Slimebound:AbsorbEndCombat","Gremlin Horn","infinitespire:WardingShard","Dota2Spire:UrnOfShadows","TeardropLocket","theJungle:WildStrawberry","infinitespire:EvilPickle","Dota2Spire:HandOfMidas","Ring of the Snake","infinitespire:Chaos","hubris:Towel","Tiny Chest"],"acts_visited":["Exordium","TheCity"],"potions_floor_usage":[6,8,16,16,24],"damage_taken":[{"damage":0,"enemies":"2 Louse","floor":1,"turns":1},{"damage":0,"enemies":"Small Slimes","floor":4,"turns":2},{"damage":0,"enemies":"Jaw Worm","floor":5,"turns":1},{"damage":16,"enemies":"3 Sentries","floor":6,"turns":14},{"damage":0,"enemies":"Lagavulin","floor":8,"turns":10},{"damage":23,"enemies":"Gremlin Nob","floor":10,"turns":5},{"damage":5,"enemies":"3 Louse","floor":11,"turns":4},{"damage":2,"enemies":"Looter","floor":12,"turns":2},{"damage":4,"enemies":"Lots of Slimes","floor":13,"turns":5},{"damage":8,"enemies":"Large Slime","floor":14,"turns":2},{"damage":36,"enemies":"Hexaghost","floor":16,"turns":8},{"damage":53,"enemies":"Chosen","floor":18,"turns":9},{"damage":38,"enemies":"Slavers","floor":24,"turns":1}],"seed_played":"-5891206974275732370","potions_obtained":[{"floor":1,"key":"blueLaboratory:ImpenetrablePotion"},{"floor":4,"key":"blueLaboratory:FrostheartPotion"},{"floor":8,"key":"Dota2Spire:Clarity"},{"floor":10,"key":"Reflective Coating"},{"floor":12,"key":"champ:CounterPotion"},{"floor":18,"key":"blueLaboratory:BubblePotion"}],"is_trial":false,"path_per_floor":["M","?","?","M","M","E","R","E","T","E","M","M","M","M","R","B",null,"M","?","$","?","T","R","E"],"character_chosen":"IRONCLAD","items_purchased":["Reaper","Metallicize","Enlightenment"],"campfire_rested":0,"item_purchase_floors":[20,20,20],"current_hp_per_floor":[78,78,78,80,80,70,70,76,76,59,60,64,66,64,64,34,72,19,19,19,19,19,19,0,0],"gold":145,"neow_bonus":"THREE_ENEMY_KILL","is_daily":false,"chose_seed":false,"campfire_upgraded":3,"win_rate":0.0,"timestamp":1609561117,"path_taken":["M","?","?","M","M","E","R","E","T","E","M","M","M","M","R","BOSS","M","?","$","?","?","R","E"],"items_purchased_type":["Card","Card","Card"],"build_version":"2020-12-22","purchased_purges":0,"victory":false,"max_hp_per_floor":[80,80,80,80,80,80,80,80,80,80,80,80,80,80,80,80,87,87,87,87,87,87,87,87,87],"card_choices":[{"not_picked":["Clash","Shrug It Off"],"picked":"Metallicize","floor":1},{"not_picked":["Sword Boomerang","Blood for Blood","Shrug It Off"],"picked":"SKIP","floor":4},{"not_picked":["Perfected Strike","Evolve","Havoc"],"picked":"SKIP","floor":5},{"not_picked":["Exhume","Fire Breathing"],"picked":"Metallicize","floor":6},{"not_picked":["hubris:ReadiedAction","Wild Strike","Thunderclap"],"picked":"SKIP","floor":8},{"not_picked":["REME_Cut","infinitespire:OneForAll"],"picked":"Replay:Undeath\u0027s Touch","floor":10},{"not_picked":["Body Slam","Dark Embrace"],"picked":"Clash","floor":11},{"not_picked":["Searing Blow","Pommel Strike"],"picked":"Heavy Blade","floor":12},{"not_picked":["Cleave","hubris:SharpeningStone","Thunderclap"],"picked":"SKIP","floor":13},{"not_picked":["Iron Wave","Dropkick"],"picked":"Berserk","floor":14},{"not_picked":["Feed","Barricade"],"picked":"Corruption","floor":16},{"not_picked":["infinitespire:OneForAll+1","Wild Strike","Run Through+1"],"picked":"SKIP","floor":18}],"player_experience":836355,"relics_obtained":[{"floor":6,"key":"hubris:OldNail"},{"floor":8,"key":"hubris:IronBody"},{"floor":9,"key":"Vajra"},{"floor":10,"key":"hubris:Metronome"},{"floor":22,"key":"Tiny Chest"}],"event_choices":[{"damage_healed":0,"gold_gain":0,"player_choice":"Smashed Altar","damage_taken":0,"max_hp_gain":0,"max_hp_loss":0,"event_name":"Forgotten Altar","floor":21,"gold_loss":0,"cards_obtained":["Decay"]}],"is_beta":false,"boss_relics":[{"not_picked":["REME_DemonsWealth","Electric Blood"],"picked":"hubris:Backtick"}],"items_purged_floors":[],"is_endless":false,"potions_floor_spawned":[1,4,8,10,12,13,18],"killed_by":"Slavers","ascension_level":9}}