{"host":"amvpy7h9h10a217o","time":1609595809,"event":{"mods":["AchievementEnabler","BaseMod","Block Reminder","Challenge The Spire","Colored Powertips","GifTheSpireLib","Highlight Path","Minty Spire (QoL Compilation)","Permanent Neow","StSLib"],"gold_per_floor":[111,121,132,28,28,60,60,89,89,89,89],"floor_reached":10,"playtime":527,"items_purged":["Strike_G"],"score":152,"play_id":"b3aba167-ab3a-4510-b465-48ec9f516c50","local_time":"20210102085649","is_ascension_mode":true,"campfire_choices":[],"circlet_count":0,"master_deck":["AscendersBane","Strike_G","Strike_G","Strike_G+1","Strike_G","Defend_G","Defend_G","Defend_G","Defend_G+1","Defend_G","Survivor","Neutralize","Terror","All Out Attack","Cloak And Dagger","Blur"],"relics":["Sozu","InkBottle","Shuriken","Mummified Hand"],"acts_visited":["Exordium"],"potions_floor_usage":[],"damage_taken":[{"damage":1,"enemies":"Small Slimes","floor":1,"turns":4},{"damage":0,"enemies":"2 Louse","floor":2,"turns":3},{"damage":0,"enemies":"Jaw Worm","floor":3,"turns":3},{"damage":13,"enemies":"3 Sentries","floor":6,"turns":8},{"damage":5,"enemies":"Lagavulin","floor":8,"turns":8},{"damage":19,"enemies":"3 Sentries","floor":10,"turns":6}],"seed_played":"3021728015765991393","potions_obtained":[],"is_trial":false,"path_per_floor":["M","M","M","$","?","E","$","E","T","E"],"character_chosen":"THE_SILENT","items_purchased":["Cloak And Dagger"],"campfire_rested":0,"item_purchase_floors":[4],"current_hp_per_floor":[58,58,58,58,38,25,25,20,20,1,1],"gold":89,"neow_bonus":"BOSS_RELIC","is_daily":false,"chose_seed":false,"campfire_upgraded":0,"win_rate":0.0,"timestamp":1609595809,"path_taken":["M","M","M","$","?","E","$","E","T","E"],"items_purchased_type":["Card"],"build_version":"2020-12-22","purchased_purges":1,"victory":false,"max_hp_per_floor":[66,66,66,66,66,66,66,66,66,66,66],"card_choices":[{"not_picked":["Prepared","Sucker Punch","Blade Dance"],"picked":"SKIP","floor":1},{"not_picked":["Acrobatics","Flying Knee"],"picked":"Terror","floor":2},{"not_picked":["Finisher","Underhanded Strike"],"picked":"All Out Attack","floor":3},{"not_picked":["Flechettes","Reflex"],"picked":"Blur","floor":6},{"not_picked":["Quick Slash","Flying Knee","Prepared"],"picked":"SKIP","floor":8}],"player_experience":1406783,"relics_obtained":[{"floor":6,"key":"InkBottle"},{"floor":8,"key":"Shuriken"},{"floor":9,"key":"Mummified Hand"}],"event_choices":[{"damage_healed":0,"gold_gain":0,"player_choice":"Entered Light","damage_taken":20,"max_hp_gain":0,"max_hp_loss":0,"event_name":"Shining Light","floor":5,"gold_loss":0,"cards_upgraded":["Strike_G","Defend_G"]}],"is_beta":false,"boss_relics":[],"items_purged_floors":[4],"is_endless":false,"potions_floor_spawned":[6],"killed_by":"3 Sentries","ascension_level":20}}