{"host":"1ijykob380qbj7yg","time":1609596815,"event":{"mods":["BaseMod","GifTheSpireLib","Hubris","Marisa£®ÏF”Í°°ƒß¿Ì…≥£©","Minty Spire (QoL Compilation)","StSLib","The Cursed","[IsaacMod]“‘»ˆº‚À˛"],"gold_per_floor":[116,128,128,128,128,128,148,148,229,254,33,10,10,30,30,30,30],"floor_reached":16,"playtime":594,"items_purged":["TheCursedMod:Strike_TheCursed"],"score":127,"play_id":"50032443-52f0-49eb-8695-497e69b6e412","local_time":"20210102221335","is_ascension_mode":true,"campfire_choices":[{"data":"TheCursedMod:DoubleShield","floor":6,"key":"SMITH"},{"data":"TheCursedMod:CursedWand","floor":8,"key":"SMITH"},{"data":"TheCursedMod:AbyssShockwave","floor":13,"key":"SMITH"},{"data":"TheCursedMod:SmokeScreen","floor":15,"key":"SMITH"}],"circlet_count":0,"master_deck":["TheCursedMod:Strike_TheCursed","TheCursedMod:Strike_TheCursed","TheCursedMod:Defend_TheCursed","TheCursedMod:Defend_TheCursed","TheCursedMod:Defend_TheCursed","TheCursedMod:Defend_TheCursed+1","TheCursedMod:CursedWand+1","TheCursedMod:CleanUpWorkshop+1","TheCursedMod:Dregs","DoctorFetus+1","TheCursedMod:DoubleShield+1","TheCursedMod:LuckyCharm+1","TheCursedMod:FleshFromBone","TheCursedMod:AbyssShockwave+1","TheCursedMod:SmokeScreen+1"],"relics":["TheCursedMod:BlackMagic101","HushsDoor","D6","War Paint","hubris:Towel","Meat on the Bone","hubris:64BitClover","hubris:HerbalPaste"],"acts_visited":["Exordium"],"potions_floor_usage":[],"damage_taken":[{"damage":1,"enemies":"Cultist","floor":1,"turns":4},{"damage":10,"enemies":"Jaw Worm","floor":2,"turns":4},{"damage":4,"enemies":"2 Louse","floor":7,"turns":3},{"damage":28,"enemies":"Gremlin Nob","floor":10,"turns":5},{"damage":11,"enemies":"Blue Slaver","floor":14,"turns":5},{"damage":35,"enemies":"Slime Boss","floor":16,"turns":6}],"seed_played":"5909697248357842340","potions_obtained":[{"floor":14,"key":"Dexterity Potion"}],"is_trial":false,"path_per_floor":["M","M","?","?","?","R","M","R","T","E","$","$","R","M","R","B"],"character_chosen":"THE_CURSED","items_purchased":["hubris:HerbalPaste","TheCursedMod:SmokeScreen"],"campfire_rested":0,"item_purchase_floors":[11,12],"current_hp_per_floor":[67,57,42,42,42,42,38,38,38,22,22,22,22,29,29,0,0],"gold":30,"neow_bonus":"RANDOM_COMMON_RELIC","is_daily":false,"chose_seed":false,"campfire_upgraded":4,"win_rate":0.0,"timestamp":1609596815,"path_taken":["M","?","?","?","?","R","M","R","T","E","?","$","R","M","R","BOSS"],"items_purchased_type":["Relic","Card"],"build_version":"2020-12-22","purchased_purges":1,"victory":false,"max_hp_per_floor":[75,75,75,75,75,75,75,75,75,75,75,75,75,75,75,75,75],"card_choices":[{"not_picked":[],"picked":"DoctorFetus","floor":0},{"not_picked":["TheCursedMod:CircleOfBlood","TheCursedMod:Stretching"],"picked":"TheCursedMod:DoubleShield","floor":1},{"not_picked":["TheCursedMod:Stretching","TheCursedMod:CursedMace"],"picked":"TheCursedMod:LuckyCharm","floor":2},{"not_picked":["TheCursedMod:Stretching","TheCursedMod:AshesToAshes"],"picked":"TheCursedMod:AbyssShockwave","floor":7},{"not_picked":["TheCursedMod:Torture","TheCursedMod:SpitefulPlan","TheCursedMod:AshesToAshes"],"picked":"SKIP","floor":10},{"not_picked":["TheCursedMod:CursedBoomerang","TheCursedMod:CircleOfAmplification","TheCursedMod:Torture"],"picked":"SKIP","floor":14}],"player_experience":394419,"relics_obtained":[{"floor":9,"key":"Meat on the Bone"},{"floor":10,"key":"hubris:64BitClover"}],"event_choices":[{"damage_healed":0,"gold_gain":0,"player_choice":"Entered Light","damage_taken":15,"max_hp_gain":0,"max_hp_loss":0,"event_name":"Shining Light","floor":3,"gold_loss":0,"cards_upgraded":["TheCursedMod:LuckyCharm","DoctorFetus"]},{"damage_healed":0,"gold_gain":0,"cards_transformed":["TheCursedMod:Strike_TheCursed"],"player_choice":"Change","damage_taken":0,"max_hp_gain":0,"max_hp_loss":0,"event_name":"Living Wall","floor":4,"gold_loss":0,"cards_obtained":["TheCursedMod:FleshFromBone"]}],"is_beta":false,"boss_relics":[],"items_purged_floors":[11],"is_endless":false,"potions_floor_spawned":[14],"killed_by":"Slime Boss","ascension_level":6}}