{"host":"dlskvfecb6rtl9z1","time":1609605489,"event":{"mods":["2.2 Compatiblity","AchievementEnabler","Aspiration","BaseMod","Better Third Choice","Colored Map","Colored Powertips","Downfall","Duelist Mod","Hermit","Hubris","Infinite Spire","KinomotoSakuraMod(????)","Koishi","Marisa????????","Minty Spire (QoL Compilation)","Remilia??????","Replay The Spire","Shop Mod","StSLib","Td1madao Mod","The Administrix","The Bug Knight","The Construct","The Cursed","The Disciple","The Hierophant","The Jungle","The Mystic","The Necromancer","The Runesmith","The Senshi","The Servant 0.9.4"],"gold_per_floor":[10,10,26,26,45,45,45],"floor_reached":6,"playtime":471,"items_purged":["Strike_R","Defend_R","Defend_R","Strike_R"],"score":43,"play_id":"a89be970-55bd-4083-a43b-bd781b909111","local_time":"20210102183809","is_ascension_mode":true,"campfire_choices":[],"circlet_count":0,"master_deck":["Strike_R","Strike_R","Strike_R","Defend_R","Defend_R","Bash","Magnetism","Metallicize","Disarm"],"relics":["Burning Blood","Bag of Marbles"],"acts_visited":["Exordium"],"potions_floor_usage":[6],"damage_taken":[{"damage":2,"enemies":"Jaw Worm","floor":1,"turns":3},{"damage":13,"enemies":"Cultist","floor":3,"turns":5},{"damage":12,"enemies":"infinitespire:Voidling","floor":5,"turns":6},{"damage":4,"enemies":"Replay:BlueRogue","floor":6,"turns":3}],"seed_played":"2547444002111357803","potions_obtained":[{"floor":2,"key":"Block Potion"},{"floor":2,"key":"Adrenaline Potion"},{"floor":2,"key":"SteroidPotion"}],"is_trial":false,"path_per_floor":["M","?","M","$","M","E"],"character_chosen":"IRONCLAD","items_purchased":["Bag of Marbles"],"campfire_rested":0,"item_purchase_floors":[4],"current_hp_per_floor":[80,80,73,31,25,21,21],"gold":45,"neow_bonus":"RANDOM_COLORLESS_2","is_daily":false,"chose_seed":false,"campfire_upgraded":0,"win_rate":0.0,"timestamp":1609605489,"path_taken":["M","?","M","?","M","E"],"items_purchased_type":["Relic"],"build_version":"2020-12-22","purchased_purges":4,"victory":false,"max_hp_per_floor":[80,80,80,80,80,80,80],"card_choices":[{"not_picked":["ReplayUltimateDefense","Poisoned Strike"],"picked":"Magnetism","floor":0},{"not_picked":["Clothesline","Thunderclap"],"picked":"Metallicize","floor":1},{"not_picked":["Searing Blow","Flex"],"picked":"Disarm","floor":3},{"not_picked":["Thunderclap","Wild Strike","Armaments"],"picked":"SKIP","floor":5}],"player_experience":111441,"relics_obtained":[],"event_choices":[{"damage_healed":0,"gold_gain":0,"player_choice":"Got Potions","damage_taken":0,"max_hp_gain":0,"max_hp_loss":0,"event_name":"Lab","floor":2,"gold_loss":0}],"is_beta":false,"boss_relics":[],"items_purged_floors":[4,4,4,4],"is_endless":false,"potions_floor_spawned":[5],"killed_by":"Replay:BlueRogue","ascension_level":4}}