{"host":"6hzrz31j95f2y1pa","time":1609622454,"event":{"mods":["BaseMod","Colored Map","Downfall","Minty Spire (QoL Compilation)","StSLib"],"gold_per_floor":[0,12,0,13,24,24,70,97,112,145,164,178,195,220,235,235,235,235],"floor_reached":16,"playtime":3890,"items_purged":[],"score":214,"play_id":"2697b350-3d9c-4687-b2ac-4ca4471fc3aa","local_time":"20210102162054","is_ascension_mode":true,"campfire_choices":[{"floor":1.0,"key":"RECALL"},{"data":"hexamod:Incineration","floor":6.0,"key":"SMITH"}],"circlet_count":0,"master_deck":["AscendersBane","hexamod:Strike","hexamod:Strike+1","hexamod:Strike+1","hexamod:Defend","hexamod:Defend","hexamod:Defend","hexamod:Sear","hexamod:Float","hexamod:GhostShield","hexamod:Hexaguard","hexamod:Incineration+1","hexamod:HexaLevel","hexamod:DynamicBlow","hexamod:Hexaguard","hexamod:FourthSeal","hexamod:FirstSeal"],"relics":["hexamod:SpiritBrand","Whetstone","Shuriken","Boot","Pantograph"],"acts_visited":["Exordium"],"potions_floor_usage":[16,16],"damage_taken":[{"damage":0.0,"enemies":"Small Slimes","floor":2.0,"turns":3.0},{"damage":4.0,"enemies":"downfall:FleeingMerchant","floor":3.0,"turns":4.0},{"damage":0.0,"enemies":"2 Louse","floor":4.0,"turns":3.0},{"damage":0.0,"enemies":"Cultist","floor":5.0,"turns":3.0},{"damage":17.0,"enemies":"3 Sentries","floor":8.0,"turns":9.0},{"damage":6.0,"enemies":"Exordium Thugs","floor":9.0,"turns":4.0},{"damage":7.0,"enemies":"Gremlin Nob","floor":10.0,"turns":4.0},{"damage":0.0,"enemies":"3 Louse","floor":11.0,"turns":4.0},{"damage":4.0,"enemies":"Lots of Slimes","floor":12.0,"turns":5.0},{"damage":0.0,"enemies":"Exordium Thugs","floor":13.0,"turns":3.0},{"damage":2.0,"enemies":"Lagavulin","floor":14.0,"turns":4.0},{"damage":6.0,"enemies":"Gremlin Gang","floor":15.0,"turns":4.0},{"damage":36,"enemies":"downfall:Silent","floor":16,"turns":10}],"seed_played":"-7384283915955060428","potions_obtained":[{"floor":4.0,"key":"Dexterity Potion"},{"floor":9.0,"key":"Dexterity Potion"},{"floor":15.0,"key":"LiquidMemories"}],"is_trial":false,"path_per_floor":["R","M","$","M","M","R","T","E","M","E","M","M","M","E","M","B"],"character_chosen":"THE_SPIRIT","items_purchased":[],"campfire_rested":0,"item_purchase_floors":[],"current_hp_per_floor":[57,57,53,53,53,53,53,36,30,23,23,19,19,17,11,0,0,0],"gold":235,"neow_bonus":"REMOVE_TWO","is_daily":false,"chose_seed":false,"campfire_upgraded":1,"win_rate":0.0,"timestamp":1609622454,"path_taken":["R","M","$","M","M","R","T","E","M","E","M","M","M","E","M","BOSS"],"items_purchased_type":[],"build_version":"2020-12-22","purchased_purges":0,"victory":false,"max_hp_per_floor":[63,63,63,63,63,63,63,63,63,63,63,63,63,63,63,63,63,63],"card_choices":[{"not_picked":["hexamod:InspiringFlames","hexamod:EtherealExpedition"],"picked":"hexamod:GhostShield","floor":2.0},{"not_picked":["hexamod:SuperheatedStrike","hexamod:SpectersWail"],"picked":"hexamod:Hexaguard","floor":3.0},{"not_picked":["hexamod:InspiringFlames","hexamod:SpectralSpark"],"picked":"hexamod:Incineration","floor":4.0},{"not_picked":["hexamod:AdvancingGuard","hexamod:HauntingEcho"],"picked":"hexamod:HexaLevel","floor":5.0},{"not_picked":["hexamod:GhostLash","hexamod:RecurringNightmare"],"picked":"hexamod:DynamicBlow","floor":8.0},{"not_picked":["hexamod:BurningTouch","hexamod:Firestarter"],"picked":"hexamod:Hexaguard","floor":9.0},{"not_picked":["hexamod:SpectralSpark","hexamod:InspiringFlames","hexamod:ShieldOfDarkness"],"picked":"SKIP","floor":10.0},{"not_picked":["hexamod:SpectersWail","hexamod:NecessarySacrifice","hexamod:BacktrackSmack"],"picked":"SKIP","floor":11.0},{"not_picked":["hexamod:BurningTouch","hexamod:GhostLash"],"picked":"hexamod:FourthSeal","floor":12.0},{"not_picked":["hexamod:RadiantFlame","hexamod:BacktrackSmack","hexamod:CrushingStance"],"picked":"SKIP","floor":13.0},{"not_picked":["hexamod:DynamicBlow","hexamod:InspiringFlames"],"picked":"hexamod:FirstSeal","floor":14.0},{"not_picked":["hexamod:FourthSeal","hexamod:Incineration","hexamod:SkipABeat"],"picked":"SKIP","floor":15.0}],"player_experience":1273420,"relics_obtained":[{"floor":7.0,"key":"Whetstone"},{"floor":8.0,"key":"Shuriken"},{"floor":10.0,"key":"Boot"},{"floor":14.0,"key":"Pantograph"}],"event_choices":[],"is_beta":false,"boss_relics":[],"items_purged_floors":[],"is_endless":false,"potions_floor_spawned":[4,9,10,12,14,15],"killed_by":"downfall:Silent","ascension_level":14}}