{"host":"lf8w6lk2ipwfzeol","time":1609603531,"event":{"mods":["Act Like it!","BaseMod","Downfall","Hermit","Hunter ¡‘»À","Minty Spire (QoL Compilation)","Relic Stats","Replay The Spire","Shop Mod","StSLib","The Cursed","The Hierophant","The Runesmith","°æ“≈ŒÔø®≈∆°øREMEMod"],"gold_per_floor":[360,435,435,447,462,462,476,495,495,60,71,87,105,120,120,120,120],"floor_reached":16,"playtime":847,"items_purged":[],"score":98,"play_id":"e6108b24-e722-4adb-9b3a-95462ffb8405","local_time":"20210103000531","is_ascension_mode":false,"campfire_choices":[{"floor":6,"key":"REST"},{"floor":15,"key":"REST"}],"circlet_count":0,"master_deck":["hermit:Strike_Hermit","hermit:Strike_Hermit","hermit:Strike_Hermit","hermit:Strike_Hermit","hermit:Defend_Hermit","hermit:Defend_Hermit","hermit:Defend_Hermit","hermit:Defend_Hermit","hermit:Snapshot","hermit:Covet","hermit:Midnight","hermit:Grudge","hermit:TakeAim","hermit:TakeCover","hermit:Enervate","hermit:BlackWind"],"relics":["hermit:Momento","REME_ComplimentaryCards","Replay:Accelerometer","Replay:Baseball","Strawberry","PrismaticShard"],"acts_visited":["Exordium"],"potions_floor_usage":[3,12,12,16,16,16,16,16],"damage_taken":[{"damage":1,"enemies":"Jaw Worm","floor":1,"turns":4},{"damage":15,"enemies":"Cultist","floor":4,"turns":5},{"damage":0,"enemies":"2 Louse","floor":5,"turns":2},{"damage":4,"enemies":"2 Fungi Beasts","floor":7,"turns":4},{"damage":26,"enemies":"Exordium Thugs","floor":8,"turns":5},{"damage":13,"enemies":"Lots of Slimes","floor":11,"turns":5},{"damage":5,"enemies":"Looter","floor":12,"turns":4},{"damage":0,"enemies":"Exordium Wildlife","floor":13,"turns":4},{"damage":10,"enemies":"2 Fungi Beasts","floor":14,"turns":3},{"damage":31,"enemies":"The Guardian","floor":16,"turns":7}],"seed_played":"5748492599549272998","potions_obtained":[{"floor":3,"key":"Fruit Juice"},{"floor":3,"key":"EntropicBrew"},{"floor":3,"key":"hexamod:EctoCoolerPotion"},{"floor":4,"key":"SneckoOil"},{"floor":12,"key":"Ancient Potion"}],"is_trial":false,"path_per_floor":["M","?","?","M","M","R","M","M","T","$","M","M","M","M","R","B"],"character_chosen":"HERMIT","items_purchased":["Replay:Baseball","Strawberry","PrismaticShard"],"campfire_rested":2,"item_purchase_floors":[10,10,10],"current_hp_per_floor":[53,42,47,32,32,56,52,26,26,33,20,15,15,5,31,0,0],"gold":120,"neow_bonus":"TWO_FIFTY_GOLD","is_daily":false,"chose_seed":false,"campfire_upgraded":0,"win_rate":0.0,"timestamp":1609603531,"path_taken":["M","?","?","M","M","R","M","?","T","?","?","M","M","M","R","BOSS"],"items_purchased_type":["Relic","Relic","Relic"],"build_version":"2020-12-22","purchased_purges":0,"victory":false,"max_hp_per_floor":[75,75,80,80,80,80,80,80,80,87,87,87,87,87,87,87,87],"relic_stats":{"counters":[10,43],"obtain_stats":[{"Replay:Accelerometer":9,"Replay:Baseball":10,"Strawberry":10,"PrismaticShard":10,"hermit:Momento":0,"REME_ComplimentaryCards":0},{"Replay:Accelerometer":5,"Replay:Baseball":5,"Strawberry":5,"PrismaticShard":5,"hermit:Momento":0,"REME_ComplimentaryCards":0},{"Replay:Accelerometer":20,"Replay:Baseball":20,"Strawberry":20,"PrismaticShard":20,"hermit:Momento":0,"REME_ComplimentaryCards":0}]},"card_choices":[{"not_picked":["hermit:HighCaliber","hermit:LoneWolf"],"picked":"hermit:Midnight","floor":1},{"not_picked":["hermit:Horror","hermit:Coalescence"],"picked":"hermit:Grudge","floor":4},{"not_picked":["hermit:BodyArmor","hermit:Manifest"],"picked":"hermit:TakeAim","floor":5},{"not_picked":["hermit:SprayPray","hermit:Roulette"],"picked":"hermit:TakeCover","floor":7},{"not_picked":["hermit:Misfire","hermit:CalledShot"],"picked":"hermit:Enervate","floor":8},{"not_picked":["TheCursedMod:BlessingInDisguise","Guardian:Gem_Red","Blur"],"picked":"SKIP","floor":11},{"not_picked":["hexamod:ThirdSeal","TheCursedMod:FleshFromBone","hierophant:RepressedViolence"],"picked":"SKIP","floor":12},{"not_picked":["Runesmith:FieryHammer","Glacier"],"picked":"hermit:BlackWind","floor":13},{"not_picked":["hierophant:Sermon","Combust","Deflect"],"picked":"SKIP","floor":14}],"player_experience":113013,"relics_obtained":[{"floor":9,"key":"Replay:Accelerometer"}],"event_choices":[{"damage_healed":0,"gold_gain":75,"player_choice":"Gather Gold","damage_taken":11,"max_hp_gain":0,"max_hp_loss":0,"event_name":"World of Goop","floor":2,"gold_loss":0},{"damage_healed":0,"gold_gain":0,"player_choice":"Got Potions","damage_taken":0,"max_hp_gain":0,"max_hp_loss":0,"event_name":"Lab","floor":3,"gold_loss":0}],"is_beta":false,"boss_relics":[],"items_purged_floors":[],"is_endless":false,"potions_floor_spawned":[4,5,7,8,12],"killed_by":"The Guardian","ascension_level":0}}