{"host":"wha9hktbkslqvblg","time":1609587194,"event":{"mods":["BaseMod","Colored Map","Minty Spire (QoL Compilation)","Relic Stats","SuperFastMode","everything is the same but u backflip on backflip"],"gold_per_floor":[117,134,209,50,50,50,60,60,87,112,131,148,148,48,48,123,123,137,137,149,149,24,24,24],"floor_reached":23,"playtime":373,"items_purged":["Strike_R","Strike_R","Strike_R"],"score":378,"play_id":"5610d140-637d-4167-a48a-799d200d0b5d","local_time":"20210102203314","is_ascension_mode":true,"campfire_choices":[{"data":"Uppercut","floor":6,"key":"SMITH"},{"data":"Body Slam","floor":8,"key":"SMITH"},{"floor":15,"key":"REST"}],"circlet_count":0,"master_deck":["AscendersBane","Strike_R","Defend_R","Defend_R","Defend_R","Bash","Offering","Rampage","Body Slam+1","Uppercut+1","Battle Trance","Immolate","Shrug It Off"],"relics":["Burning Blood","Ancient Tea Set","Bag of Preparation","SacredBark"],"acts_visited":["Exordium","TheCity"],"potions_floor_usage":[16,16],"damage_taken":[{"damage":10,"enemies":"Small Slimes","floor":1,"turns":3},{"damage":14,"enemies":"2 Louse","floor":2,"turns":2},{"damage":7,"enemies":"Jaw Worm","floor":7,"turns":3},{"damage":12,"enemies":"Gremlin Nob","floor":10,"turns":3},{"damage":6,"enemies":"Looter","floor":11,"turns":2},{"damage":7,"enemies":"2 Fungi Beasts","floor":12,"turns":3},{"damage":12,"enemies":"The Guardian","floor":16,"turns":6},{"damage":25,"enemies":"Spheric Guardian","floor":18,"turns":4},{"damage":20,"enemies":"2 Thieves","floor":20,"turns":3},{"damage":32,"enemies":"Book of Stabbing","floor":23,"turns":3}],"seed_played":"-4241469618656549952","potions_obtained":[{"floor":2,"key":"SkillPotion"},{"floor":7,"key":"PowerPotion"},{"floor":12,"key":"BlessingOfTheForge"}],"is_trial":false,"path_per_floor":["M","M","?","$","?","R","M","R","T","E","M","M","?","$","R","B",null,"M","?","M","?","$","E"],"character_chosen":"IRONCLAD","items_purchased":["Uppercut"],"campfire_rested":1,"item_purchase_floors":[4],"current_hp_per_floor":[46,38,27,27,27,27,26,26,26,20,20,19,19,19,41,35,65,46,46,32,32,32,0,0],"gold":24,"neow_bonus":"TRANSFORM_TWO_CARDS","is_daily":false,"chose_seed":false,"campfire_upgraded":2,"win_rate":0.0,"timestamp":1609587194,"path_taken":["M","M","?","$","?","R","M","R","T","E","M","M","?","$","R","BOSS","M","?","M","?","$","E"],"items_purchased_type":["Card"],"build_version":"2020-12-22","purchased_purges":3,"victory":false,"max_hp_per_floor":[75,75,75,75,75,75,75,75,75,75,75,75,75,75,75,75,75,75,75,75,75,75,75,75],"relic_stats":{"counters":[10,32],"Bag of Preparation":[12],"obtain_stats":[{"SacredBark":17,"Bag of Preparation":10,"Ancient Tea Set":9,"Burning Blood":0},{"SacredBark":7,"Bag of Preparation":4,"Ancient Tea Set":3,"Burning Blood":0},{"SacredBark":22,"Bag of Preparation":11,"Ancient Tea Set":8,"Burning Blood":0}],"Burning Blood":54},"card_choices":[{"not_picked":["Clothesline","Uppercut"],"picked":"Body Slam","floor":1},{"not_picked":["Reckless Charge","Sentinel","Pummel"],"picked":"SKIP","floor":2},{"not_picked":["Inflame","Body Slam","Twin Strike"],"picked":"SKIP","floor":7},{"not_picked":["Clash","Sword Boomerang","Pummel"],"picked":"SKIP","floor":10},{"not_picked":["Hemokinesis","Feel No Pain"],"picked":"Battle Trance","floor":11},{"not_picked":["Wild Strike","Havoc","Spot Weakness"],"picked":"SKIP","floor":12},{"not_picked":["Berserk","Demon Form"],"picked":"Immolate","floor":16},{"not_picked":["Pommel Strike","Inflame"],"picked":"Shrug It Off","floor":18},{"not_picked":["Pommel Strike","Hemokinesis","Clash"],"picked":"SKIP","floor":20}],"player_experience":926016,"relics_obtained":[{"floor":9,"key":"Ancient Tea Set"},{"floor":10,"key":"Bag of Preparation"}],"event_choices":[{"damage_healed":0,"gold_gain":75,"player_choice":"Gather Gold","damage_taken":11,"max_hp_gain":0,"max_hp_loss":0,"event_name":"World of Goop","floor":3,"gold_loss":0},{"damage_healed":0,"gold_gain":0,"player_choice":"Leave","damage_taken":0,"max_hp_gain":0,"max_hp_loss":0,"event_name":"The Cleric","floor":5,"gold_loss":0},{"damage_healed":0,"gold_gain":0,"player_choice":"Ignored","damage_taken":0,"max_hp_gain":0,"max_hp_loss":0,"event_name":"Shining Light","floor":13,"gold_loss":0},{"damage_healed":0,"gold_gain":0,"player_choice":"Ignored","damage_taken":0,"max_hp_gain":0,"max_hp_loss":0,"event_name":"The Mausoleum","floor":19,"gold_loss":0}],"is_beta":false,"boss_relics":[{"not_picked":["Mark of Pain","Busted Crown"],"picked":"SacredBark"}],"items_purged_floors":[4,14,22],"is_endless":false,"potions_floor_spawned":[2,7,10,12],"killed_by":"Book of Stabbing","ascension_level":20}}