{"host":"bg8va46pgqgvtzim","time":1609595215,"event":{"mods":["BaseMod","Minty Spire (QoL Compilation)","Quick Restart","StSLib","SuperFastMode"],"gold_per_floor":[110,121,132,132,57,84,84,109,181,200,216,216,241,260,260,356,356,441,88,177,177,266,266,374,374,374,394,487,487,402,503,503,681,681,775,775,775,577,662,794,794,886,886,986,999,1132,1218,1352,1352,1427,1427,1427,88,119,119],"floor_reached":56,"playtime":2210,"items_purged":["Defend_P","Judgement"],"score":1662,"play_id":"d79cd8f7-46fc-491d-9788-11c932165532","local_time":"20210102214655","is_ascension_mode":true,"campfire_choices":[{"data":"CrushJoints","floor":7.0,"key":"SMITH"},{"data":"Conclude","floor":12.0,"key":"SMITH"},{"data":"MentalFortress","floor":15.0,"key":"SMITH"},{"data":"Collect","floor":23.0,"key":"SMITH"},{"data":"DevaForm","floor":25.0,"key":"SMITH"},{"data":"Omniscience","floor":29.0,"key":"SMITH"},{"floor":32.0,"key":"REST"},{"floor":41.0,"key":"REST"},{"floor":49.0,"key":"RECALL"},{"data":"Wallop","floor":52.0,"key":"SMITH"}],"circlet_count":0,"master_deck":["Eruption+1","Vigilance+1","CrushJoints+1","MentalFortress+1","Indignation+1","Scrawl+1","Conclude+1","InnerPeace","DeceiveReality+1","DevaForm+1","Collect+1","Wish","Sanctity","Wish+1","Wish","DevaForm+1","LikeWater","Prostrate+1","Adaptation","Omniscience+1","LessonLearned+1","FearNoEvil+1","DeusExMachina+1","Meditate+1","Wallop+1","Adaptation","InnerPeace","Fasting2+1"],"relics":["HolyWater","Torii","Blood Vial","The Courier","War Paint","Pandora\u0027s Box","ClockworkSouvenir","Gremlin Horn","MutagenicStrength","Juzu Bracelet","TungstenRod","Potion Belt","Bag of Marbles","White Beast Statue","Anchor","Bronze Scales","PreservedInsect","Vajra","Akabeko","Medical Kit","Damaru","Letter Opener","Centennial Puzzle","Art of War","Oddly Smooth Stone","Thread and Needle","Orichalcum","Unceasing Top"],"acts_visited":["Exordium","TheCity","TheBeyond","TheEnding"],"potions_floor_usage":[55,55,55,55,55,55,55,55,55,55],"damage_taken":[{"damage":0.0,"enemies":"Small Slimes","floor":1.0,"turns":5.0},{"damage":1.0,"enemies":"Cultist","floor":2.0,"turns":4.0},{"damage":0.0,"enemies":"2 Louse","floor":3.0,"turns":1.0},{"damage":13.0,"enemies":"3 Sentries","floor":6.0,"turns":6.0},{"damage":0.0,"enemies":"Gremlin Nob","floor":8.0,"turns":2.0},{"damage":0.0,"enemies":"Exordium Wildlife","floor":10.0,"turns":2.0},{"damage":2.0,"enemies":"Blue Slaver","floor":11.0,"turns":3.0},{"damage":1.0,"enemies":"3 Sentries","floor":13.0,"turns":3.0},{"damage":0.0,"enemies":"3 Louse","floor":14.0,"turns":2.0},{"damage":1.0,"enemies":"Slime Boss","floor":16.0,"turns":6.0},{"damage":1.0,"enemies":"3 Byrds","floor":18.0,"turns":8.0},{"damage":10.0,"enemies":"Spheric Guardian","floor":20.0,"turns":7.0},{"damage":0.0,"enemies":"Snecko","floor":22.0,"turns":7.0},{"damage":10.0,"enemies":"Gremlin Leader","floor":24.0,"turns":8.0},{"damage":0.0,"enemies":"Cultist and Chosen","floor":27.0,"turns":3.0},{"damage":12.0,"enemies":"Snake Plant","floor":28.0,"turns":6.0},{"damage":15.0,"enemies":"Book of Stabbing","floor":31.0,"turns":5.0},{"damage":13.0,"enemies":"Automaton","floor":33.0,"turns":7.0},{"damage":8.0,"enemies":"3 Darklings","floor":35.0,"turns":7.0},{"damage":8.0,"enemies":"Orb Walker","floor":39.0,"turns":6.0},{"damage":15.0,"enemies":"Reptomancer","floor":40.0,"turns":7.0},{"damage":8.0,"enemies":"Writhing Mass","floor":42.0,"turns":4.0},{"damage":0.0,"enemies":"Nemesis","floor":44.0,"turns":7.0},{"damage":0.0,"enemies":"4 Shapes","floor":45.0,"turns":2.0},{"damage":0.0,"enemies":"Giant Head","floor":46.0,"turns":5.0},{"damage":0.0,"enemies":"Transient","floor":47.0,"turns":5.0},{"damage":6.0,"enemies":"Reptomancer","floor":48.0,"turns":6.0},{"damage":0.0,"enemies":"Donu and Deca","floor":50.0,"turns":6.0},{"damage":0.0,"enemies":"Shield and Spear","floor":54.0,"turns":4.0},{"damage":29,"enemies":"The Heart","floor":55,"turns":5}],"seed_played":"5159455265452309633","potions_obtained":[{"floor":2.0,"key":"Block Potion"},{"floor":3.0,"key":"Explosive Potion"},{"floor":4.0,"key":"BottledMiracle"},{"floor":11.0,"key":"Block Potion"},{"floor":16.0,"key":"SpeedPotion"},{"floor":35.0,"key":"FearPotion"},{"floor":39.0,"key":"SmokeBomb"},{"floor":40.0,"key":"SpeedPotion"},{"floor":42.0,"key":"EntropicBrew"},{"floor":44.0,"key":"AttackPotion"},{"floor":46.0,"key":"PowerPotion"},{"floor":47.0,"key":"SneckoOil"},{"floor":48.0,"key":"CultistPotion"}],"is_trial":false,"path_per_floor":["M","M","M","?","$","E","R","E","T","M","M","R","E","M","R","B",null,"M","$","M","?","M","R","E","R","T","M","M","R","?","E","R","B",null,"M","?","?","$","M","E","R","M","T","E","M","E","M","E","R","B",null,"R","$","E","B",null],"character_chosen":"WATCHER","items_purchased":["ClockworkSouvenir","LikeWater","Gremlin Horn","Anchor","BottledMiracle","ColorlessPotion","Medical Kit","Adaptation","InnerPeace","Damaru","Letter Opener","Centennial Puzzle","Art of War","Oddly Smooth Stone","Thread and Needle","Orichalcum"],"campfire_rested":2,"item_purchase_floors":[19,19,19,38,38,38,53,53,53,53,53,53,53,53,53,53],"current_hp_per_floor":[72,71,71,71,71,58,58,58,58,60,60,60,61,63,63,64,72,71,71,62,62,64,64,56,56,56,58,48,48,48,35,56,45,72,64,64,64,64,58,45,66,60,60,62,64,66,68,64,64,66,72,72,72,72,43],"gold":119,"neow_bonus":"UPGRADE_CARD","is_daily":false,"chose_seed":false,"campfire_upgraded":7,"win_rate":0.0,"timestamp":1609595215,"path_taken":["M","M","M","?","$","E","R","E","T","?","M","R","E","M","R","BOSS","M","$","M","?","M","R","E","R","T","M","M","R","?","E","R","BOSS","M","?","?","$","M","E","R","M","T","E","M","E","M","E","R","BOSS","R","$","E","BOSS"],"items_purchased_type":["Relic","Card","Relic","Relic","Potion","Potion","Relic","Card","Card","Relic","Relic","Relic","Relic","Relic","Relic","Relic"],"build_version":"2020-12-22","purchased_purges":2,"victory":true,"max_hp_per_floor":[72,72,72,72,72,72,72,72,72,72,72,72,72,72,72,72,72,72,72,72,72,72,72,72,72,72,72,72,72,72,72,72,72,72,72,72,72,72,72,72,72,72,72,72,72,72,72,72,72,72,72,72,72,72,72],"card_choices":[{"not_picked":["Protect","MentalFortress"],"picked":"CrushJoints","floor":1.0},{"not_picked":["ThirdEye","Swivel"],"picked":"MentalFortress","floor":2.0},{"not_picked":["JustLucky","PathToVictory"],"picked":"Indignation","floor":3.0},{"not_picked":["EmptyBody","Halt"],"picked":"Scrawl","floor":6.0},{"not_picked":["Protect","Worship","FollowUp"],"picked":"SKIP","floor":8.0},{"not_picked":["Consecrate","EmptyFist","Protect"],"picked":"SKIP","floor":10.0},{"not_picked":["Halt","Consecrate"],"picked":"Conclude","floor":11.0},{"not_picked":["TalkToTheHand","EmptyMind"],"picked":"InnerPeace","floor":13.0},{"not_picked":["PathToVictory","Weave"],"picked":"DeceiveReality","floor":14.0},{"not_picked":["Alpha","SpiritShield"],"picked":"DevaForm","floor":16.0},{"not_picked":["Evaluate","EmptyFist+1","Protect"],"picked":"SKIP","floor":18.0},{"not_picked":["FlyingSleeves","Weave","ThirdEye"],"picked":"SKIP","floor":20.0},{"not_picked":["FearNoEvil","CrushJoints"],"picked":"Prostrate+1","floor":22.0},{"not_picked":["CarveReality","BowlingBash","LikeWater"],"picked":"SKIP","floor":24.0},{"not_picked":["FollowUp","Crescendo"],"picked":"Adaptation","floor":27.0},{"not_picked":["FollowUp","FlyingSleeves"],"picked":"Omniscience","floor":28.0},{"not_picked":["JustLucky","EmptyFist","ForeignInfluence"],"picked":"SKIP","floor":31.0},{"not_picked":["Blasphemy","Establishment"],"picked":"LessonLearned","floor":33.0},{"not_picked":["CarveReality+1","Perseverance+1"],"picked":"FearNoEvil","floor":35.0},{"not_picked":["FlyingSleeves+1","Crescendo+1","Indignation+1"],"picked":"SKIP","floor":39.0},{"not_picked":["Evaluate+1","Swivel+1","Perseverance+1"],"picked":"SKIP","floor":40.0},{"not_picked":["Evaluate+1","ThirdEye+1","InnerPeace+1"],"picked":"SKIP","floor":42.0},{"not_picked":["WheelKick","Fasting2"],"picked":"DeusExMachina","floor":44.0},{"not_picked":["Evaluate+1","Indignation","Collect"],"picked":"SKIP","floor":45.0},{"not_picked":["FlurryOfBlows","Nirvana+1"],"picked":"Meditate+1","floor":46.0},{"not_picked":["EmptyFist+1","BowlingBash","CrushJoints+1"],"picked":"SKIP","floor":47.0},{"not_picked":["CarveReality","PathToVictory+1"],"picked":"Wallop","floor":48.0},{"not_picked":["Crescendo","BowlingBash"],"picked":"Fasting2+1","floor":54.0}],"player_experience":2217504,"relics_obtained":[{"floor":6.0,"key":"Torii"},{"floor":8.0,"key":"Blood Vial"},{"floor":9.0,"key":"The Courier"},{"floor":13.0,"key":"War Paint"},{"floor":24.0,"key":"Juzu Bracelet"},{"floor":26.0,"key":"TungstenRod"},{"floor":31.0,"key":"Bag of Marbles"},{"floor":40.0,"key":"Bronze Scales"},{"floor":44.0,"key":"PreservedInsect"},{"floor":46.0,"key":"Vajra"},{"floor":48.0,"key":"Akabeko"},{"floor":54.0,"key":"Unceasing Top"}],"event_choices":[{"damage_healed":0.0,"max_hp_gain":0.0,"max_hp_loss":0.0,"gold_gain":0.0,"event_name":"Lab","player_choice":"Got Potions","floor":4.0,"gold_loss":0.0,"damage_taken":0.0},{"damage_healed":0.0,"max_hp_gain":0.0,"max_hp_loss":0.0,"gold_gain":0.0,"event_name":"Drug Dealer","player_choice":"Inject Mutagens","floor":21.0,"gold_loss":0.0,"damage_taken":0.0,"relics_obtained":["MutagenicStrength"]},{"damage_healed":0.0,"max_hp_gain":0.0,"max_hp_loss":0.0,"gold_gain":0.0,"event_name":"Addict","player_choice":"Obtained Relic","floor":30.0,"gold_loss":85.0,"damage_taken":0.0,"relics_obtained":["Potion Belt"]},{"damage_healed":0.0,"max_hp_gain":0.0,"max_hp_loss":0.0,"gold_gain":0.0,"event_name":"Tomb of Lord Red Mask","player_choice":"Ignored","floor":36.0,"gold_loss":0.0,"damage_taken":0.0},{"damage_healed":0.0,"max_hp_gain":0.0,"max_hp_loss":0.0,"gold_gain":0.0,"event_name":"WeMeetAgain","player_choice":"Gave Potion","floor":37.0,"gold_loss":0.0,"damage_taken":0.0,"relics_obtained":["White Beast Statue"]}],"is_beta":false,"boss_relics":[{"not_picked":["Cursed Key","Ectoplasm"],"picked":"Pandora\u0027s Box"},{"not_picked":["Calling Bell","Empty Cage"],"picked":"HolyWater"}],"items_purged_floors":[5,53],"is_endless":false,"potions_floor_spawned":[2,3,11,16,24,27,28,35,39,40,42,44,45,46,47,48,54],"ascension_level":1}}