{"host":"p08oqmr389b4tgxi","time":1609566327,"event":{"mods":["Act Like it!","BaseMod","Colored Powertips","Friendly Minions","Gensokyo","Hermit","Minty Spire (QoL Compilation)","Pale of the Ancients","Relic Stats","Replay The Spire","StSLib","The Alterego","The Marked","UnlockEverythingMod","Yakumo Yukari mod"],"gold_per_floor":[132,142,142,158,31,61,61,91,115,127,127,227,262,279,279,381,381,395,395,395,405,405,435,446,464,464,478,504,504,404,404,404,503,503,514,526,526,526,526,559,579,609,634,634,648,664,50,69,69,75,103,116,166,103,103,119,119,119,119],"floor_reached":58,"playtime":3859,"items_purged":["AT_purpleEX","AT_purpleEX","Pride","Voices"],"score":1053,"play_id":"0fc072e6-25fd-43e3-9df9-32543876671b","local_time":"20210102134527","is_ascension_mode":false,"campfire_choices":[{"data":"SharpContractionReality_purple","floor":11.0,"key":"SMITH"},{"data":"Human_Monster_Realm_purple","floor":29.0,"key":"SMITH"},{"data":"Observe_purple_2","floor":32.0,"key":"SMITH"},{"data":"ContainerChange_purple","floor":49.0,"key":"SMITH"},{"data":"Know_ledgeAbilityRealm_purple","floor":55.0,"key":"SMITH"},{"data":"Fantasy_PerpetualMotionMachine_purple","floor":57.0,"key":"SMITH"}],"circlet_count":0,"master_deck":["Defend_purpleEX","Defend_purpleEX","Defend_purpleEX","Defend_purpleEX","Observe_purple_2+1","DimensionStaggered_purple","SharpContractionReality_purple+1","Fantasy_PerpetualMotionMachine_purple+1","Fantasy_PerpetualMotionMachine_purple","OpenedBox_purple","MonsterNeedle_purple+1","Know_ledgeAbilityRealm_purple+1","WangLiang_LineAndCurveDreams_purple","Fantasy_PerpetualMotionMachine_purple","Human_Monster_Realm_purple+1","WeekHit_purple+1","ContainerChange_purple+1","Gensokyo:PrivateSquare","EighthInstrument_OneDividesIntoTwo_purple","RuleDissolution_purple+1","Pot Of Greed+1","Pot Of Greed+1","Know_ledgeAbilityRealm_purple+1","Erosivefilter_purple+1","StretchesForeverDream_purple+1","Pot Of Greed+1"],"relics":["Boundary_crack","Memoryfragments_purpleEX","Toy Ornithopter","Happy Flower","Replay:Mystery Machine","Gremlin Food","Strawberry","Black Star","Divine Protection","Pantograph","Pen Nib","Replay:Bottled Flurry","Snack Pack","MealTicket","Gensokyo:ConquerorOfFear","SacredBark","Replay:Bandana","Replay:Multitool","Toxic Egg 2","PreservedInsect","Gensokyo:EmptyGrave","Grinning Jar","Replay:Baseball","paleoftheancients:Timepiece","paleoftheancients:KeyRelic","Sozu","Bronze Scales","paleoftheancients:SoulOfTheWokeBloke","Ring of Greed","Membership Card","MawBank","Ring of Fury"],"acts_visited":["Gensokyo:Gensokyo","Gensokyo:Gensokyoer","Gensokyo:Gensokyoest","paleoftheancients:PaleOfTheAncients"],"potions_floor_usage":[],"damage_taken":[{"damage":3.0,"enemies":"Gensokyo:Gryphon","floor":1.0,"turns":4.0},{"damage":0.0,"enemies":"Gensokyo:2_Kodama","floor":2.0,"turns":4.0},{"damage":1.0,"enemies":"Gensokyo:Python","floor":4.0,"turns":3.0},{"damage":26.0,"enemies":"Gensokyo:Mamizou","floor":6.0,"turns":9.0},{"damage":38.0,"enemies":"Gensokyo:Cirno","floor":8.0,"turns":8.0},{"damage":5.0,"enemies":"Gensokyo:CorruptedTreant","floor":10.0,"turns":3.0},{"damage":7.0,"enemies":"Gensokyo:Mamizou","floor":13.0,"turns":9.0},{"damage":6.0,"enemies":"Gensokyo:2_Rabbits","floor":14.0,"turns":5.0},{"damage":18.0,"enemies":"Gensokyo:Yukari","floor":16.0,"turns":9.0},{"damage":3.0,"enemies":"Gensokyo:Chomper","floor":18.0,"turns":5.0},{"damage":1.0,"enemies":"Gensokyo:AngelMirror","floor":21.0,"turns":8.0},{"damage":32.0,"enemies":"Gensokyo:Koishi","floor":23.0,"turns":4.0},{"damage":0.0,"enemies":"Gensokyo:Wraith","floor":24.0,"turns":4.0},{"damage":14.0,"enemies":"Gensokyo:Swordslinger","floor":25.0,"turns":4.0},{"damage":7.0,"enemies":"Gensokyo:Slime_Group","floor":27.0,"turns":7.0},{"damage":0.0,"enemies":"Gensokyo:Tenshi","floor":28.0,"turns":6.0},{"damage":17.0,"enemies":"Gensokyo:Kaguya","floor":33.0,"turns":12.0},{"damage":20.0,"enemies":"Gensokyo:3_Boulders","floor":35.0,"turns":8.0},{"damage":16.0,"enemies":"Gensokyo:AncientGuardian","floor":36.0,"turns":7.0},{"damage":6.0,"enemies":"Gensokyo:Marisa","floor":40.0,"turns":10.0},{"damage":3.0,"enemies":"Gensokyo:Sharpion","floor":41.0,"turns":5.0},{"damage":33.0,"enemies":"Gensokyo:Kasen","floor":42.0,"turns":6.0},{"damage":0.0,"enemies":"Gensokyo:AtlasGolem","floor":45.0,"turns":6.0},{"damage":22.0,"enemies":"Gensokyo:Rafflesia","floor":46.0,"turns":8.0},{"damage":12.0,"enemies":"Gensokyo:3_Boulders","floor":48.0,"turns":8.0},{"damage":0.0,"enemies":"Gensokyo:Yuyuko","floor":50.0,"turns":5.0},{"damage":23.0,"enemies":"Gensokyo:Yuyuko","floor":51.0,"turns":7.0},{"damage":0.0,"enemies":"Gensokyo:Yuyuko","floor":52.0,"turns":4.0},{"damage":0.0,"enemies":"Gensokyo:Yuyuko","floor":56.0,"turns":6.0}],"seed_played":"4211799187234511331","potions_obtained":[{"floor":4.0,"key":"Swift Potion"},{"floor":6.0,"key":"Fruit Juice"},{"floor":16.0,"key":"SteroidPotion"},{"floor":18.0,"key":"Swift Potion"},{"floor":42.0,"key":"SteroidPotion"},{"floor":48.0,"key":"Flashbang"}],"is_trial":false,"path_per_floor":["M","M","?","M","$","E","?","E","T","M","R","?","E","M","R","B",null,"M","?","?","M","T","E","M","M","T","M","E","R","$","?","R","B",null,"M","M","?","?","?","E","M","E","T","?","M","M","$","M","R","B","M","M","?","$","R","M","R","T"],"character_chosen":"Youkari","items_purchased":["Fantasy_PerpetualMotionMachine_purple","Grinning Jar","Replay:Baseball","Know_ledgeAbilityRealm_purple+1","Erosivefilter_purple+1"],"campfire_rested":0,"item_purchase_floors":[5,47,47,47,47],"current_hp_per_floor":[70,70,70,69,69,55,55,21,21,21,21,21,26,23,23,8,82,82,82,82,82,82,54,57,45,45,39,42,42,57,57,57,71,82,65,58,58,58,58,55,57,34,34,34,39,22,75,64,64,76,73,76,76,76,76,76,76,76,76],"gold":119,"neow_bonus":"THREE_CARDS","is_daily":false,"chose_seed":false,"campfire_upgraded":6,"win_rate":0.0,"timestamp":1609566327,"path_taken":["M","M","?","?","$","E","?","E","T","M","R","?","E","?","R","BOSS","M","?","?","?","?","E","M","M","T","M","E","R","$","?","R","BOSS","M","M","?","?","?","E","M","E","T","?","M","M","$","?","R","BOSS","M","M","?","$","R","M","R","T"],"items_purchased_type":["Card","Relic","Relic","Card","Card"],"build_version":"2020-12-22","purchased_purges":4,"victory":false,"max_hp_per_floor":[70,70,70,70,70,75,75,75,75,75,75,75,82,82,82,82,82,82,82,82,82,82,82,82,82,82,82,82,82,82,82,82,82,82,82,82,82,82,82,82,82,82,82,76,76,76,76,76,76,76,76,76,76,76,76,76,76,76,76],"relic_stats":{"Sozu":0,"Happy Flower":[54],"counters":[29,184],"Pantograph":28,"Bronze Scales":[84],"MealTicket":30,"Pen Nib":[12],"PreservedInsect":0,"Black Star":4,"MawBank":12,"obtain_stats":[{"Divine Protection":22,"SacredBark":34,"Gensokyo:UndefinedDarkness":31,"Replay:Multitool":40,"Replay:Mystery Machine":8,"Sozu":50,"Frozen Eye":23,"Replay:Bandana":40,"Strawberry":13,"Pantograph":23,"MealTicket":28,"Replay:Bottled Flurry":26,"Toxic Egg 2":42,"Gremlin Food":9,"paleoftheancients:KeyRelic":50,"Happy Flower":7,"Pen Nib":23,"PreservedInsect":42,"Boundary_crack":0,"Gensokyo:ConquerorOfFear":33,"Ring of Greed":53,"MawBank":53,"paleoftheancients:Timepiece":50,"Gensokyo:EmptyGrave":44,"Replay:Baseball":47,"paleoftheancients:SoulOfTheWokeBloke":51,"Bronze Scales":50,"Ring of Fury":53,"Black Star":17,"Snack Pack":28,"Membership Card":53,"Grinning Jar":47,"Toy Ornithopter":6,"Memoryfragments_purpleEX":0},{"Divine Protection":11,"SacredBark":17,"Gensokyo:UndefinedDarkness":16,"Replay:Multitool":20,"Replay:Mystery Machine":5,"Sozu":26,"Frozen Eye":11,"Replay:Bandana":20,"Strawberry":7,"Pantograph":12,"MealTicket":16,"Replay:Bottled Flurry":14,"Toxic Egg 2":22,"Gremlin Food":5,"paleoftheancients:KeyRelic":26,"Happy Flower":4,"Pen Nib":12,"PreservedInsect":22,"Boundary_crack":0,"Gensokyo:ConquerorOfFear":17,"Ring of Greed":28,"MawBank":28,"paleoftheancients:Timepiece":26,"Gensokyo:EmptyGrave":22,"Replay:Baseball":24,"paleoftheancients:SoulOfTheWokeBloke":27,"Bronze Scales":26,"Ring of Fury":28,"Black Star":9,"Snack Pack":16,"Membership Card":28,"Grinning Jar":24,"Toy Ornithopter":4,"Memoryfragments_purpleEX":0},{"Divine Protection":67,"SacredBark":104,"Gensokyo:UndefinedDarkness":92,"Replay:Multitool":129,"Replay:Mystery Machine":28,"Sozu":167,"Frozen Eye":67,"Replay:Bandana":129,"Strawberry":40,"Pantograph":71,"MealTicket":92,"Replay:Bottled Flurry":79,"Toxic Egg 2":140,"Gremlin Food":28,"paleoftheancients:KeyRelic":167,"Happy Flower":20,"Pen Nib":71,"PreservedInsect":140,"Boundary_crack":0,"Gensokyo:ConquerorOfFear":104,"Ring of Greed":178,"MawBank":178,"paleoftheancients:Timepiece":167,"Gensokyo:EmptyGrave":140,"Replay:Baseball":154,"paleoftheancients:SoulOfTheWokeBloke":174,"Bronze Scales":167,"Ring of Fury":178,"Black Star":54,"Snack Pack":92,"Membership Card":178,"Grinning Jar":154,"Toy Ornithopter":20,"Memoryfragments_purpleEX":0}],"Toy Ornithopter":15},"card_choices":[{"not_picked":["RuleDissolution_purple","MNeedle_purple"],"picked":"DimensionStaggered_purple","floor":0.0},{"not_picked":["Line_surface_state_purple","Mirror_FormAndEmptin_purple","Realm_recovery_purpleEX"],"picked":"SKIP","floor":1.0},{"not_picked":["Boundary_DreamRealityDamnation_purple","Photoelasticity_Doppler_Effect_purple"],"picked":"MNeedle_purple","floor":2.0},{"not_picked":["Fantasy_PerpetualMotionMachine_purple","StateDuplicate_purple"],"picked":"SharpContractionReality_purple","floor":4.0},{"not_picked":["ExternalForce_HighSpeedFlying_purple","Boundary_of_Extermination_purpleEX"],"picked":"Photoelasticity_Doppler_Effect_purple","floor":6.0},{"not_picked":["Anti_communist_purple","Bait_HighSpeedFlying_purple"],"picked":"OpenedBox_purple","floor":8.0},{"not_picked":["Realm_recovery_purpleEX","Mirror_Drifter_purple","Charmbait_purple"],"picked":"SKIP","floor":10.0},{"not_picked":["Shallow_ocean_purpleEX","SfantasyHide_purple","Worldmountain_purple"],"picked":"SKIP","floor":13.0},{"not_picked":["Extrememeaning_purpleEX","Charmbait_purple","StateErode_purple"],"picked":"SKIP","floor":14.0},{"not_picked":["WasteWire_Metro_purple","Computing_the_future_purpleEX"],"picked":"Know_ledgeAbilityRealm_purple","floor":16.0},{"not_picked":["ExternalForce_HighSpeedFlying_purple+1","SharpContractionReality_purple","AdvanceAttack_purple+1"],"picked":"SKIP","floor":18.0},{"not_picked":["RuptureOfTimeAndSpace_purple","MeetDecomposer_purple"],"picked":"Fantasy_PerpetualMotionMachine_purple","floor":21.0},{"not_picked":["Boundary_LightAndDark_purple","Anti_communist_purple"],"picked":"Human_Monster_Realm_purple","floor":23.0},{"not_picked":["DimensionStaggered_purple","Line_surface_state_purple"],"picked":"WeekHit_purple+1","floor":24.0},{"not_picked":["Charmbait_purple","Fantasy_PerpetualMotionMachine_purple","DimensionStaggered_purple"],"picked":"SKIP","floor":25.0},{"not_picked":["Worldmountain_purple","SharpContractionReality_purple","AdvanceAttack_purple"],"picked":"SKIP","floor":27.0},{"not_picked":["StateDuplicate_purple","SfantasyHide_purple+1","Boundary_DreamRealityDamnation_purple"],"picked":"SKIP","floor":28.0},{"not_picked":["UniverseChoice_purple","Know_ledgeAbilityRealm_purple"],"picked":"ContainerChange_purple","floor":33.0},{"not_picked":["Umbrella_purple","ExistenceContinue_purple","Extrememeaning_purpleEX+1"],"picked":"SKIP","floor":35.0},{"not_picked":["Line_surface_state_purple+1","Extrememeaning_purpleEX+1","DimensionStaggered_purple"],"picked":"SKIP","floor":36.0},{"not_picked":["AdvanceAttack_purple","RuleDissolution_purple"],"picked":"EighthInstrument_OneDividesIntoTwo_purple","floor":40.0},{"not_picked":["EighthInstrument_OneDividesIntoTwo_purple+1","Umbrella_purple+1","StateDuplicate_purple+1"],"picked":"SKIP","floor":41.0},{"not_picked":["Shallow_ocean_purpleEX","RealityDreamConfluencek_purple+1"],"picked":"RuleDissolution_purple+1","floor":42.0},{"not_picked":["Mirror_WaveAndshot_purple+1","PurpleNeedle_purple+1","Worldmountain_purple+1"],"picked":"SKIP","floor":45.0},{"not_picked":["ExistenceContinue_purple+1","Boundary_of_Extermination_purpleEX+1","AdvanceAttack_purple+1"],"picked":"SKIP","floor":46.0},{"not_picked":["MetroBOOM_purple+1","Line_surface_state_purple+1","Theboundaryofcreation_purpleEX+1"],"picked":"SKIP","floor":48.0},{"not_picked":["Photoelasticity_Doppler_Effect_purple","MNeedle_purple","Mirror_FormAndEmptin_purple+1"],"picked":"SKIP","floor":51.0},{"not_picked":["Realm_recovery_purpleEX+1","Fantasy_PerpetualMotionMachine_purple+1"],"picked":"StretchesForeverDream_purple+1","floor":52.0},{"not_picked":["ButterflyHabitatTemple_purple+1","Shallow_ocean_purpleEX+1","WorldDissolvedintheRealm_purple"],"picked":"SKIP","floor":56.0}],"player_experience":10270,"relics_obtained":[{"floor":6.0,"key":"Toy Ornithopter"},{"floor":8.0,"key":"Replay:Mystery Machine"},{"floor":9.0,"key":"Gremlin Food"},{"floor":13.0,"key":"Strawberry"},{"floor":22.0,"key":"Divine Protection"},{"floor":23.0,"key":"Pantograph"},{"floor":23.0,"key":"Pen Nib"},{"floor":26.0,"key":"Replay:Bottled Flurry"},{"floor":28.0,"key":"Snack Pack"},{"floor":28.0,"key":"MealTicket"},{"floor":33.0,"key":"Gensokyo:ConquerorOfFear"},{"floor":40.0,"key":"Replay:Bandana"},{"floor":40.0,"key":"Replay:Multitool"},{"floor":42.0,"key":"Toxic Egg 2"},{"floor":42.0,"key":"PreservedInsect"},{"floor":51.0,"key":"paleoftheancients:SoulOfTheWokeBloke"},{"floor":52.0,"key":"paleoftheancients:SoulOfTheShapes"},{"floor":53.0,"key":"Ring of Greed"},{"floor":53.0,"key":"Membership Card"},{"floor":53.0,"key":"MawBank"},{"floor":53.0,"key":"Ring of Fury"}],"event_choices":[],"is_beta":false,"boss_relics":[{"not_picked":["Replay:Wanted Poster","ChewingGum"],"picked":"Black Star"},{"not_picked":["ReplayTheSpireMod:Onyx Gauntlets","Velvet Choker"],"picked":"SacredBark"}],"items_purged_floors":[5,30,47,54],"is_endless":false,"potions_floor_spawned":[4,6,16,18,21,23,28,33,42,46,48,51],"ascension_level":0}}