{"host":"w9yruvs4bqht6bhw","time":1609624910,"event":{"mods":["BaseMod","Colored Powertips","Minty Spire (QoL Compilation)"],"gold_per_floor":[118,118,118,13,26,59,84,128,153,171,171,194,194,208,208,334,334,373,387,408,209,209,209,225,225,250,269,269],"floor_reached":27,"playtime":765,"items_purged":["Brutality"],"score":340,"play_id":"5febdd86-67c5-4c79-b982-ec5fd10e25d2","local_time":"20210102170150","is_ascension_mode":true,"campfire_choices":[{"data":"Clash","floor":11,"key":"SMITH"},{"data":"Defend_R","floor":13,"key":"SMITH"},{"data":"Rampage","floor":15,"key":"SMITH"},{"data":"Whirlwind","floor":23,"key":"SMITH"},{"floor":25,"key":"REST"}],"circlet_count":0,"master_deck":["Bash","Armaments","Cleave","Clash+1","Rampage+1","Pommel Strike","Spot Weakness","Iron Wave","Immolate","Havoc","Battle Trance","Searing Blow","Evolve","Whirlwind+1","Pummel","Brutality","Shrug It Off","Rampage","Rampage"],"relics":["Burning Blood","NeowsBlessing","Golden Idol","Happy Flower","Oddly Smooth Stone","Blood Vial","Pandora\u0027s Box","Lantern"],"acts_visited":["Exordium","TheCity"],"potions_floor_usage":[6,6,8,10,16,18,24,24],"damage_taken":[{"damage":0,"enemies":"Jaw Worm","floor":1,"turns":1},{"damage":0,"enemies":"2 Louse","floor":5,"turns":1},{"damage":0,"enemies":"Gremlin Nob","floor":6,"turns":1},{"damage":0,"enemies":"Cultist","floor":7,"turns":2},{"damage":30,"enemies":"Lagavulin","floor":8,"turns":4},{"damage":10,"enemies":"Lots of Slimes","floor":10,"turns":3},{"damage":5,"enemies":"Looter","floor":12,"turns":2},{"damage":5,"enemies":"Exordium Thugs","floor":14,"turns":4},{"damage":10,"enemies":"Slime Boss","floor":16,"turns":8},{"damage":11,"enemies":"2 Thieves","floor":18,"turns":2},{"damage":6,"enemies":"Chosen","floor":19,"turns":4},{"damage":18,"enemies":"3 Cultists","floor":20,"turns":3},{"damage":42,"enemies":"Centurion and Healer","floor":24,"turns":6},{"damage":60,"enemies":"Snake Plant","floor":27,"turns":6}],"seed_played":"2850746448187542967","potions_obtained":[{"floor":5,"key":"PowerPotion"},{"floor":6,"key":"BlessingOfTheForge"},{"floor":7,"key":"GamblersBrew"},{"floor":12,"key":"DuplicationPotion"},{"floor":16,"key":"ColorlessPotion"},{"floor":20,"key":"LiquidBronze"},{"floor":24,"key":"FairyPotion"}],"is_trial":false,"path_per_floor":["M","?","?","$","M","E","M","E","T","M","R","M","R","M","R","B",null,"M","M","M","$","?","R","M","R","T","M"],"character_chosen":"IRONCLAD","items_purchased":["CultistPotion","AttackPotion","ElixirPotion"],"campfire_rested":1,"item_purchase_floors":[4,21,21],"current_hp_per_floor":[78,71,71,71,74,74,74,50,50,48,48,51,51,54,54,52,69,66,68,58,58,52,52,18,40,40,12,12],"gold":269,"neow_bonus":"THREE_ENEMY_KILL","is_daily":false,"chose_seed":false,"campfire_upgraded":4,"win_rate":0.0,"timestamp":1609624910,"path_taken":["M","?","?","?","?","E","M","E","T","M","R","M","R","M","R","BOSS","M","M","M","?","?","R","M","R","T","M"],"items_purchased_type":["Potion","Potion","Potion"],"build_version":"2020-12-22","purchased_purges":1,"victory":false,"max_hp_per_floor":[80,80,74,74,74,74,74,74,74,74,74,74,74,74,74,74,74,74,74,74,74,74,74,74,74,74,74,74],"card_choices":[{"not_picked":["Havoc","Body Slam"],"picked":"Armaments","floor":1},{"not_picked":["Searing Blow","Seeing Red"],"picked":"Cleave","floor":5},{"not_picked":["Carnage","Wild Strike"],"picked":"Clash","floor":6},{"not_picked":["Evolve","Clothesline"],"picked":"Rampage","floor":7},{"not_picked":["Battle Trance","Havoc"],"picked":"Pommel Strike","floor":8},{"not_picked":["Flame Barrier","Shrug It Off"],"picked":"Spot Weakness","floor":10},{"not_picked":["Pummel","Battle Trance"],"picked":"Iron Wave","floor":12},{"not_picked":["Reckless Charge","Twin Strike","True Grit"],"picked":"SKIP","floor":14},{"not_picked":["Offering","Demon Form"],"picked":"Immolate","floor":16},{"not_picked":["Thunderclap+1","Intimidate+1"],"picked":"Shrug It Off","floor":18},{"not_picked":["Fire Breathing+1","Armaments","Iron Wave"],"picked":"SKIP","floor":19},{"not_picked":["Perfected Strike","Headbutt"],"picked":"Rampage","floor":20},{"not_picked":["Anger+1","Havoc"],"picked":"Rampage","floor":24},{"not_picked":["Entrench+1","Hemokinesis","Havoc"],"picked":"SKIP","floor":27}],"player_experience":270677,"relics_obtained":[{"floor":6,"key":"Happy Flower"},{"floor":8,"key":"Oddly Smooth Stone"},{"floor":9,"key":"Blood Vial"},{"floor":26,"key":"Lantern"}],"event_choices":[{"cards_removed":["Defend_R"],"damage_healed":0,"gold_gain":0,"player_choice":"Card Removal","damage_taken":7,"max_hp_gain":0,"max_hp_loss":0,"event_name":"Golden Wing","floor":2,"gold_loss":0},{"damage_healed":0,"gold_gain":0,"player_choice":"Lose Max HP","damage_taken":0,"relics_obtained":["Golden Idol"],"max_hp_gain":0,"max_hp_loss":6,"event_name":"Golden Idol","floor":3,"gold_loss":0},{"damage_healed":0,"gold_gain":0,"player_choice":"","damage_taken":6,"max_hp_gain":0,"max_hp_loss":0,"event_name":"Knowing Skull","floor":22,"potions_obtained":[],"gold_loss":0,"cards_obtained":[]}],"is_beta":false,"boss_relics":[{"not_picked":["Sozu","Astrolabe"],"picked":"Pandora\u0027s Box"}],"items_purged_floors":[21],"is_endless":false,"potions_floor_spawned":[5,6,7,12,16,20,24],"killed_by":"Snake Plant","ascension_level":7}}