{"host":"mytek2nu1hrzdnew","time":1609625007,"event":{"mods":["Aspiration","BaseMod","Conspire","Evolution","GifTheSpireLib","Gold Saver","Hubris","Minty Spire (QoL Compilation)","Replay The Spire","StSLib","Stuff the Spire","Uncapped"],"gold_per_floor":[377,387,387,400,420,420,420,73,96,119,147,160,42,77,77,175,175,189,199,199,211,223,223,257,29,53,53,53],"floor_reached":27,"playtime":902,"items_purged":[],"score":333,"play_id":"308dd10c-530a-487c-9f67-9972e7d0b421","local_time":"20210102170327","is_ascension_mode":true,"campfire_choices":[{"data":"Zap","floor":6,"key":"SMITH"},{"floor":15,"key":"REST"},{"floor":23,"key":"REST"}],"circlet_count":0,"master_deck":["Rebound","Rebound","Rebound","Rebound","Defend_B","Defend_B","Defend_B","Zap+1","Genetic Algorithm+1","Static Discharge+1","StuffTheSpire:Plugnplay","Ball Lightning","Go for the Eyes","Defragment","Loop","Electrodynamics","Creative AI","Self Repair","Sweeping Beam","Consume","Electrodynamics"],"relics":["Cracked Core","EVO:Axolotl","Nunchaku","Guide Book","Bronze Scales","StuffTheSpire:Gunfinga","Omamori","aspiration:FrozenJewel","hubris:SlimyHat","aspiration:SecretTechniqueScroll","Golden Egg","Orichalcum","conspire:TopHat"],"acts_visited":["Exordium","TheCity"],"potions_floor_usage":[5,14,14,14,27],"damage_taken":[{"damage":5,"enemies":"Cultist","floor":1,"turns":3},{"damage":0,"enemies":"Small Slimes","floor":2,"turns":3},{"damage":7,"enemies":"Jaw Worm","floor":4,"turns":3},{"damage":1,"enemies":"Blue Slaver","floor":5,"turns":3},{"damage":12,"enemies":"Gremlin Nob","floor":11,"turns":3},{"damage":2,"enemies":"3 Louse","floor":12,"turns":2},{"damage":0,"enemies":"3 Sentries","floor":14,"turns":4},{"damage":16,"enemies":"The Guardian","floor":16,"turns":7},{"damage":22,"enemies":"Shell Parasite","floor":18,"turns":6},{"damage":12,"enemies":"2 Thieves","floor":19,"turns":2},{"damage":0,"enemies":"3 Cultists","floor":21,"turns":3},{"damage":29,"enemies":"Sentry and Sphere","floor":22,"turns":4},{"damage":33,"enemies":"Book of Stabbing","floor":24,"turns":5},{"damage":13,"enemies":"Centurion and Healer","floor":27,"turns":1}],"seed_played":"-5237951305201158859","potions_obtained":[{"floor":1,"key":"Toxic Potion"},{"floor":2,"key":"Block Potion"},{"floor":4,"key":"LifebloodPotion"}],"is_trial":false,"path_per_floor":["M","M","?","M","M","R","?","$","T","T","E","M","$","E","R","B",null,"M","M","?","M","M","R","E","$","T","M"],"character_chosen":"DEFECT","items_purchased":["Defragment","Guide Book","Bronze Scales","Loop","AttackPotion","Orichalcum","DistilledChaos"],"campfire_rested":2,"item_purchase_floors":[8,8,8,13,13,25,25],"current_hp_per_floor":[70,70,58,51,50,50,43,43,43,43,31,29,29,29,51,35,75,53,41,41,41,12,34,8,8,8,0,0],"gold":53,"neow_bonus":"THREE_CARDS","is_daily":false,"chose_seed":false,"campfire_upgraded":1,"win_rate":0.0,"timestamp":1609625007,"path_taken":["M","M","?","M","M","R","?","$","T","?","E","M","?","E","R","BOSS","M","M","?","?","M","R","E","?","T","M"],"items_purchased_type":["Card","Relic","Relic","Card","Potion","Relic","Potion"],"build_version":"2020-12-22","purchased_purges":0,"victory":false,"max_hp_per_floor":[75,75,75,75,75,75,75,75,75,75,75,75,75,75,75,75,75,75,75,75,75,75,75,75,75,75,75,75],"card_choices":[{"not_picked":["StuffTheSpire:LoadUp","ReplayTheSpireMod:Repulse"],"picked":"Genetic Algorithm","floor":0},{"not_picked":["hubris:Ukulele","Glacier"],"picked":"Static Discharge","floor":1},{"not_picked":["ReplayTheSpireMod:Reroute Power","Redo"],"picked":"StuffTheSpire:Plugnplay","floor":2},{"not_picked":["Redo","Heatsinks"],"picked":"Ball Lightning","floor":4},{"not_picked":["Undo","Panic Button"],"picked":"Go for the Eyes","floor":5},{"not_picked":["ReplayTheSpireMod:Dual Polarity","StuffTheSpire:GlassShard","BasicCrystalCard"],"picked":"SKIP","floor":11},{"not_picked":["Conserve Battery","ReplayTheSpireMod:GoodbyeWorld","StuffTheSpire:LoadUp"],"picked":"SKIP","floor":12},{"not_picked":["Steam","Ball Lightning"],"picked":"Electrodynamics","floor":14},{"not_picked":["hubris:SpecializedCircuitry","ReplayTheSpireMod:Omega Cannon"],"picked":"Creative AI","floor":16},{"not_picked":["Steam Power","BasicCrystalCard+1","Compile Driver"],"picked":"SKIP","floor":18},{"not_picked":["Turbo","Barrage"],"picked":"Self Repair","floor":19},{"not_picked":["Hologram+1","conspire:Rain","Consume"],"picked":"SKIP","floor":21},{"not_picked":["Hologram+1","conspire:Rain"],"picked":"Consume","floor":21},{"not_picked":["Compile Driver","Genetic Algorithm+1"],"picked":"Electrodynamics","floor":22},{"not_picked":["Leap+1","ReplayTheSpireMod:Repulse+1","Redo"],"picked":"SKIP","floor":24}],"player_experience":1003453,"relics_obtained":[{"floor":9,"key":"StuffTheSpire:Gunfinga"},{"floor":10,"key":"Omamori"},{"floor":11,"key":"aspiration:FrozenJewel"},{"floor":14,"key":"hubris:SlimyHat"},{"floor":24,"key":"Golden Egg"},{"floor":26,"key":"conspire:TopHat"}],"event_choices":[{"damage_healed":0,"gold_gain":0,"player_choice":"Success","damage_taken":12,"relics_obtained":["Nunchaku"],"max_hp_gain":0,"max_hp_loss":0,"event_name":"Scrap Ooze","floor":3,"gold_loss":0},{"cards_removed":["Dualcast"],"damage_healed":0,"gold_gain":0,"player_choice":"Card Removal","damage_taken":7,"max_hp_gain":0,"max_hp_loss":0,"event_name":"Golden Wing","floor":7,"gold_loss":0},{"damage_healed":0,"gold_gain":0,"cards_transformed":["Defend_B"],"player_choice":"Transformed","damage_taken":0,"max_hp_gain":0,"max_hp_loss":0,"event_name":"Transmorgrifier","floor":20,"gold_loss":0,"cards_obtained":["Sweeping Beam"]}],"is_beta":false,"boss_relics":[{"not_picked":["Snecko Eye","StuffTheSpire:ModemDavis"],"picked":"aspiration:SecretTechniqueScroll"}],"items_purged_floors":[],"is_endless":false,"potions_floor_spawned":[1,2,4,18,19],"killed_by":"Centurion and Healer","ascension_level":3}}