{"host":"ktg5lwritr12xyhv","time":1609575739,"event":{"mods":["ATMod(阿瑾Mod)","Aspiration","BaseMod","Challenge The Spire","Conspire","Downfall","Hermit","Minty Spire (QoL Compilation)","Quick Restart","Relic Stats","Replay The Spire","Robot Space Explorer","RumiaBox-露米娅的神秘盒子","SIMod","Spicy Shops","StSLib","The Alterego","The Dragon Tamer","vexMod","篝火指南"],"gold_per_floor":[99,117,117,172,188,98,149,174,189,231,156,174,99,122,150,255,255,255,255,355,432,117,127,127,155,180,191,257,299,299,332,348,450,450,450,467,486,497,563,590,629,566,590,630,642,673,685,708,738,750],"floor_reached":51,"playtime":4459,"items_purged":["hexamod:Defend","Decay"],"score":1119,"play_id":"80c84ab3-ef77-4fc7-931e-98df97799664","local_time":"20210102162219","is_ascension_mode":false,"campfire_choices":[{"data":"hexamod:Strike","floor":1.0,"key":"PURGE"},{"floor":11.0,"key":"RECALL"},{"data":"hexamod:Float","floor":13.0,"key":"SMITH"},{"data":"hexamod:GhostOfSpirePresent","floor":18.0,"key":"SMITH"},{"floor":30.0,"key":"REST"},{"data":"hexamod:GhostOfSpirePast","floor":35.0,"key":"SMITH"},{"data":"hexamod:SkipABeat","floor":42,"key":"SMITH"},{"data":"hexamod:FastForward","floor":45,"key":"SMITH"},{"data":"hexamod:ParanormalForm","floor":47,"key":"SMITH"}],"circlet_count":0,"master_deck":["hexamod:Strike+1","hexamod:Strike+1","hexamod:Defend","hexamod:Defend+1","hexamod:Defend","hexamod:Sear+1","hexamod:Float+1","hexamod:CatchUp+1","hexamod:ThermalTransfer+1","hexamod:GhostOfSpirePresent+1","hexamod:FastForward","hexamod:NightmareGuise","hexamod:GhostOfSpireFuture","hexamod:EmpoweredFlame","hexamod:RetreatToShadows+1","hexamod:Hexaguard+1","hexamod:FastForward+1","hexamod:ExtraCrispy+1","hexamod:BacktrackSmack+1","hexamod:InspiringFlames","hexamod:SkipABeat+1","hexamod:GiftsFromTheDead","hexamod:EtherealExpedition","hexamod:GhostflameInferno","hexamod:GhostflameBarrier","hexamod:ExtraCrispy","hexamod:ExtraCrispy","hexamod:GhostOfSpirePast+1","hexamod:TimeOfNeed+1","hexamod:EtherealExpedition+1","hexamod:EmpoweringStance","hexamod:BurningTouch","hexamod:RainOfEmbers+1","hexamod:AdvancingGuard","hexamod:FastForward","hexamod:Rewind+1","hexamod:PowerFromBeyond","hexamod:ParanormalForm+1","hexamod:GhostOfSpirePast+1","hexamod:StepThrough+1"],"relics":["hexamod:SpiritBrand","AT_ATBox","Orichalcum","Pen Nib","Bronze Scales","Unceasing Top","ReplayTheSpireMod:Shallot","downfall:HeartBlessingGreen","downfall:HeartBlessingRed","conspire:RunicOctahedron","downfall:CloakOfManyFaces","CultistMask","FaceOfCleric","NlothsMask","GremlinMask","SsserpentHead","AT_ChloranthyRing","Orrery","Gremlin Food","hexamod:TheBrokenSeal","Whetstone","Painkiller Herb","MawBank","downfall:HeartBlessingBlue","MealTicket"],"acts_visited":["Exordium","TheCity","TheBeyond"],"potions_floor_usage":[40,50],"damage_taken":[{"damage":0.0,"enemies":"Small Slimes","floor":2.0,"turns":3.0},{"damage":0.0,"enemies":"Jaw Worm","floor":5.0,"turns":3.0},{"damage":4.0,"enemies":"downfall:FleeingMerchant","floor":6.0,"turns":4.0},{"damage":3.0,"enemies":"Lagavulin","floor":8.0,"turns":7.0},{"damage":0.0,"enemies":"conspire:RoseBush","floor":9.0,"turns":3.0},{"damage":16.0,"enemies":"3 Sentries","floor":10.0,"turns":5.0},{"damage":0.0,"enemies":"Lots of Slimes","floor":12.0,"turns":4.0},{"damage":0.0,"enemies":"Gremlin Gang","floor":14.0,"turns":6.0},{"damage":3.0,"enemies":"Lots of Slimes","floor":15.0,"turns":4.0},{"damage":6.0,"enemies":"downfall:Ironclad","floor":16.0,"turns":6.0},{"damage":0.0,"enemies":"3 Byrds","floor":19.0,"turns":2.0},{"damage":9.0,"enemies":"downfall:FaceTrader","floor":20.0,"turns":11.0},{"damage":1.0,"enemies":"conspire:HollyBat","floor":21.0,"turns":9.0},{"damage":0.0,"enemies":"downfall:FleeingMerchant","floor":22.0,"turns":4.0},{"damage":19.0,"enemies":"Shelled Parasite and Fungi","floor":23.0,"turns":6.0},{"damage":11.0,"enemies":"Snecko","floor":25.0,"turns":8.0},{"damage":5.0,"enemies":"Cultist and Chosen","floor":26.0,"turns":6.0},{"damage":7.0,"enemies":"Snake Plant","floor":27.0,"turns":5.0},{"damage":3.0,"enemies":"Snecko","floor":28.0,"turns":5.0},{"damage":14.0,"enemies":"Slavers","floor":29.0,"turns":7.0},{"damage":12.0,"enemies":"conspire:Head Lice","floor":31.0,"turns":9.0},{"damage":0.0,"enemies":"Centurion and Healer","floor":32.0,"turns":6.0},{"damage":0.0,"enemies":"downfall:Defect","floor":33.0,"turns":6.0},{"damage":0.0,"enemies":"Orb Walker","floor":36.0,"turns":2.0},{"damage":3.0,"enemies":"3 Shapes","floor":37.0,"turns":4.0},{"damage":0.0,"enemies":"Maw","floor":38.0,"turns":6.0},{"damage":3.0,"enemies":"Writhing Mass","floor":39.0,"turns":3.0},{"damage":11,"enemies":"Reptomancer","floor":40,"turns":4},{"damage":10,"enemies":"Sphere and 2 Shapes","floor":43,"turns":4},{"damage":3,"enemies":"Nemesis","floor":44,"turns":5},{"damage":3,"enemies":"Maw","floor":46,"turns":6},{"damage":3,"enemies":"Jaw Worm Horde","floor":48,"turns":6},{"damage":5,"enemies":"3 Darklings","floor":49,"turns":5},{"damage":0,"enemies":"downfall:Watcher","floor":50,"turns":5}],"seed_played":"-2000091180160031342","potions_obtained":[{"floor":6.0,"key":"Guardian:BlockOnCardUsePotion"},{"floor":8.0,"key":"PowerPotion"},{"floor":9.0,"key":"DuplicationPotion"},{"floor":9.0,"key":"Milkshake"},{"floor":10.0,"key":"DistilledChaos"},{"floor":12.0,"key":"conspire:TimeTravelPotion"},{"floor":12.0,"key":"Explosive Potion"},{"floor":14.0,"key":"Doom Potion"},{"floor":14.0,"key":"ColorlessPotion"},{"floor":15.0,"key":"SkillPotion"},{"floor":16.0,"key":"Elixir"},{"floor":16.0,"key":"SmokeBomb"},{"floor":20.0,"key":"Fire Potion"},{"floor":22.0,"key":"Strength Potion"},{"floor":25.0,"key":"Explosive Potion"},{"floor":26.0,"key":"Adrenaline Potion"},{"floor":28.0,"key":"Energy Potion"},{"floor":29.0,"key":"Cursed Concoction"},{"floor":31.0,"key":"Elixir"},{"floor":32.0,"key":"Fire Potion"},{"floor":33.0,"key":"Strength Potion"},{"floor":36.0,"key":"Swift Potion"},{"floor":38.0,"key":"Adrenaline Potion"},{"floor":40,"key":"Fire Potion"},{"floor":43,"key":"FearPotion"}],"is_trial":false,"path_per_floor":["R","M","?","T","M","$","T","E","M","E","R","M","R","M","M","B",null,"R","M","?","M","$","M","T","M","M","M","M","E","R","E","M","B",null,"T","?","?","?","?","E","T","T","?","E","T","?","T","?","?","B",null],"character_chosen":"THE_SPIRIT","items_purchased":["AT_ChloranthyRing","Orrery"],"campfire_rested":1,"item_purchase_floors":[22,22],"current_hp_per_floor":[70,70,70,70,70,66,66,63,63,47,47,47,47,47,44,38,70,70,70,61,61,62,53,53,43,39,40,38,25,48,89,90,91,91,91,92,90,91,89,79,79,89,80,78,78,76,76,74,70,71],"gold":762,"neow_bonus":"RANDOM_COMMON_RELIC","is_daily":false,"chose_seed":false,"campfire_upgraded":6,"win_rate":0.0,"timestamp":1609575739,"path_taken":["R","M","?","?","M","$","T","E","M","E","R","M","R","?","M","BOSS","BOSS","R","M","?","?","$","M","T","M","M","M","?","E","R","E","M","BOSS","T","?","?","?","?","E","T","T","?","E","T","?","T","?","?","BOSS"],"items_purchased_type":["Relic","Relic"],"build_version":"2020-12-22","purchased_purges":2,"victory":true,"max_hp_per_floor":[70,70,70,70,70,70,70,70,70,70,70,70,70,70,70,70,70,70,70,70,71,72,73,73,74,75,76,77,78,78,89,90,91,91,91,92,93,94,95,96,96,106,107,108,108,109,109,110,111,112],"relic_stats":{"SsserpentHead":150,"FaceOfCleric":22,"counters":[34,179],"Bronze Scales":[472],"MealTicket":0,"Pen Nib":[15],"Whetstone":["hexamod:ThermalTransfer","hexamod:BacktrackSmack"],"Orichalcum":[90],"MawBank":132,"obtain_stats":[{"AT_ATBox":0,"downfall:HeartBlessingGreen":11,"GremlinMask":20,"Painkiller Herb":34,"Whetstone":31,"SsserpentHead":20,"FaceOfCleric":20,"downfall:HeartBlessingBlue":42,"MealTicket":44,"downfall:CloakOfManyFaces":20,"hexamod:SpiritBrand":0,"AT_ChloranthyRing":22,"Gremlin Food":29,"downfall:HeartBlessingRed":13,"hexamod:TheBrokenSeal":31,"conspire:RunicOctahedron":17,"Pen Nib":4,"Orichalcum":0,"MawBank":40,"ReplayTheSpireMod:Shallot":10,"Bronze Scales":7,"Orrery":22,"CultistMask":20,"Unceasing Top":8,"NlothsMask":20},{"AT_ATBox":0,"downfall:HeartBlessingGreen":6,"GremlinMask":12,"Painkiller Herb":23,"Whetstone":21,"SsserpentHead":12,"FaceOfCleric":12,"downfall:HeartBlessingBlue":28,"MealTicket":30,"downfall:CloakOfManyFaces":12,"hexamod:SpiritBrand":0,"AT_ChloranthyRing":14,"Gremlin Food":20,"downfall:HeartBlessingRed":7,"hexamod:TheBrokenSeal":21,"conspire:RunicOctahedron":10,"Pen Nib":1,"Orichalcum":0,"MawBank":28,"ReplayTheSpireMod:Shallot":6,"Bronze Scales":3,"Orrery":14,"CultistMask":12,"Unceasing Top":4,"NlothsMask":12},{"AT_ATBox":0,"downfall:HeartBlessingGreen":25,"GremlinMask":58,"Painkiller Herb":129,"Whetstone":117,"SsserpentHead":58,"FaceOfCleric":58,"downfall:HeartBlessingBlue":148,"MealTicket":157,"downfall:CloakOfManyFaces":58,"hexamod:SpiritBrand":0,"AT_ChloranthyRing":71,"Gremlin Food":108,"downfall:HeartBlessingRed":29,"hexamod:TheBrokenSeal":115,"conspire:RunicOctahedron":45,"Pen Nib":3,"Orichalcum":0,"MawBank":148,"ReplayTheSpireMod:Shallot":25,"Bronze Scales":10,"Orrery":71,"CultistMask":58,"Unceasing Top":17,"NlothsMask":58}],"Unceasing Top":[0]},"card_choices":[{"not_picked":["hexamod:GhostShield","hexamod:GhostflameBarrier"],"picked":"hexamod:CatchUp","floor":2.0},{"not_picked":["hexamod:HauntingEcho","hexamod:NightmareStrike"],"picked":"hexamod:FourthSeal","floor":5.0},{"not_picked":["hexamod:PowerFromBeyond","hexamod:EmpoweredFlame"],"picked":"hexamod:ThirdSeal","floor":6.0},{"not_picked":["hexamod:ChargedBarrage","hexamod:GhostShield"],"picked":"hexamod:ThermalTransfer","floor":8.0},{"not_picked":["hexamod:SpectersWail","hexamod:GhostLash"],"picked":"hexamod:GhostOfSpirePresent","floor":8.0},{"not_picked":["hexamod:CrushingStance","hexamod:RainOfEmbers"],"picked":"hexamod:FastForward","floor":9.0},{"not_picked":["hexamod:PhantomCloak","hexamod:FastForward"],"picked":"hexamod:SecondSeal","floor":9.0},{"not_picked":["hexamod:SpectersWail","hexamod:HeatShield"],"picked":"hexamod:NightmareGuise","floor":10.0},{"not_picked":["hexamod:SwordOfDarkness","hexamod:NecessarySacrifice","hexamod:GhostOfSpirePresent"],"picked":"SKIP","floor":10.0},{"not_picked":["hexamod:DynamicBlow","hexamod:RainOfEmbers"],"picked":"hexamod:GhostOfSpireFuture","floor":12.0},{"not_picked":["hexamod:ShieldOfDarkness","hexamod:HeatShield"],"picked":"hexamod:EmpoweredFlame","floor":12.0},{"not_picked":["hexamod:BacktrackSmack","hexamod:ShieldOfDarkness"],"picked":"hexamod:RetreatToShadows","floor":14.0},{"not_picked":["hexamod:PhantomFireball","hexamod:SpectersWail","hexamod:HeatShield"],"picked":"SKIP","floor":14.0},{"not_picked":["hexamod:RainOfEmbers","hexamod:PhantomFireball"],"picked":"hexamod:Hexaguard","floor":15.0},{"not_picked":["hexamod:ApocalypticArmor","hexamod:SearingWound"],"picked":"hexamod:SixthSeal","floor":16.0},{"not_picked":["hexamod:ChargedBarrage","hexamod:SwordOfDarkness"],"picked":"hexamod:FastForward","floor":20.0},{"not_picked":["hexamod:Firestarter","hexamod:RainOfEmbers"],"picked":"hexamod:ExtraCrispy+1","floor":20.0},{"not_picked":["hexamod:SearingWound","hexamod:NightmareGuise"],"picked":"hexamod:BacktrackSmack","floor":21.0},{"not_picked":["hexamod:HauntingEcho","hexamod:CatchUp"],"picked":"hexamod:InspiringFlames","floor":21.0},{"not_picked":["hexamod:ApocalypticArmor","hexamod:Hexaguard"],"picked":"hexamod:SkipABeat","floor":22.0},{"not_picked":["hexamod:HeatShield","hexamod:UnleashSpirits"],"picked":"hexamod:GiftsFromTheDead","floor":22.0},{"not_picked":["hexamod:TurnItUp","hexamod:HauntingEcho"],"picked":"hexamod:EtherealExpedition","floor":22.0},{"not_picked":["hexamod:GhostLash+1","hexamod:HeatShield"],"picked":"hexamod:GhostflameInferno","floor":22.0},{"not_picked":["hexamod:BurningTouch","hexamod:RetreatToShadows"],"picked":"hexamod:GhostflameBarrier","floor":22.0},{"not_picked":["hexamod:RainOfEmbers","hexamod:PhantomFireball+1"],"picked":"hexamod:ExtraCrispy","floor":22.0},{"not_picked":["hexamod:RainOfEmbers","hexamod:HeatMetal"],"picked":"hexamod:ExtraCrispy","floor":22.0},{"not_picked":["hexamod:ShieldOfDarkness+1","hexamod:FlamesFromBeyond","hexamod:BacktrackSmack"],"picked":"SKIP","floor":23.0},{"not_picked":["hexamod:Firestarter+1","hexamod:EtherealExpedition"],"picked":"hexamod:GhostOfSpirePast","floor":25.0},{"not_picked":["hexamod:SpectersWail+1","hexamod:InspiringFlames+1"],"picked":"hexamod:TimeOfNeed","floor":25.0},{"not_picked":["hexamod:GhostShield","hexamod:BacktrackSmack"],"picked":"hexamod:EtherealExpedition+1","floor":26.0},{"not_picked":["hexamod:BacktrackSmack","hexamod:GhostOfSpirePast"],"picked":"hexamod:FirstSeal","floor":26.0},{"not_picked":["hexamod:HeatMetal","hexamod:SpectralAdrenaline"],"picked":"hexamod:EmpoweringStance","floor":27.0},{"not_picked":["hexamod:HeatCrush","hexamod:ShieldOfDarkness"],"picked":"hexamod:BurningTouch","floor":27.0},{"not_picked":["hexamod:FastForward","hexamod:InspiringFlames"],"picked":"hexamod:RainOfEmbers+1","floor":28.0},{"not_picked":["hexamod:Hexaguard","hexamod:SwordOfDarkness"],"picked":"hexamod:AdvancingGuard","floor":28.0},{"not_picked":["hexamod:EtherealExpedition","hexamod:ShieldOfDarkness+1"],"picked":"hexamod:FifthSeal","floor":29.0},{"not_picked":["hexamod:InspiringFlames","hexamod:FirstSeal"],"picked":"hexamod:FastForward","floor":29.0},{"not_picked":["hexamod:Firestarter+1","hexamod:HauntingEcho+1"],"picked":"hexamod:Rewind+1","floor":31.0},{"not_picked":["hexamod:DynamicBlow","hexamod:HeatMetal"],"picked":"hexamod:PowerFromBeyond","floor":32.0},{"not_picked":["hexamod:GiftsFromTheDead","hexamod:GhostflameInferno"],"picked":"hexamod:ParanormalForm","floor":33.0},{"not_picked":["hexamod:EmpoweredFlame+1","hexamod:HeatCrush+1","hexamod:RainOfEmbers+1"],"picked":"SKIP","floor":36.0},{"not_picked":["hexamod:InspiringFlames","hexamod:NightmareStrike","hexamod:ThermalTransfer"],"picked":"SKIP","floor":37.0},{"not_picked":["hexamod:HeatCrush+1","hexamod:Hexaguard","hexamod:SpectersWail+1"],"picked":"SKIP","floor":38.0},{"not_picked":["hexamod:GhostShield+1","hexamod:Hexaguard+1","hexamod:HauntingEcho+1"],"picked":"SKIP","floor":39.0},{"not_picked":["hexamod:InspiringFlames","hexamod:Firestarter"],"picked":"hexamod:GhostOfSpirePast+1","floor":40},{"not_picked":["hexamod:Hexaguard+1","hexamod:GhostLash+1","hexamod:HauntingEcho+1"],"picked":"SKIP","floor":43},{"not_picked":["hexamod:BurningTouch","hexamod:InspiringFlames+1","hexamod:HauntingEcho"],"picked":"SKIP","floor":44},{"not_picked":["hexamod:RainOfEmbers+1","hexamod:HauntingEcho","hexamod:ThermalTransfer+1"],"picked":"SKIP","floor":46},{"not_picked":["hexamod:ExtraCrispy+1","hexamod:ChargedBarrage"],"picked":"hexamod:StepThrough+1","floor":48},{"not_picked":["hexamod:ShieldOfDarkness+1","hexamod:GhostLash","hexamod:NightmareStrike+1"],"picked":"SKIP","floor":49}],"player_experience":206181,"relics_obtained":[{"floor":4.0,"key":"Pen Nib"},{"floor":7.0,"key":"Bronze Scales"},{"floor":8.0,"key":"Unceasing Top"},{"floor":10.0,"key":"ReplayTheSpireMod:Shallot"},{"floor":20.0,"key":"downfall:CloakOfManyFaces"},{"floor":29.0,"key":"Gremlin Food"},{"floor":31.0,"key":"Whetstone"},{"floor":40,"key":"MawBank"},{"floor":44,"key":"MealTicket"}],"event_choices":[],"is_beta":false,"boss_relics":[{"not_picked":["AddBug","conspire:SlowCooker"],"picked":"conspire:RunicOctahedron"},{"not_picked":["Pandora\u0027s Box","ReplayTheSpireMod:DimensionalGlitch"],"picked":"Painkiller Herb"}],"items_purged_floors":[6,22],"is_endless":false,"potions_floor_spawned":[9,12,14,15,16,19,26,28,31,32,33,36,38,40,43],"ascension_level":0}}