{"host":"o5or1zybx7au40zl","time":1609610407,"event":{"mods":["Act Like it!","BaseMod","Better Third Choice","Conspire","Dota2Spire","Hubris","Minty Spire (QoL Compilation)","Replay The Spire","StSLib"],"gold_per_floor":[114,114,124,143,159,185,205,225,248,248,248,248],"floor_reached":11,"playtime":241,"items_purged":[],"score":77,"play_id":"c633051d-1dd7-4253-abe1-8dc97383aa37","local_time":"20210102190007","is_ascension_mode":false,"campfire_choices":[],"circlet_count":0,"master_deck":["Strike_R","Strike_R","Strike_R","Strike_R","Defend_R+1","Defend_R","Defend_R+1","Bash","Writhe","Offering","ReplayTheSpireMod:Muscle Training","Clash","Heavy Blade","Whirlwind","Demonic Infusion","Metallicize","Disarm"],"relics":["Burning Blood","hubris:Icosahedron","War Paint","Dota2Spire:EchoSabre"],"acts_visited":["Exordium"],"potions_floor_usage":[6,11],"damage_taken":[{"damage":6,"enemies":"Small Slimes","floor":1,"turns":4},{"damage":4,"enemies":"Jaw Worm","floor":3,"turns":3},{"damage":12,"enemies":"2 Louse","floor":4,"turns":2},{"damage":7,"enemies":"Looter","floor":5,"turns":2},{"damage":29,"enemies":"3 Sentries","floor":6,"turns":6},{"damage":17,"enemies":"Blue Slaver","floor":7,"turns":4},{"damage":22,"enemies":"Gremlin Gang","floor":8,"turns":4},{"damage":35,"enemies":"Gremlin Nob","floor":11,"turns":5}],"seed_played":"-8158357382933773594","potions_obtained":[{"floor":5,"key":"LiquidBronze"},{"floor":6,"key":"Block Potion"}],"is_trial":false,"path_per_floor":["M","?","M","M","M","E","M","M","T","T","E"],"character_chosen":"IRONCLAD","items_purchased":[],"campfire_rested":0,"item_purchase_floors":[],"current_hp_per_floor":[80,80,80,74,73,50,39,23,23,23,0,0],"gold":248,"neow_bonus":"TRANSFORM_TWO_CARDS","is_daily":false,"chose_seed":false,"campfire_upgraded":0,"win_rate":0.0,"timestamp":1609610407,"path_taken":["M","?","M","M","M","E","M","M","T","?","E"],"items_purchased_type":[],"build_version":"2020-12-22","purchased_purges":0,"victory":false,"max_hp_per_floor":[80,80,80,80,80,80,80,80,80,80,80,80],"card_choices":[{"not_picked":["Replay:Undeath\u0027s Touch","ReplayTheSpireMod:Corrosion Curse"],"picked":"Clash","floor":1},{"not_picked":["Armaments","hubris:ReadiedAction"],"picked":"Heavy Blade","floor":3},{"not_picked":["Heavy Blade","Cleave"],"picked":"Whirlwind","floor":4},{"not_picked":["True Grit","Anger","Carnage"],"picked":"SKIP","floor":5},{"not_picked":["Clash","Cleave"],"picked":"Demonic Infusion","floor":6},{"not_picked":["Evolve","True Grit"],"picked":"Metallicize","floor":7},{"not_picked":["Cleave","Replay:Undeath\u0027s Touch"],"picked":"Disarm","floor":8}],"player_experience":918903,"relics_obtained":[{"floor":6,"key":"War Paint"},{"floor":9,"key":"Dota2Spire:EchoSabre"}],"event_choices":[],"is_beta":false,"boss_relics":[],"items_purged_floors":[],"is_endless":false,"potions_floor_spawned":[5,6],"killed_by":"Gremlin Nob","ascension_level":0}}