{"host":"os9owiyb0rak6c8n","time":1609615695,"event":{"mods":["AchievementEnabler","BaseMod","Beaked The Cultist","Better Third Choice","Block Reminder","Colored Map","Colored Powertips","Dio Mod","Minty Spire (QoL Compilation)","Robot Space Explorer","Spicy Shops","StSLib","The Death Knight","The Dragon Tamer"],"gold_per_floor":[216,228,1,0,0,29,49,49,49,68,84,84,61,61,61,164,164,183,183,183,203,10,10,20,20,20,69,69,85,85,414,426,438,438],"floor_reached":33,"playtime":1061,"items_purged":["Strike_B+1"],"score":408,"play_id":"cb4ad07a-52a5-4931-823b-8e7ecd9ed64a","local_time":"20210102202815","is_ascension_mode":true,"campfire_choices":[{"data":"Hologram","floor":8,"key":"SMITH"},{"floor":12,"key":"REST"},{"data":"Go for the Eyes","floor":15,"key":"SMITH"},{"data":"Defragment","floor":23,"key":"SMITH"},{"floor":25,"key":"REST"},{"floor":32,"key":"REST"}],"circlet_count":0,"master_deck":["AscendersBane","Strike_B+1","Strike_B+1","Strike_B+1","Defend_B+1","Defend_B+1","Defend_B+1","Defend_B+1","Zap","Dualcast","Coolheaded","Gash","Rebound","Reboot","Leap","Beam Cell","Hologram+1","Go for the Eyes+1","Gash","Biased Cognition","Defragment+1","Capacitor","White Noise","All For One"],"relics":["Cracked Core","Orrery","Question Card","Dead Branch","Cables","Black Star","CultistMask","Regal Pillow","Omamori","Enchiridion","MawBank","Old Coin"],"acts_visited":["Exordium","TheCity"],"potions_floor_usage":[31,33],"damage_taken":[{"damage":7,"enemies":"Small Slimes","floor":1,"turns":3},{"damage":14,"enemies":"2 Louse","floor":2,"turns":4},{"damage":26,"enemies":"Lagavulin","floor":6,"turns":8},{"damage":0,"enemies":"Cultist","floor":7,"turns":3},{"damage":7,"enemies":"Exordium Thugs","floor":10,"turns":5},{"damage":3,"enemies":"2 Fungi Beasts","floor":11,"turns":4},{"damage":8,"enemies":"Hexaghost","floor":16,"turns":11},{"damage":13,"enemies":"Chosen","floor":18,"turns":6},{"damage":12,"enemies":"Spheric Guardian","floor":21,"turns":4},{"damage":10,"enemies":"Cultist and Chosen","floor":24,"turns":6},{"damage":4,"enemies":"Snake Plant","floor":29,"turns":4},{"damage":29,"enemies":"Slavers","floor":31,"turns":2},{"damage":65,"enemies":"Collector","floor":33,"turns":7}],"seed_played":"1663548806370598223","potions_obtained":[{"floor":1,"key":"AttackPotion"},{"floor":10,"key":"PotionOfCapacity"},{"floor":16,"key":"Ancient Potion"}],"is_trial":false,"path_per_floor":["M","M","$","?","?","E","M","R","T","M","M","R","$","?","R","B",null,"M","?","?","M","$","R","M","R","T","T","?","M","?","E","R","B"],"character_chosen":"DEFECT","items_purchased":["Rebound","Orrery","Gash","Defragment","PowerPotion"],"campfire_rested":3,"item_purchase_floors":[3,3,13,22,22],"current_hp_per_floor":[61,47,47,47,47,21,21,21,21,14,11,33,33,33,33,25,63,50,50,50,38,38,38,28,50,50,50,34,30,55,26,63,0,0],"gold":438,"neow_bonus":"HUNDRED_GOLD","is_daily":false,"chose_seed":false,"campfire_upgraded":3,"win_rate":0.0,"timestamp":1609615695,"path_taken":["M","M","$","?","?","E","?","R","T","M","M","R","?","?","R","BOSS","M","?","?","?","?","R","M","R","T","?","?","M","?","E","R","BOSS"],"items_purchased_type":["Card","Relic","Card","Card","Potion"],"build_version":"2020-12-22","purchased_purges":1,"victory":false,"max_hp_per_floor":[75,75,75,75,75,75,75,75,75,75,75,75,75,75,75,75,75,75,75,75,75,75,75,75,75,75,75,75,75,75,75,75,75,75],"card_choices":[{"not_picked":["Steam Power","Compile Driver"],"picked":"Coolheaded","floor":1},{"not_picked":["Beam Cell","Heatsinks"],"picked":"Gash","floor":2},{"not_picked":["Steam","Self Repair"],"picked":"Reboot","floor":3},{"not_picked":["BootSequence","Rebound"],"picked":"Leap","floor":3},{"not_picked":["Rebound","Self Repair","Stack"],"picked":"Beam Cell","floor":6},{"not_picked":["Beam Cell","Turbo","Coolheaded"],"picked":"Hologram","floor":7},{"not_picked":["Rebound","Creative AI","Conserve Battery"],"picked":"Go for the Eyes","floor":10},{"not_picked":["Aggregate","Stack","Storm","Blizzard"],"picked":"SKIP","floor":11},{"not_picked":["Hyperbeam","Rainbow","Reboot"],"picked":"Biased Cognition","floor":16},{"not_picked":["Genetic Algorithm","Leap","Sweeping Beam","Steam+1"],"picked":"SKIP","floor":18},{"not_picked":["Go for the Eyes","Conserve Battery","Turbo","Beam Cell+1"],"picked":"SKIP","floor":21},{"not_picked":["Recycle","Steam Power","Defragment"],"picked":"Capacitor","floor":24},{"not_picked":["Reprogram+1","Sweeping Beam","Stack"],"picked":"White Noise","floor":29},{"not_picked":["Hello World","Force Field","BootSequence+1"],"picked":"All For One","floor":31}],"player_experience":534435,"relics_obtained":[{"floor":6,"key":"Dead Branch"},{"floor":9,"key":"Cables"},{"floor":26,"key":"Regal Pillow"},{"floor":27,"key":"Omamori"},{"floor":28,"key":"Enchiridion"},{"floor":31,"key":"MawBank"},{"floor":31,"key":"Old Coin"}],"event_choices":[{"damage_healed":0,"gold_gain":0,"player_choice":"Left","damage_taken":0,"max_hp_gain":0,"max_hp_loss":0,"event_name":"betterThird:BetterGoop","floor":4,"gold_loss":1},{"damage_healed":0,"gold_gain":0,"player_choice":"Gave Potion","damage_taken":0,"relics_obtained":["Question Card"],"max_hp_gain":0,"max_hp_loss":0,"event_name":"WeMeetAgain","floor":5,"gold_loss":0},{"damage_healed":0,"gold_gain":0,"player_choice":"LEAVE","damage_taken":0,"max_hp_gain":0,"max_hp_loss":0,"event_name":"betterThird:BetterScrap","floor":14,"gold_loss":0,"cards_obtained":["Intimidate"]},{"damage_healed":0,"gold_gain":0,"player_choice":"Simplicity","damage_taken":0,"max_hp_gain":0,"max_hp_loss":8,"event_name":"betterThird:BetterWriting","floor":19,"gold_loss":0},{"damage_healed":0,"gold_gain":0,"player_choice":"Trade","damage_taken":0,"relics_obtained":["CultistMask"],"max_hp_gain":0,"max_hp_loss":0,"event_name":"FaceTrader","floor":20,"gold_loss":0},{"damage_healed":0,"gold_gain":0,"player_choice":"Obtained Book","damage_taken":16,"max_hp_gain":0,"max_hp_loss":0,"event_name":"Cursed Tome","floor":28,"gold_loss":0},{"damage_healed":25,"gold_gain":0,"player_choice":"Heal","damage_taken":0,"max_hp_gain":0,"max_hp_loss":0,"event_name":"The Library","floor":30,"gold_loss":0}],"is_beta":false,"boss_relics":[{"not_picked":["Philosopher\u0027s Stone","beaked:MawFillet"],"picked":"Black Star"}],"items_purged_floors":[22],"is_endless":false,"potions_floor_spawned":[1,10,16,24,29],"killed_by":"Collector","ascension_level":11}}