{"host":"2pt9f5ojqg0apn28","time":1609557363,"event":{"mods":["AchievementEnabler","BaseMod","Better Altar","Better Match","Better Note","Better Sensory Stone","Better Skull","Better Third Choice","Colored Map","Colored Powertips","Hubris","Infinite Spire","Lobotomy","LobotomyExtend","Minty Spire (QoL Compilation)","Replay The Spire","StSLib"],"gold_per_floor":[164,164,164,164,177,209,209,251,274,274,301,334,334,362,362,478,478,488,488],"floor_reached":18,"playtime":959,"items_purged":[],"score":179,"play_id":"69be3f44-3ec0-43e6-ac3f-f7f47760fdc2","local_time":"20210102101603","is_ascension_mode":true,"campfire_choices":[{"floor":7,"key":"REST"},{"floor":10,"key":"REST"},{"floor":15,"key":"DIG"}],"circlet_count":0,"master_deck":["Strike_G+1","Strike_G","Strike_G","Strike_G","Strike_G","Defend_G","Defend_G","Defend_G","Defend_G","Defend_G+1","Survivor","Neutralize","Hidden Blade","Sucker Punch+1","Dagger Throw","Dash","Flying Knee","After Image"],"relics":["Tiny House","LetterFromLob","Boot","hubris:Icosahedron","Replay:Bandana","hubris:TinFlute","Smiling Mask","Replay:Mystery Machine","Whetstone","hubris:RunicObelisk"],"acts_visited":["Exordium","TheCity"],"potions_floor_usage":[14,16,16],"damage_taken":[{"damage":8,"enemies":"Cultist","floor":1,"turns":5},{"damage":0,"enemies":"2 Louse","floor":5,"turns":3},{"damage":25,"enemies":"Lagavulin","floor":6,"turns":9},{"damage":22,"enemies":"3 Sentries","floor":8,"turns":12},{"damage":0,"enemies":"Small Slimes","floor":11,"turns":3},{"damage":11,"enemies":"3 Louse","floor":12,"turns":4},{"damage":3,"enemies":"Exordium Thugs","floor":14,"turns":3},{"damage":26,"enemies":"Hexaghost","floor":16,"turns":10},{"damage":114,"enemies":"Chosen","floor":18,"turns":3}],"seed_played":"-6801640022686870238","potions_obtained":[{"floor":0,"key":"CultistPotion"},{"floor":6,"key":"GamblersBrew"},{"floor":8,"key":"Fire Potion"},{"floor":14,"key":"Weak Potion"},{"floor":16,"key":"Adrenaline Potion"}],"is_trial":false,"path_per_floor":["M","?","?","?","M","E","R","E","T","R","M","M","T","M","R_BF","B",null,"M"],"character_chosen":"THE_SILENT","items_purchased":[],"campfire_rested":2,"item_purchase_floors":[],"current_hp_per_floor":[67,55,55,55,55,30,52,30,30,52,52,41,41,38,38,12,75,0,0],"gold":488,"neow_bonus":"BOSS_RELIC","is_daily":false,"chose_seed":false,"campfire_upgraded":0,"win_rate":0.0,"timestamp":1609557363,"path_taken":["M","?","?","?","?","E","R","E","T","R","M","M","?","M","R_BF","BOSS","M"],"items_purchased_type":[],"build_version":"2020-12-22","purchased_purges":0,"victory":false,"max_hp_per_floor":[75,75,75,75,75,75,75,75,75,75,75,75,75,75,75,75,75,75,75],"card_choices":[{"not_picked":["Dodge and Roll","Slice"],"picked":"Hidden Blade","floor":0},{"not_picked":["Dagger Throw","Draining Mist"],"picked":"Sucker Punch","floor":1},{"not_picked":["Masterful Stab","Choke","Sneak Up"],"picked":"SKIP","floor":5},{"not_picked":["Sucker Punch","Hidden Blade","Malaise"],"picked":"SKIP","floor":6},{"not_picked":["hubris:SlightOfHand","Leg Sweep"],"picked":"Dagger Throw","floor":8},{"not_picked":["Bouncing Flask","PiercingWail"],"picked":"Dash","floor":11},{"not_picked":["Underhanded Strike","Outmaneuver"],"picked":"Flying Knee","floor":12},{"not_picked":["Dagger Throw","hubris:SlightOfHand","Underhanded Strike"],"picked":"SKIP","floor":14},{"not_picked":["Poison Darts","Atom Bomb"],"picked":"After Image","floor":16}],"player_experience":31759,"relics_obtained":[{"floor":1,"key":"LetterFromLob"},{"floor":6,"key":"Replay:Bandana"},{"floor":8,"key":"hubris:TinFlute"},{"floor":9,"key":"Smiling Mask"},{"floor":13,"key":"Replay:Mystery Machine"},{"floor":15,"key":"Whetstone"}],"event_choices":[{"damage_healed":0,"gold_gain":0,"player_choice":"Relic ","damage_taken":12,"max_hp_gain":0,"max_hp_loss":0,"event_name":"betterThird:BetterScrap","floor":2,"gold_loss":0,"cards_obtained":["Seek"]},{"damage_healed":0,"gold_gain":1,"player_choice":"1","damage_taken":0,"max_hp_gain":0,"max_hp_loss":0,"event_name":"betterStone:BetterStone","floor":3,"gold_loss":0}],"is_beta":false,"boss_relics":[{"not_picked":["Honey Jar","hubris:BlackHole"],"picked":"hubris:RunicObelisk"}],"items_purged_floors":[],"is_endless":false,"potions_floor_spawned":[6,8,14,16],"killed_by":"Chosen","ascension_level":1}}