{"host":"t7mx8yfj1no5p62f","time":1609584946,"event":{"mods":["BaseMod","Colored Map","Colored Powertips","Minty Spire (QoL Compilation)","Relic Stats","StSLib"],"gold_per_floor":[12,27,38,38,38,38,68,86,86,116,116,142,153,173,173,252,252,264,264,51,61,71,71,103,103,103],"floor_reached":25,"playtime":893,"items_purged":["Strike_P"],"score":536,"play_id":"312dc273-a7c8-4c4b-863f-8ea12749cb4c","local_time":"20210102055546","is_ascension_mode":true,"campfire_choices":[{"data":"Wallop","floor":6.0,"key":"SMITH"},{"data":"FlurryOfBlows","floor":11.0,"key":"SMITH"},{"floor":15.0,"key":"REST"},{"data":"Devotion","floor":23,"key":"SMITH"}],"circlet_count":0,"master_deck":["AscendersBane","Strike_P","Strike_P","Defend_P","Defend_P","Defend_P","Eruption","Vigilance","FlurryOfBlows+1","Wallop+1","EmptyFist","TalkToTheHand+1","FlyingSleeves+1","JustLucky+1","Devotion+1","ThirdEye","Tantrum+1","Devotion","ThirdEye","BowlingBash+1","BattleHymn","FlyingSleeves+1","ThirdEye"],"relics":["PureWater","Molten Egg 2","StrikeDummy","Shuriken","Mummified Hand","Coffee Dripper","Anchor"],"acts_visited":["Exordium","TheCity"],"potions_floor_usage":[24],"damage_taken":[{"damage":0.0,"enemies":"Cultist","floor":1.0,"turns":2.0},{"damage":3.0,"enemies":"2 Louse","floor":2.0,"turns":4.0},{"damage":0.0,"enemies":"Jaw Worm","floor":3.0,"turns":1.0},{"damage":8.0,"enemies":"Gremlin Nob","floor":7.0,"turns":3.0},{"damage":0.0,"enemies":"Exordium Wildlife","floor":8.0,"turns":3.0},{"damage":27.0,"enemies":"3 Sentries","floor":10.0,"turns":7.0},{"damage":0.0,"enemies":"Gremlin Nob","floor":12.0,"turns":3.0},{"damage":8.0,"enemies":"Looter","floor":13.0,"turns":2.0},{"damage":6.0,"enemies":"Exordium Thugs","floor":14.0,"turns":4.0},{"damage":9.0,"enemies":"The Guardian","floor":16.0,"turns":6.0},{"damage":7,"enemies":"2 Thieves","floor":18,"turns":4},{"damage":9,"enemies":"3 Byrds","floor":21,"turns":5},{"damage":0,"enemies":"Centurion and Healer","floor":22,"turns":3},{"damage":18,"enemies":"Gremlin Leader","floor":24,"turns":5},{"damage":17,"enemies":"Sentry and Sphere","floor":25,"turns":3}],"seed_played":"-5074354127771535562","potions_obtained":[{"floor":1.0,"key":"EntropicBrew"},{"floor":2.0,"key":"FearPotion"},{"floor":7.0,"key":"FearPotion"},{"floor":14.0,"key":"FearPotion"},{"floor":16.0,"key":"GamblersBrew"},{"floor":24,"key":"StancePotion"}],"is_trial":false,"path_per_floor":["M","M","M","$","$","R","E","M","T","E","R","E","M","M","R","B",null,"M","?","$","M","M","R","E","M"],"character_chosen":"WATCHER","items_purchased":["BowlingBash+1","Regen Potion"],"campfire_rested":1,"item_purchase_floors":[20,20],"current_hp_per_floor":[61,58,58,58,58,58,50,50,50,23,23,23,15,9,29,20,56,49,30,30,21,21,21,17,0,0],"gold":103,"neow_bonus":"REMOVE_TWO","is_daily":false,"chose_seed":false,"campfire_upgraded":3,"win_rate":0.0,"timestamp":1609584946,"path_taken":["M","M","M","?","$","R","E","?","T","E","R","E","M","M","R","BOSS","M","?","$","M","M","R","E","M"],"items_purchased_type":["Card","Potion"],"build_version":"2020-12-22","purchased_purges":1,"victory":false,"max_hp_per_floor":[68,68,68,68,68,68,68,68,68,68,68,68,68,68,68,68,68,68,73,73,73,73,73,73,73,73],"relic_stats":{"counters":[15,55],"Shuriken":[21],"Mummified Hand":[15],"obtain_stats":[{"Anchor":24,"Shuriken":10,"Mummified Hand":12,"Molten Egg 2":7,"Coffee Dripper":17,"PureWater":0,"StrikeDummy":9},{"Anchor":14,"Shuriken":6,"Mummified Hand":7,"Molten Egg 2":4,"Coffee Dripper":10,"PureWater":0,"StrikeDummy":5},{"Anchor":52,"Shuriken":20,"Mummified Hand":23,"Molten Egg 2":10,"Coffee Dripper":35,"PureWater":0,"StrikeDummy":13}]},"card_choices":[{"not_picked":["Vengeance","Consecrate"],"picked":"FlurryOfBlows","floor":1.0},{"not_picked":["SignatureMove","FlyingSleeves"],"picked":"Wallop","floor":2.0},{"not_picked":["SandsOfTime","CrushJoints"],"picked":"EmptyFist","floor":3.0},{"not_picked":["CarveReality+1","EmptyFist+1"],"picked":"TalkToTheHand+1","floor":7.0},{"not_picked":["Fasting2","SandsOfTime+1"],"picked":"FlyingSleeves+1","floor":8.0},{"not_picked":["FollowUp+1","Swivel"],"picked":"JustLucky+1","floor":10.0},{"not_picked":["ConjureBlade","Wish"],"picked":"Devotion","floor":12.0},{"not_picked":["Protect","EmptyBody"],"picked":"ThirdEye","floor":13.0},{"not_picked":["Crescendo","WindmillStrike+1"],"picked":"Tantrum+1","floor":14.0},{"not_picked":["Blasphemy","Omniscience"],"picked":"Devotion","floor":16.0},{"not_picked":["Nirvana+1","Consecrate+1"],"picked":"ThirdEye","floor":18},{"not_picked":["BattleHymn","ForeignInfluence","Indignation"],"picked":"SKIP","floor":21},{"not_picked":["ForeignInfluence","Indignation"],"picked":"BattleHymn","floor":21},{"not_picked":["FollowUp+1","CrushJoints+1"],"picked":"FlyingSleeves+1","floor":22},{"not_picked":["Indignation","Collect"],"picked":"ThirdEye","floor":24}],"player_experience":1636730,"relics_obtained":[{"floor":7.0,"key":"Molten Egg 2"},{"floor":9.0,"key":"StrikeDummy"},{"floor":10.0,"key":"Shuriken"},{"floor":12.0,"key":"Mummified Hand"},{"floor":24,"key":"Anchor"}],"event_choices":[{"damage_healed":0,"gold_gain":0,"player_choice":"Shed Blood","damage_taken":24,"max_hp_gain":5,"max_hp_loss":0,"event_name":"Forgotten Altar","floor":19,"gold_loss":0}],"is_beta":false,"boss_relics":[{"not_picked":["Busted Crown","Calling Bell"],"picked":"Coffee Dripper"}],"items_purged_floors":[20],"is_endless":false,"potions_floor_spawned":[1,2,7,14,16,21,22,24],"killed_by":"Sentry and Sphere","ascension_level":20}}