{"host":"6dypmz777xraikqf","time":1609603300,"event":{"mods":["AchievementEnabler","BaseMod","BetterRewards","Colored Map","Colored Powertips","Downfall","Highlight Path","Hubris","Infinite Spire","Minty Spire (QoL Compilation)","Replay The Spire","StSLib"],"gold_per_floor":[115,115,130,6,23,23,41,41,117,151,151,426,426,453,453,551,551,570,584,143,143,154,154,181,181,205,205,224,224,149,162,162,261,261,279,293,293,168,168,168,198,213,213,213,230,249,249,263,263,263],"floor_reached":51,"playtime":1824,"items_purged":["Defend_R","Regret","Defend_R","Strike_R"],"score":925,"play_id":"b7df75bc-bcdf-4314-a27f-8dc6a08bbeb6","local_time":"20210102160140","is_ascension_mode":true,"campfire_choices":[{"data":"Armaments","floor":6,"key":"SMITH"},{"data":"Perfected Strike","floor":11,"key":"SMITH"},{"data":"ReplayTheSpireMod:Strike From Hell","floor":13,"key":"SMITH"},{"data":"Bash","floor":15,"key":"SMITH"},{"data":"Double Tap","floor":23,"key":"SMITH"},{"floor":27,"key":"REST"},{"data":"infinitespire:NeuralNetwork","floor":29,"key":"SMITH"},{"data":"Shrug It Off","floor":32,"key":"SMITH"},{"floor":40,"key":"REST"},{"floor":44,"key":"RECALL"},{"data":"Limit Break","floor":47,"key":"SMITH"},{"data":"Power Through","floor":49,"key":"SMITH"}],"circlet_count":0,"master_deck":["Strike_R","Strike_R","Strike_R","Strike_R","Defend_R","Defend_R","Bash+1","Perfected Strike+1","ReplayTheSpireMod:Strike From Hell+1","expansioncontent:DarkVoid","Twin Strike","ReplayTheSpireMod:Stacked","Armaments+1","Armaments+1","ReplayTheSpireMod:Strike From Hell+1","Double Tap+1","Massacre+1","Shrug It Off+1","Flex+1","Power Through+1","infinitespire:NeuralNetwork+1","Double Tap","Limit Break+1","Twin Strike+1","Twin Strike+1","Armaments+1","ReplayTheSpireMod:Stacked+1","Reaper"],"relics":["Burning Blood","Meat on the Bone","Another Sword","hubris:GlazedTorus","SlaversCollar","ReplayTheSpireMod:CursedCoin","Replay:Bottled Steam","hubris:Metronome","Nloth\u0027s Gift","Regal Pillow","hubris:FunFungus","Bag of Preparation","hubris:RunicObelisk","Gremlin Food"],"acts_visited":["Exordium","TheCity","TheBeyond"],"potions_floor_usage":[14,24,36,45,50,50],"damage_taken":[{"damage":7,"enemies":"Small Slimes","floor":1,"turns":3},{"damage":0,"enemies":"Cultist","floor":3,"turns":2},{"damage":0,"enemies":"2 Louse","floor":5,"turns":1},{"damage":9,"enemies":"Large Slime","floor":7,"turns":4},{"damage":31,"enemies":"3 Sentries","floor":10,"turns":6},{"damage":0,"enemies":"Gremlin Nob","floor":14,"turns":1},{"damage":60,"enemies":"Fading Forest","floor":16,"turns":11},{"damage":15,"enemies":"2 Thieves","floor":18,"turns":3},{"damage":18,"enemies":"3 Byrds","floor":19,"turns":4},{"damage":0,"enemies":"Shelled Parasite and Fungi","floor":22,"turns":3},{"damage":44,"enemies":"Slavers","floor":24,"turns":5},{"damage":7,"enemies":"Chosen and Byrds","floor":28,"turns":4},{"damage":0,"enemies":"Snecko","floor":31,"turns":3},{"damage":15,"enemies":"hubris:MusketHawk","floor":33,"turns":4},{"damage":35,"enemies":"3 Shapes","floor":35,"turns":5},{"damage":32,"enemies":"3 Darklings","floor":36,"turns":5},{"damage":15,"enemies":"Giant Head","floor":41,"turns":5},{"damage":0,"enemies":"Spire Growth","floor":42,"turns":2},{"damage":24,"enemies":"Jaw Worm Horde","floor":45,"turns":5},{"damage":0,"enemies":"Sphere and 2 Shapes","floor":46,"turns":3},{"damage":6,"enemies":"3 Darklings","floor":48,"turns":3},{"damage":36,"enemies":"Replay:Hell Engine","floor":50,"turns":6}],"seed_played":"-6595154782579339575","potions_obtained":[{"floor":1,"key":"LifebloodPotion"},{"floor":7,"key":"Dexterity Potion"},{"floor":10,"key":"Adrenaline Potion"},{"floor":24,"key":"Elixir"},{"floor":31,"key":"Fire Potion"},{"floor":33,"key":"SteroidPotion"},{"floor":36,"key":"AttackPotion"},{"floor":48,"key":"Elixir"}],"is_trial":false,"path_per_floor":["M","?","M","$","M","R","M","?","T","E","R","?","R","E","R","B",null,"M","M","$","?","M","R","E","AVR","T","R","M","R","?","M","R","B",null,"M","M","?","$","?","R","E","M","T","R","M","M","R","M","R","B",null],"character_chosen":"IRONCLAD","items_purchased":["Perfected Strike","ReplayTheSpireMod:Strike From Hell+1","expansioncontent:DarkVoid","Armaments","ReplayTheSpireMod:CursedCoin","Replay:Bottled Steam","hubris:Metronome"],"campfire_rested":2,"item_purchase_floors":[0,0,0,4,20,20,20],"current_hp_per_floor":[79,79,80,80,80,80,77,77,77,52,52,52,52,58,58,34,69,60,48,48,48,54,54,28,28,28,67,66,66,66,72,72,63,76,49,35,35,35,35,74,65,71,71,71,53,59,59,59,59,45],"gold":263,"neow_bonus":"","is_daily":false,"chose_seed":false,"campfire_upgraded":9,"win_rate":0.0,"timestamp":1609603300,"path_taken":["M","?","M","$","?","R","M","?","T","E","R","?","R","E","R","BOSS","M","M","$","?","M","R","E","AVR","T","R","?","R","?","M","R","BOSS","M","M","?","$","?","R","E","M","T","R","M","M","R","M","R","BOSS"],"items_purchased_type":["Card","Card","Card","Card","Relic","Relic","Relic"],"build_version":"2020-12-22","purchased_purges":4,"victory":true,"max_hp_per_floor":[80,80,80,80,80,80,80,80,80,80,80,80,80,80,80,80,80,80,80,80,80,80,80,80,80,80,80,80,80,80,80,80,80,80,80,80,80,80,80,80,80,80,80,80,80,80,80,80,80,80],"card_choices":[{"not_picked":["ReplayTheSpireMod:Stacked","Battle Trance"],"picked":"Twin Strike","floor":1},{"not_picked":["Clothesline","ReplayTheSpireMod:Corrosion Curse"],"picked":"ReplayTheSpireMod:Stacked","floor":3},{"not_picked":["hubris:ReadiedAction","Anger"],"picked":"Armaments","floor":5},{"not_picked":["Headbutt","Pummel"],"picked":"ReplayTheSpireMod:Strike From Hell","floor":7},{"not_picked":["Warcry","hubris:ReadiedAction","Heavy Blade"],"picked":"SKIP","floor":10},{"not_picked":["Eclipse","hubris:StunningStrike","Demon Form"],"picked":"SKIP","floor":14},{"not_picked":["Offering","Berserk"],"picked":"Double Tap","floor":16},{"not_picked":["True Grit","Evolve"],"picked":"Massacre+1","floor":18},{"not_picked":["Twin Strike","Replay:Undeath\u0027s Touch"],"picked":"Shrug It Off","floor":19},{"not_picked":["hubris:ReadiedAction+1","Clash"],"picked":"Flex+1","floor":22},{"not_picked":["Sever Soul","hubris:StunningStrike"],"picked":"Power Through","floor":24},{"not_picked":["Cleave+1","Combust+1","hubris:ReadiedAction"],"picked":"SKIP","floor":28},{"not_picked":["Anger","Reckless Charge"],"picked":"Double Tap","floor":31},{"not_picked":["Bludgeon","Impervious"],"picked":"Limit Break","floor":33},{"not_picked":["Heavy Blade","Life Link+1"],"picked":"Twin Strike+1","floor":35},{"not_picked":["Run Through+1","Flex+1"],"picked":"Wild Strike+1","floor":36},{"not_picked":["Dropkick+1","ReplayReversal+1"],"picked":"Twin Strike+1","floor":41},{"not_picked":["Run Through","Heavy Blade+1","hubris:SharpeningStone"],"picked":"SKIP","floor":42},{"not_picked":["Cleave","hubris:ReadiedAction+1"],"picked":"Armaments+1","floor":45},{"not_picked":["Flex","Reaper"],"picked":"ReplayTheSpireMod:Stacked+1","floor":46},{"not_picked":["Disarm","Entrench"],"picked":"Reaper","floor":48}],"player_experience":76215,"relics_obtained":[{"floor":9,"key":"ReplayTheSpireMod:Shallot"},{"floor":10,"key":"Another Sword"},{"floor":14,"key":"hubris:GlazedTorus"},{"floor":24,"key":"Regal Pillow"},{"floor":26,"key":"Bag of Preparation"},{"floor":41,"key":"Gremlin Food"}],"event_choices":[{"damage_healed":0,"gold_gain":0,"player_choice":"Gave Potion","damage_taken":0,"relics_obtained":["Meat on the Bone"],"max_hp_gain":0,"max_hp_loss":0,"event_name":"WeMeetAgain","floor":2,"gold_loss":0},{"damage_healed":0,"gold_gain":0,"player_choice":"Grow","damage_taken":0,"max_hp_gain":0,"max_hp_loss":0,"event_name":"Living Wall","floor":8,"gold_loss":0,"cards_upgraded":["Armaments"]},{"damage_healed":0,"gold_gain":275,"player_choice":"Desecrate","damage_taken":0,"max_hp_gain":0,"max_hp_loss":0,"event_name":"Golden Shrine","floor":12,"gold_loss":0,"cards_obtained":["Regret"]},{"damage_healed":0,"gold_gain":0,"player_choice":"Traded Relic","damage_taken":0,"relics_obtained":["Nloth\u0027s Gift"],"max_hp_gain":0,"max_hp_loss":0,"event_name":"N\u0027loth","floor":21,"relics_lost":["ReplayTheSpireMod:Shallot"],"gold_loss":0},{"cards_removed":["Clumsy"],"damage_healed":0,"gold_gain":0,"player_choice":"Gave Gold","damage_taken":0,"max_hp_gain":0,"max_hp_loss":0,"event_name":"Beggar","floor":30,"gold_loss":75},{"damage_healed":0,"gold_gain":0,"player_choice":"Ignored","damage_taken":0,"max_hp_gain":0,"max_hp_loss":0,"event_name":"Tomb of Lord Red Mask","floor":37,"gold_loss":0},{"cards_removed":["Wild Strike"],"damage_healed":0,"gold_gain":0,"player_choice":"Removed Attack","damage_taken":0,"max_hp_gain":0,"max_hp_loss":0,"event_name":"Falling","floor":39,"gold_loss":0}],"is_beta":false,"boss_relics":[{"not_picked":["Honey Jar","hubris:BlackHole"],"picked":"SlaversCollar"},{"not_picked":["hubris:HollowSoul","Replay:Drink Me"],"picked":"hubris:RunicObelisk"}],"items_purged_floors":[4,20,25,38],"is_endless":false,"potions_floor_spawned":[1,7,10,24,31,33,36,48],"ascension_level":5}}