{"host":"f400onr2g6b8rzrw","time":1609581826,"event":{"mods":["AchievementEnabler","BaseMod","Better Altar","Better Match","Better Note","Better Sensory Stone","Better Skull","Better Third Choice","Block Reminder","Colored Powertips","Minty Spire (QoL Compilation)","Relic Stats","Spicy Shops","StSLib"],"gold_per_floor":[116,41,41,60,77,104,104,104,128,154,164,178,178,191,191,291,291,307,320,320,340,340,373,373,404,404,414,22,42,71,84,84,184,184,197,213,213,223,223,223,250,250,250,272,302,20,47,47,47,47,47,47,11,38,38],"floor_reached":56,"playtime":5408,"items_purged":["Defend_R"],"score":1507,"play_id":"49d97917-53ac-420f-a52f-ada897377a6f","local_time":"20210102203346","is_ascension_mode":true,"campfire_choices":[{"floor":15,"key":"RECALL"},{"floor":24,"key":"REST"},{"data":"Flex","floor":32,"key":"SMITH"},{"data":"Immolate","floor":40,"key":"SMITH"},{"data":"Rage","floor":49,"key":"SMITH"},{"data":"Heavy Blade","floor":52,"key":"SMITH"}],"circlet_count":0,"master_deck":["Strike_R","Strike_R","Strike_R","Strike_R","Strike_R","Defend_R","Bash","Feed+1","Pommel Strike","Clothesline","Immolate+1","Flex","Anger","Heavy Blade+1","Flex","Flex+1","Reaper","Iron Wave+1","Infernal Blade","Carnage","Impervious","Impervious","Pommel Strike+1","Inflame","Pummel","Perfected Strike","Bludgeon","Sword Boomerang","Warcry+1","Flex+1","Shrug It Off+1","Madness","Madness","Uppercut+1","Rage","Twin Strike","Rage+1","Cleave","Violence","Jack Of All Trades","Sword Boomerang"],"relics":["Burning Blood","Darkstone Periapt","Centennial Puzzle","Omamori","Mark of Pain","Necronomicon","MutagenicStrength","Bag of Preparation","Bottled Lightning","Lantern","Ornamental Fan","Orichalcum","Red Mask","Philosopher\u0027s Stone","Mummified Hand","MawBank","Self Forming Clay","Pear","InkBottle"],"acts_visited":["Exordium","TheCity","TheBeyond","TheEnding"],"potions_floor_usage":[16,16,16,27,33,41,44,55,55],"damage_taken":[{"damage":1,"enemies":"Cultist","floor":1,"turns":4},{"damage":8,"enemies":"Jaw Worm","floor":4,"turns":4},{"damage":10,"enemies":"Small Slimes","floor":5,"turns":4},{"damage":24,"enemies":"Gremlin Nob","floor":6,"turns":4},{"damage":40,"enemies":"Lagavulin","floor":10,"turns":5},{"damage":0,"enemies":"2 Fungi Beasts","floor":11,"turns":2},{"damage":0,"enemies":"Lots of Slimes","floor":12,"turns":1},{"damage":8,"enemies":"Blue Slaver","floor":14,"turns":2},{"damage":26,"enemies":"Hexaghost","floor":16,"turns":7},{"damage":55,"enemies":"Shell Parasite","floor":18,"turns":5},{"damage":11,"enemies":"2 Thieves","floor":19,"turns":3},{"damage":23,"enemies":"Shelled Parasite and Fungi","floor":21,"turns":3},{"damage":35,"enemies":"Book of Stabbing","floor":23,"turns":4},{"damage":0,"enemies":"Slavers","floor":25,"turns":1},{"damage":0,"enemies":"Centurion and Healer","floor":27,"turns":2},{"damage":0,"enemies":"Snake Plant","floor":29,"turns":1},{"damage":8,"enemies":"Masked Bandits","floor":30,"turns":3},{"damage":0,"enemies":"3 Cultists","floor":31,"turns":2},{"damage":38,"enemies":"Champ","floor":33,"turns":7},{"damage":28,"enemies":"3 Shapes","floor":35,"turns":2},{"damage":0,"enemies":"Orb Walker","floor":36,"turns":1},{"damage":0,"enemies":"Sphere and 2 Shapes","floor":38,"turns":1},{"damage":1,"enemies":"Giant Head","floor":41,"turns":5},{"damage":14,"enemies":"Maw","floor":44,"turns":3},{"damage":4,"enemies":"4 Shapes","floor":45,"turns":1},{"damage":0,"enemies":"Nemesis","floor":47,"turns":2},{"damage":53,"enemies":"Donu and Deca","floor":50,"turns":7},{"damage":23,"enemies":"Shield and Spear","floor":54,"turns":3},{"damage":149,"enemies":"The Heart","floor":55,"turns":9}],"seed_played":"-7783060527233101564","potions_obtained":[{"floor":5,"key":"LiquidBronze"},{"floor":6,"key":"Fire Potion"},{"floor":14,"key":"PowerPotion"},{"floor":16,"key":"SpeedPotion"},{"floor":21,"key":"ColorlessPotion"},{"floor":23,"key":"Energy Potion"},{"floor":25,"key":"LiquidBronze"},{"floor":29,"key":"FairyPotion"},{"floor":33,"key":"Regen Potion"},{"floor":42,"key":"ColorlessPotion"},{"floor":44,"key":"BlessingOfTheForge"}],"is_trial":false,"path_per_floor":["M","$","?","M","M","E","?","T","T","E","M","M","?","M","R","B",null,"M","M","?","M","?","E","R","E","T","M","$","M","?","M","R","B",null,"M","M","?","M","?","R","E","?","T","M","M","$","E","?","R","B",null,"R","$","E","B",null],"character_chosen":"IRONCLAD","items_purchased":["Ornamental Fan","Orichalcum","Self Forming Clay","Rage","Sword Boomerang"],"campfire_rested":1,"item_purchase_floors":[28,28,46,46,53],"current_hp_per_floor":[83,83,83,84,83,68,61,61,61,30,39,48,48,50,50,34,109,60,65,49,48,48,19,54,63,63,69,69,75,77,83,83,58,121,115,125,125,125,109,109,125,125,125,117,123,123,139,139,139,92,139,139,139,126,12],"gold":38,"neow_bonus":"ONE_RANDOM_RARE_CARD","is_daily":false,"chose_seed":false,"campfire_upgraded":4,"win_rate":0.0,"timestamp":1609581826,"path_taken":["M","$","?","?","M","E","?","?","T","E","?","M","?","M","R","BOSS","M","M","?","M","?","E","R","E","T","M","$","?","?","M","R","BOSS","M","M","?","?","?","R","E","?","T","M","?","$","E","?","R","BOSS","R","$","E","BOSS"],"items_purchased_type":["Relic","Relic","Relic","Card","Card"],"build_version":"2020-12-22","purchased_purges":1,"victory":true,"max_hp_per_floor":[83,83,83,86,89,92,92,92,92,95,98,101,101,105,105,109,109,109,113,113,117,117,117,117,117,117,117,117,117,121,121,121,121,121,121,125,125,125,125,125,125,125,125,125,129,129,139,139,139,139,139,139,139,143,143],"relic_stats":{"Darkstone Periapt":0,"counters":[29,98],"Self Forming Clay":[159],"Bag of Preparation":[32],"Orichalcum":[30],"MawBank":36,"Burning Blood":159,"Centennial Puzzle":[48],"Ornamental Fan":[164],"Mummified Hand":[6],"Necronomicon":[46],"obtain_stats":[{"Darkstone Periapt":6,"Lantern":26,"Pear":47,"Self Forming Clay":46,"Omamori":10,"Bag of Preparation":23,"Orichalcum":28,"MawBank":43,"Burning Blood":0,"Centennial Puzzle":9,"Ornamental Fan":28,"Mummified Hand":41,"MutagenicStrength":22,"Philosopher\u0027s Stone":34,"Mark of Pain":17,"Necronomicon":20,"Red Mask":30,"Bottled Lightning":25,"InkBottle":54},{"Darkstone Periapt":4,"Lantern":14,"Pear":26,"Self Forming Clay":25,"Omamori":5,"Bag of Preparation":13,"Orichalcum":15,"MawBank":23,"Burning Blood":0,"Centennial Puzzle":4,"Ornamental Fan":15,"Mummified Hand":23,"MutagenicStrength":12,"Philosopher\u0027s Stone":19,"Mark of Pain":9,"Necronomicon":11,"Red Mask":17,"Bottled Lightning":14,"InkBottle":28},{"Darkstone Periapt":16,"Lantern":49,"Pear":79,"Self Forming Clay":77,"Omamori":21,"Bag of Preparation":48,"Orichalcum":51,"MawBank":73,"Burning Blood":0,"Centennial Puzzle":16,"Ornamental Fan":51,"Mummified Hand":73,"MutagenicStrength":44,"Philosopher\u0027s Stone":64,"Mark of Pain":33,"Necronomicon":41,"Red Mask":55,"Bottled Lightning":49,"InkBottle":89}],"InkBottle":[5]},"card_choices":[{"not_picked":["Havoc","Blood for Blood"],"picked":"Pommel Strike","floor":1},{"not_picked":["Twin Strike","Thunderclap"],"picked":"Clothesline","floor":4},{"not_picked":["Reckless Charge","Flex"],"picked":"Immolate","floor":5},{"not_picked":["Dark Embrace","Havoc"],"picked":"Flex","floor":6},{"not_picked":["Pommel Strike","Armaments"],"picked":"Anger","floor":10},{"not_picked":["Second Wind","Exhume"],"picked":"Heavy Blade","floor":11},{"not_picked":["Whirlwind","Wild Strike"],"picked":"Flex","floor":12},{"not_picked":["Pommel Strike","Armaments"],"picked":"Flex","floor":14},{"not_picked":["Feed","Immolate"],"picked":"Reaper","floor":16},{"not_picked":["Havoc","Armaments"],"picked":"Iron Wave+1","floor":18},{"not_picked":["Anger+1","Combust"],"picked":"Infernal Blade","floor":19},{"not_picked":["Wild Strike","Blood for Blood"],"picked":"Carnage","floor":21},{"not_picked":["Armaments","Flex+1"],"picked":"Impervious","floor":23},{"not_picked":["Seeing Red","True Grit"],"picked":"Impervious","floor":25},{"not_picked":["Twin Strike","Infernal Blade"],"picked":"Pommel Strike+1","floor":27},{"not_picked":["Pommel Strike+1","Power Through"],"picked":"Inflame","floor":29},{"not_picked":["Clash","Shockwave"],"picked":"Pummel","floor":30},{"not_picked":["Shrug It Off+1","Wild Strike"],"picked":"Perfected Strike","floor":31},{"not_picked":["Berserk","Corruption"],"picked":"Bludgeon","floor":33},{"not_picked":["Clothesline","Wild Strike+1"],"picked":"Sword Boomerang","floor":35},{"not_picked":["Perfected Strike","Evolve+1"],"picked":"Warcry+1","floor":36},{"not_picked":["Dual Wield+1","Sever Soul"],"picked":"Shrug It Off+1","floor":38},{"not_picked":["Bludgeon","True Grit"],"picked":"Uppercut+1","floor":41},{"not_picked":["Iron Wave+1","Shrug It Off+1"],"picked":"Rage","floor":44},{"not_picked":["Reckless Charge+1","Dual Wield"],"picked":"Twin Strike","floor":45},{"not_picked":["Body Slam","Iron Wave"],"picked":"Cleave","floor":47},{"not_picked":["Swift Strike","Dark Shackles"],"picked":"Violence","floor":48},{"not_picked":["Trip","Enlightenment"],"picked":"Jack Of All Trades","floor":48},{"not_picked":["Infernal Blade","Warcry+1","True Grit+1"],"picked":"SKIP","floor":54}],"player_experience":493496,"relics_obtained":[{"floor":6,"key":"Darkstone Periapt"},{"floor":9,"key":"Centennial Puzzle"},{"floor":10,"key":"Omamori"},{"floor":20,"key":"Necronomicon"},{"floor":23,"key":"Bag of Preparation"},{"floor":25,"key":"Bottled Lightning"},{"floor":26,"key":"Lantern"},{"floor":30,"key":"Red Mask"},{"floor":41,"key":"Mummified Hand"},{"floor":43,"key":"MawBank"},{"floor":47,"key":"Pear"},{"floor":54,"key":"InkBottle"}],"event_choices":[{"cards_removed":["Defend_R"],"damage_healed":0,"gold_gain":0,"player_choice":"Offered Basic","damage_taken":0,"max_hp_gain":0,"max_hp_loss":0,"event_name":"Bonfire Elementals","floor":3,"gold_loss":0},{"cards_removed":["Defend_R"],"damage_healed":0,"gold_gain":0,"player_choice":"Card Removal","damage_taken":7,"max_hp_gain":0,"max_hp_loss":0,"event_name":"Golden Wing","floor":7,"gold_loss":0},{"damage_healed":0,"gold_gain":0,"player_choice":"Grow","damage_taken":0,"max_hp_gain":0,"max_hp_loss":0,"event_name":"Living Wall","floor":13,"gold_loss":0,"cards_upgraded":["Feed"]},{"damage_healed":0,"gold_gain":0,"player_choice":"Obtained Book","damage_taken":16,"max_hp_gain":0,"max_hp_loss":0,"event_name":"Cursed Tome","floor":20,"gold_loss":0},{"damage_healed":0,"gold_gain":0,"player_choice":"Inject Mutagens","damage_taken":0,"relics_obtained":["MutagenicStrength"],"max_hp_gain":0,"max_hp_loss":0,"event_name":"Drug Dealer","floor":22,"gold_loss":0},{"damage_healed":0,"gold_gain":0,"player_choice":"Fought Bandits","damage_taken":0,"max_hp_gain":0,"max_hp_loss":0,"event_name":"Masked Bandits","floor":30,"gold_loss":0},{"damage_healed":0,"gold_gain":0,"player_choice":"Copied","damage_taken":0,"max_hp_gain":0,"max_hp_loss":0,"event_name":"Duplicator","floor":37,"gold_loss":0,"cards_obtained":["Flex"]},{"damage_healed":0,"gold_gain":0,"player_choice":"Embrace Madness","damage_taken":16,"max_hp_gain":0,"max_hp_loss":0,"event_name":"Winding Halls","floor":39,"gold_loss":0,"cards_obtained":["Madness","Madness"]},{"damage_healed":0,"gold_gain":0,"player_choice":"Got Potions","damage_taken":0,"max_hp_gain":0,"max_hp_loss":0,"event_name":"Lab","floor":42,"gold_loss":0},{"damage_healed":0,"gold_gain":3,"player_choice":"1","damage_taken":0,"max_hp_gain":0,"max_hp_loss":0,"event_name":"betterStone:BetterStone","floor":48,"gold_loss":0}],"is_beta":false,"boss_relics":[{"not_picked":["Black Blood","Runic Cube"],"picked":"Mark of Pain"},{"not_picked":["SacredBark","Pandora\u0027s Box"],"picked":"Philosopher\u0027s Stone"}],"items_purged_floors":[2],"is_endless":false,"potions_floor_spawned":[5,6,14,16,21,23,25,29,33,36,44,45],"ascension_level":3}}