{"host":"waq1ashgqt0tulkv","time":1609585752,"event":{"mods":["BaseMod","Downfall","Duelist Mod","Hermit","Infinite Spire","Minty Spire (QoL Compilation)","Replay The Spire","StSLib","SuperFastMode","The Animator","The Bug Knight","The Hierophant","The Servant 0.9.4"],"gold_per_floor":[113,132,148,355,365,397,250,260,260,278,278,306,306,319,319,418,418,430,456,381,381,381,381],"floor_reached":22,"playtime":964,"items_purged":["Defend_R"],"score":186,"play_id":"23dc4d83-0031-4e1c-a196-15d5a35a3a97","local_time":"20210102040912","is_ascension_mode":false,"campfire_choices":[{"floor":11,"key":"REST"},{"floor":15,"key":"REST"}],"circlet_count":0,"master_deck":["Strike_R","Strike_R","Strike_R","Strike_R","Defend_R","Defend_R","Defend_R","Bash","ReplayTheSpireMod:Faulty Equipment","expansioncontent:StudyTheSpire","Iron Wave","Cleave","Bloodletting","Shrug It Off","Twin Strike","Thunderclap","Rupture","Intimidate","Replay:Many Hands","Sword Boomerang","Warcry"],"relics":["Black Blood","Bird Faced Urn","Replay:WaspNest","Odd Mushroom","Red Mask"],"acts_visited":["Exordium","TheCity"],"potions_floor_usage":[16,16],"damage_taken":[{"damage":5,"enemies":"Small Slimes","floor":1,"turns":4},{"damage":11,"enemies":"Jaw Worm","floor":2,"turns":5},{"damage":2,"enemies":"2 Louse","floor":3,"turns":3},{"damage":21,"enemies":"Blue Slaver","floor":5,"turns":5},{"damage":14,"enemies":"Gremlin Nob","floor":6,"turns":6},{"damage":0,"enemies":"Exordium Wildlife","floor":8,"turns":3},{"damage":19,"enemies":"Looter","floor":10,"turns":3},{"damage":28,"enemies":"The Mushroom Lair","floor":12,"turns":4},{"damage":7,"enemies":"2 Fungi Beasts","floor":14,"turns":3},{"damage":21,"enemies":"Fading Forest","floor":16,"turns":11},{"damage":29,"enemies":"2 Thieves","floor":18,"turns":4},{"damage":32,"enemies":"Masked Bandits","floor":19,"turns":4},{"damage":20,"enemies":"Shell Parasite","floor":22,"turns":5}],"seed_played":"1099344220343773519","potions_obtained":[{"floor":2,"key":"BloodPotion"},{"floor":8,"key":"Toxic Potion"},{"floor":10,"key":"HeartOfIron"},{"floor":16,"key":"SkillPotion"},{"floor":19,"key":"PowerPotion"}],"is_trial":false,"path_per_floor":["M","M","M","?","M","E","$","M","T","M","R","?","?","M","R","B",null,"M","?","?","?","M"],"character_chosen":"IRONCLAD","items_purchased":["Rupture"],"campfire_rested":2,"item_purchase_floors":[7],"current_hp_per_floor":[80,75,79,59,44,36,36,42,42,29,53,31,31,30,54,61,80,63,43,43,43,25,25],"gold":381,"neow_bonus":"RANDOM_COLORLESS_2","is_daily":false,"chose_seed":false,"campfire_upgraded":0,"win_rate":0.0,"timestamp":1609585752,"path_taken":["M","M","M","?","M","E","$","M","T","M","R","?","?","M","R","BOSS","M","?","?","?","M"],"items_purchased_type":["Card"],"build_version":"2020-12-13","purchased_purges":1,"victory":false,"max_hp_per_floor":[80,80,80,80,80,80,80,80,80,80,80,80,80,80,80,80,80,80,80,80,80,80,80],"card_choices":[{"not_picked":["expansioncontent:DashGenerateEvil","Sadistic Nature"],"picked":"expansioncontent:StudyTheSpire","floor":0},{"not_picked":["Armaments","Clothesline"],"picked":"Iron Wave","floor":1},{"not_picked":["Clothesline","Reckless Charge"],"picked":"Cleave","floor":2},{"not_picked":["Pommel Strike","Cleave"],"picked":"Bloodletting","floor":3},{"not_picked":["True Grit","Flex"],"picked":"Shrug It Off","floor":4},{"not_picked":["Ghostly Armor","Clash"],"picked":"Twin Strike","floor":5},{"not_picked":["Perfected Strike","Carnage"],"picked":"Thunderclap","floor":6},{"not_picked":["Demonic Infusion","Shrug It Off","Combust"],"picked":"SKIP","floor":8},{"not_picked":["Shrug It Off","Headbutt","Pommel Strike"],"picked":"SKIP","floor":10},{"not_picked":["Clash","Shrug It Off"],"picked":"Intimidate","floor":14},{"not_picked":["Berserk","Double Tap"],"picked":"Replay:Many Hands","floor":16},{"not_picked":["Fire Breathing","Perfected Strike+1"],"picked":"Sword Boomerang","floor":18},{"not_picked":["ReplayTheSpireMod:Limb From Limb+1","Armaments"],"picked":"Warcry","floor":19}],"player_experience":19225,"relics_obtained":[{"floor":6,"key":"Bird Faced Urn"},{"floor":9,"key":"Replay:WaspNest"},{"floor":12,"key":"Odd Mushroom"},{"floor":19,"key":"Red Mask"}],"event_choices":[{"damage_healed":0,"gold_gain":0,"player_choice":"Fought Mushrooms","damage_taken":0,"max_hp_gain":0,"max_hp_loss":0,"event_name":"Mushrooms","floor":12,"gold_loss":0},{"damage_healed":0,"gold_gain":0,"player_choice":"Fought Bandits","damage_taken":0,"max_hp_gain":0,"max_hp_loss":0,"event_name":"Masked Bandits","floor":19,"gold_loss":0},{"cards_removed":["Strike_R"],"damage_healed":0,"gold_gain":0,"player_choice":"Gave Gold","damage_taken":0,"max_hp_gain":0,"max_hp_loss":0,"event_name":"Beggar","floor":20,"gold_loss":75}],"is_beta":false,"boss_relics":[{"not_picked":["ReplayTheSpireMod:DimensionalGlitch","infinitespire:Cupcake"],"picked":"Black Blood"}],"items_purged_floors":[7],"is_endless":false,"potions_floor_spawned":[2,8,10,14,16,19],"killed_by":"Shell Parasite","ascension_level":0}}