{"host":"novohdx135h0xyrr","time":1609613983,"event":{"mods":["BaseMod","Colored Map","Colored Powertips","Highlight Path","Minty Spire (QoL Compilation)"],"gold_per_floor":[110,110,130,130,130,145,145,179,206,206,220,261,261,275,275,394,394,418,94,115,40,40,73,50,50,77,77,116,116,191,205,205,328,328,343,356,64,64,64,64,104,122,145,164,164,164,164,212,212,212,212,212,35,68,68,68],"floor_reached":55,"playtime":4176,"items_purged":["Defend_P","Strike_P","Strike_P+1"],"score":873,"play_id":"7f3d676d-3ec5-45b0-badf-ecc4cb536145","local_time":"20210102105943","is_ascension_mode":true,"campfire_choices":[{"data":"Vault","floor":10.0,"key":"SMITH"},{"data":"Eruption","floor":13.0,"key":"SMITH"},{"floor":15.0,"key":"REST"},{"data":"ThirdEye","floor":27,"key":"SMITH"},{"data":"Halt","floor":29,"key":"SMITH"},{"data":"Vigilance","floor":32,"key":"SMITH"},{"floor":40,"key":"RECALL"},{"data":"Meditate","floor":46,"key":"SMITH"},{"data":"EmptyBody","floor":49,"key":"SMITH"},{"data":"Defend_P","floor":52,"key":"SMITH"}],"circlet_count":0,"master_deck":["Defend_P+1","Eruption+1","Vigilance+1","CutThroughFate+1","Meditate+1","Vault+1","EmptyBody+1","Halt+1","FlurryOfBlows+1","FearNoEvil+1","SignatureMove+1"],"relics":["PureWater","Lantern","Golden Idol","StoneCalendar","Tiny Chest","Kunai","Busted Crown","Matryoshka","Eternal Feather","Toy Ornithopter","Whetstone","Toxic Egg 2","Art of War","VioletLotus","Bag of Preparation","Turnip","Strawberry","Regal Pillow","CeramicFish","War Paint"],"acts_visited":["Exordium","TheCity","TheBeyond","TheEnding"],"potions_floor_usage":[28,33,44,50,50],"damage_taken":[{"damage":2.0,"enemies":"Jaw Worm","floor":1.0,"turns":3.0},{"damage":0.0,"enemies":"Small Slimes","floor":3.0,"turns":2.0},{"damage":0.0,"enemies":"2 Louse","floor":6.0,"turns":2.0},{"damage":5.0,"enemies":"Lagavulin","floor":8.0,"turns":3.0},{"damage":10.0,"enemies":"2 Fungi Beasts","floor":11.0,"turns":2.0},{"damage":23.0,"enemies":"3 Sentries","floor":12.0,"turns":7.0},{"damage":6.0,"enemies":"3 Louse","floor":14.0,"turns":3.0},{"damage":5.0,"enemies":"Hexaghost","floor":16.0,"turns":9.0},{"damage":0,"enemies":"Chosen","floor":18,"turns":4},{"damage":2,"enemies":"Shell Parasite","floor":20,"turns":4},{"damage":2,"enemies":"Slavers","floor":23,"turns":7},{"damage":0,"enemies":"Book of Stabbing","floor":28,"turns":5},{"damage":0,"enemies":"3 Cultists","floor":31,"turns":5},{"damage":0,"enemies":"Automaton","floor":33,"turns":11},{"damage":3,"enemies":"3 Darklings","floor":35,"turns":6},{"damage":5,"enemies":"3 Shapes","floor":36,"turns":4},{"damage":9,"enemies":"Giant Head","floor":41,"turns":9},{"damage":0,"enemies":"Sphere and 2 Shapes","floor":42,"turns":5},{"damage":0,"enemies":"Maw","floor":44,"turns":7},{"damage":2,"enemies":"Reptomancer","floor":48,"turns":6},{"damage":46,"enemies":"Time Eater","floor":50,"turns":9},{"damage":59,"enemies":"Shield and Spear","floor":54,"turns":7},{"damage":70,"enemies":"The Heart","floor":55,"turns":4}],"seed_played":"-1694821324992485050","potions_obtained":[{"floor":3.0,"key":"BlessingOfTheForge"},{"floor":6.0,"key":"Fruit Juice"},{"floor":16.0,"key":"ColorlessPotion"},{"floor":18,"key":"Block Potion"},{"floor":23,"key":"StancePotion"},{"floor":28,"key":"FairyPotion"},{"floor":42,"key":"DistilledChaos"},{"floor":48,"key":"DuplicationPotion"}],"is_trial":false,"path_per_floor":["M","?","M","?","?","M","?","E","T","R","M","E","R","M","R","B",null,"M","$","M","?","?","E","$","?","T","R","E","R","T","M","R","B",null,"M","M","$","?","?","R","E","M","T","M","T","R","?","E","R","B",null,"R","$","E","B"],"character_chosen":"WATCHER","items_purchased":["Matryoshka","ThirdEye","FearNoEvil","Bag of Preparation","Fire Potion"],"campfire_rested":1,"item_purchase_floors":[19,24,37,37,53],"current_hp_per_floor":[49,72,72,65,65,70,51,46,46,46,36,13,13,7,30,25,77,77,77,75,75,75,73,73,73,73,77,77,77,77,77,77,77,77,74,69,69,69,69,75,66,66,73,78,78,84,84,82,84,45,84,84,84,25,0,0],"gold":68,"neow_bonus":"REMOVE_TWO","is_daily":false,"chose_seed":false,"campfire_upgraded":8,"win_rate":0.0,"timestamp":1609613983,"path_taken":["M","?","M","?","?","M","?","E","T","R","M","E","R","M","R","BOSS","M","$","M","?","?","E","$","?","T","R","E","R","?","M","R","BOSS","M","M","$","?","?","R","E","M","T","?","?","R","?","E","R","BOSS","R","$","E","BOSS"],"items_purchased_type":["Relic","Card","Card","Relic","Potion"],"build_version":"2020-12-22","purchased_purges":3,"victory":false,"max_hp_per_floor":[72,72,72,72,72,77,77,77,77,77,77,77,77,77,77,77,77,77,77,77,77,77,77,77,77,77,77,77,77,77,77,77,77,77,77,77,77,77,77,77,77,77,84,84,84,84,84,84,84,84,84,84,84,84,84,84],"card_choices":[{"not_picked":["Protect","ThirdEye"],"picked":"CutThroughFate","floor":1.0},{"not_picked":["CrushJoints","EmptyBody"],"picked":"Meditate","floor":3.0},{"not_picked":["EmptyFist","ClearTheMind","Crescendo"],"picked":"SKIP","floor":6.0},{"not_picked":["WreathOfFlame","Consecrate"],"picked":"Vault","floor":8.0},{"not_picked":["WaveOfTheHand","Wireheading","Swivel"],"picked":"SKIP","floor":11.0},{"not_picked":["ClearTheMind","BattleHymn","Perseverance"],"picked":"SKIP","floor":12.0},{"not_picked":["Pray","CutThroughFate"],"picked":"EmptyBody","floor":14.0},{"not_picked":["Sanctity"],"picked":"SKIP","floor":18},{"not_picked":[],"picked":"Halt","floor":20},{"not_picked":[],"picked":"FlurryOfBlows+1","floor":23},{"not_picked":["CarveReality"],"picked":"SKIP","floor":28},{"not_picked":["Conclude"],"picked":"SKIP","floor":31},{"not_picked":["ReachHeaven+1"],"picked":"SKIP","floor":35},{"not_picked":["FollowUp"],"picked":"SKIP","floor":36},{"not_picked":["Ragnarok"],"picked":"SKIP","floor":41},{"not_picked":["Evaluate+1"],"picked":"SKIP","floor":42},{"not_picked":["BowlingBash"],"picked":"SKIP","floor":44},{"not_picked":[],"picked":"SignatureMove+1","floor":48},{"not_picked":["Worship+1"],"picked":"SKIP","floor":54}],"player_experience":183287,"relics_obtained":[{"floor":8.0,"key":"StoneCalendar"},{"floor":9.0,"key":"Tiny Chest"},{"floor":12.0,"key":"Kunai"},{"floor":23,"key":"Eternal Feather"},{"floor":26,"key":"Toy Ornithopter"},{"floor":26,"key":"Whetstone"},{"floor":28,"key":"Toxic Egg 2"},{"floor":30,"key":"Art of War"},{"floor":41,"key":"Turnip"},{"floor":43,"key":"Strawberry"},{"floor":45,"key":"Regal Pillow"},{"floor":48,"key":"CeramicFish"},{"floor":54,"key":"War Paint"}],"event_choices":[{"damage_healed":24.0,"max_hp_gain":0.0,"max_hp_loss":0.0,"gold_gain":0.0,"event_name":"Big Fish","player_choice":"Banana","floor":2.0,"gold_loss":0.0,"damage_taken":0.0},{"damage_healed":0.0,"max_hp_gain":0.0,"max_hp_loss":0.0,"gold_gain":0.0,"event_name":"Scrap Ooze","player_choice":"Success","floor":4.0,"gold_loss":0.0,"damage_taken":7.0,"relics_obtained":["Lantern"]},{"damage_healed":0.0,"max_hp_gain":0.0,"max_hp_loss":0.0,"gold_gain":0.0,"event_name":"Liars Game","player_choice":"Ignored","floor":5.0,"gold_loss":0.0,"damage_taken":0.0},{"damage_healed":0.0,"max_hp_gain":0.0,"max_hp_loss":0.0,"gold_gain":0.0,"event_name":"Golden Idol","player_choice":"Take Damage","floor":7.0,"gold_loss":0.0,"damage_taken":19.0,"relics_obtained":["Golden Idol"]},{"cards_removed":["Strike_P"],"damage_healed":0,"gold_gain":0,"player_choice":"Gave Gold","damage_taken":0,"max_hp_gain":0,"max_hp_loss":0,"event_name":"Beggar","floor":21,"gold_loss":75},{"cards_removed":["Defend_P"],"damage_healed":0,"gold_gain":0,"player_choice":"Elegance","damage_taken":0,"max_hp_gain":0,"max_hp_loss":0,"event_name":"Back to Basics","floor":22,"gold_loss":0},{"damage_healed":0,"gold_gain":0,"player_choice":"Got Potions","damage_taken":0,"max_hp_gain":0,"max_hp_loss":0,"event_name":"Lab","floor":25,"gold_loss":0},{"damage_healed":0,"gold_gain":0,"player_choice":"Memory 1","damage_taken":0,"max_hp_gain":0,"max_hp_loss":0,"event_name":"SensoryStone","floor":38,"gold_loss":0},{"damage_healed":0,"gold_gain":0,"player_choice":"Forge","damage_taken":0,"max_hp_gain":0,"max_hp_loss":0,"event_name":"Accursed Blacksmith","floor":39,"gold_loss":0,"cards_upgraded":["FearNoEvil"]},{"cards_removed":["ThirdEye"],"damage_healed":5,"gold_gain":0,"player_choice":"Offered Common","damage_taken":0,"max_hp_gain":0,"max_hp_loss":0,"event_name":"Bonfire Elementals","floor":47,"gold_loss":0},{"cards_removed":["ThirdEye"],"damage_healed":5,"gold_gain":0,"player_choice":"Offered Special","damage_taken":0,"max_hp_gain":0,"max_hp_loss":0,"event_name":"Bonfire Elementals","floor":47,"gold_loss":0}],"is_beta":false,"boss_relics":[{"not_picked":["Runic Dome","Snecko Eye"],"picked":"Busted Crown"},{"not_picked":["Philosopher\u0027s Stone","SlaversCollar"],"picked":"VioletLotus"}],"items_purged_floors":[19,37,53],"is_endless":false,"potions_floor_spawned":[3,6,16,18,23,28,42,48],"killed_by":"The Heart","ascension_level":2}}