{"host":"3iouabftir4t7z56","time":1609601212,"event":{"mods":["2.2 Compatiblity","Act Like it!","BaseMod","Colored Map","Hallownest","Minty Spire (QoL Compilation)","StSLib","The Bug Knight"],"gold_per_floor":[113,113,38,38,50,84,84,119,145,162,5,22,22,22,22,124,124,142,142,142,160,160,160],"floor_reached":22,"playtime":1301,"items_purged":["Hallownest:curseDreamersLament"],"score":192,"play_id":"2bf35eef-17f3-4a5d-b77c-09ba8cc12518","local_time":"20210102162652","is_ascension_mode":false,"campfire_choices":[{"data":"HollowMod:FallenFury","floor":7,"key":"SMITH"},{"floor":15,"key":"REST"}],"circlet_count":0,"master_deck":["HollowMod:QuickDashStart","HollowMod:QuickDashStart","HollowMod:QuickDashStart","HollowMod:PogoStrike","HollowMod:DescendingDark","HollowMod:SharpenedNail","HollowMod:FallenFury+1","HollowMod:ZotesMagnificence","HollowMod:CloakDash","HollowMod:PerfectDash","HollowMod:SoulMaster","HollowMod:ChannelNail+1","HollowMod:CloakDash+1","HollowMod:HowlingWraiths+1","Hallownest:curseDreamersLament","HollowMod:WraithStrike"],"relics":["HollowMod:VesselMask","Bronze Scales","Sundial","Toy Ornithopter","PreservedInsect","Astrolabe","Lantern","Hallownest:WatcherSealRelic"],"acts_visited":["Hallownest:Greenpath","Hallownest:CityofTears"],"potions_floor_usage":[16,16,22],"damage_taken":[{"damage":8,"enemies":"Hallownest:2_Baldur","floor":1,"turns":2},{"damage":7,"enemies":"Hallownest:2_Tiktiks_and_1_Crawlid","floor":5,"turns":3},{"damage":11,"enemies":"Hallownest:eliteMossKnight","floor":6,"turns":9},{"damage":7,"enemies":"Hallownest:eliteCrystalGuardian","floor":8,"turns":5},{"damage":9,"enemies":"Hallownest:monsterHuskGuard","floor":10,"turns":2},{"damage":14,"enemies":"Hallownest:1_Ooma_and_2_Uuma","floor":12,"turns":5},{"damage":15,"enemies":"Hallownest:BossBrokenVessel","floor":16,"turns":7},{"damage":28,"enemies":"Hallownest:Guard_and_Sentry","floor":18,"turns":5},{"damage":23,"enemies":"Hallownest:2_Mistakes","floor":21,"turns":7},{"damage":31,"enemies":"Hallownest:3_Mistakes","floor":22,"turns":4}],"seed_played":"-1693416416692314984","potions_obtained":[{"floor":8,"key":"Energy Potion"},{"floor":10,"key":"FearPotion"},{"floor":21,"key":"Swift Potion"}],"is_trial":false,"path_per_floor":["M","?","$","?","M","E","R","E","T","M","$","M","?","T","R","B",null,"M","?","?","M","M"],"character_chosen":"THE_BUGKNIGHT","items_purchased":["PreservedInsect"],"campfire_rested":1,"item_purchase_floors":[11],"current_hp_per_floor":[67,67,67,67,60,49,49,42,42,33,33,19,19,19,41,36,75,47,47,47,24,0,0],"gold":160,"neow_bonus":"TRANSFORM_TWO_CARDS","is_daily":false,"chose_seed":false,"campfire_upgraded":1,"win_rate":0.0,"timestamp":1609601212,"path_taken":["M","?","$","?","M","E","R","E","T","M","?","?","?","?","R","BOSS","M","?","?","M","?"],"items_purchased_type":["Relic"],"build_version":"2020-12-22","purchased_purges":1,"victory":false,"max_hp_per_floor":[75,75,75,75,75,75,75,75,75,75,75,75,75,75,75,75,75,75,75,75,75,75,75],"card_choices":[{"not_picked":["HollowMod:ChannelNail","HollowMod:HowlingWraiths"],"picked":"HollowMod:FallenFury","floor":1},{"not_picked":["HollowMod:PureNailStrike","HollowMod:LifebloodCocoon"],"picked":"HollowMod:CloakDash","floor":5},{"not_picked":["HollowMod:SoulStrike","HollowMod:NewInfectedGuardian","HollowMod:PureNailStrike"],"picked":"SKIP","floor":6},{"not_picked":["HollowMod:DreamGate","HollowMod:MothsMistake","HollowMod:SoulVessel"],"picked":"SKIP","floor":8},{"not_picked":["HollowMod:BaldurShell","HollowMod:NewJinnsSoul","HollowMod:SharpenedNail"],"picked":"SKIP","floor":10},{"not_picked":["HollowMod:SoulEater","HollowMod:FallenFury"],"picked":"HollowMod:PerfectDash","floor":12},{"not_picked":["HollowMod:Weaversong","HollowMod:LifebloodCore"],"picked":"HollowMod:SoulMaster","floor":16},{"not_picked":["HollowMod:DoubleDash+1","HollowMod:CoiledNail","HollowMod:CrystalDash"],"picked":"SKIP","floor":18},{"not_picked":["HollowMod:NewLittleFool","HollowMod:MantisMark"],"picked":"HollowMod:WraithStrike","floor":21}],"player_experience":582112,"relics_obtained":[{"floor":6,"key":"Bronze Scales"},{"floor":8,"key":"Sundial"},{"floor":9,"key":"Toy Ornithopter"}],"event_choices":[],"is_beta":false,"boss_relics":[{"not_picked":["Sozu","Calling Bell"],"picked":"Astrolabe"}],"items_purged_floors":[3],"is_endless":false,"potions_floor_spawned":[8,10,21],"killed_by":"Hallownest:3_Mistakes","ascension_level":0}}