{"host":"rmsq46plbpwfbxcc","time":1609555121,"event":{"mods":["AchievementEnabler","BaseMod","Colored Map","Colored Powertips","DeckTracker","KOR Keyword Fix","Minty Spire (QoL Compilation)","Permanent Neow","Quick Restart","SuperFastMode"],"gold_per_floor":[112,123,25,37,112,112,143,154,181,181,181,198,212,244,244,347,347,357,272,292,292,307,307,342,267,267,280,306,12,12,32,32,136,136,153,203,216,216,226,226,256,256,256,131,159,159,9,9,9,9,9,9,9,34,34,34],"floor_reached":55,"playtime":1755,"items_purged":["Strike_G","Defend_G+1","Defend_G+1","Strike_G+1"],"score":823,"play_id":"d74ca3b8-34c4-4e4a-86c1-777a8bf591c8","local_time":"20210102113841","is_ascension_mode":true,"campfire_choices":[{"data":"Neutralize","floor":6,"key":"SMITH"},{"data":"Cloak And Dagger","floor":11,"key":"SMITH"},{"data":"Endless Agony","floor":15,"key":"SMITH"},{"data":"Blade Dance","floor":23,"key":"SMITH"},{"data":"Accuracy","floor":30,"key":"SMITH"},{"data":"Finisher","floor":32,"key":"SMITH"},{"data":"Envenom","floor":40,"key":"SMITH"},{"data":"Sadistic Nature","floor":46,"key":"SMITH"},{"floor":49,"key":"RECALL"},{"data":"Blur","floor":52,"key":"SMITH"}],"circlet_count":0,"master_deck":["Strike_G+1","Strike_G+1","Defend_G+1","Defend_G+1","Defend_G+1","Survivor","Neutralize+1","Blur+1","Slice","Cloak And Dagger+1","Endless Agony+1","Storm of Steel","Blade Dance+1","Finisher+1","Bullet Time","Backstab","Accuracy+1","Backflip","Envenom+1","Escape Plan","PiercingWail","Well Laid Plans+1","Terror+1","Sadistic Nature+1","Footwork+1","Blade Dance+1"],"relics":["WristBlade","Bag of Preparation","Blood Vial","Boot","Cursed Key","Omamori","Strawberry","Meat on the Bone","Toy Ornithopter","Nunchaku","SacredBark","FossilizedHelix","Happy Flower","Centennial Puzzle","Eternal Feather"],"acts_visited":["Exordium","TheCity","TheBeyond","TheEnding"],"potions_floor_usage":[7,7,24,33,33,41,50,55],"damage_taken":[{"damage":5,"enemies":"Jaw Worm","floor":1,"turns":5},{"damage":1,"enemies":"2 Louse","floor":2,"turns":3},{"damage":0,"enemies":"Cultist","floor":4,"turns":3},{"damage":8,"enemies":"Lagavulin","floor":7,"turns":7},{"damage":0,"enemies":"Looter","floor":8,"turns":3},{"damage":0,"enemies":"2 Fungi Beasts","floor":12,"turns":3},{"damage":9,"enemies":"Large Slime","floor":13,"turns":6},{"damage":16,"enemies":"Gremlin Nob","floor":14,"turns":4},{"damage":26,"enemies":"Slime Boss","floor":16,"turns":12},{"damage":0,"enemies":"Spheric Guardian","floor":18,"turns":3},{"damage":1,"enemies":"2 Thieves","floor":20,"turns":4},{"damage":0,"enemies":"Chosen and Byrds","floor":22,"turns":5},{"damage":6,"enemies":"Slavers","floor":24,"turns":6},{"damage":0,"enemies":"3 Cultists","floor":27,"turns":3},{"damage":18,"enemies":"Gremlin Leader","floor":28,"turns":7},{"damage":3,"enemies":"Snake Plant","floor":31,"turns":3},{"damage":35,"enemies":"Champ","floor":33,"turns":7},{"damage":8,"enemies":"3 Darklings","floor":35,"turns":5},{"damage":2,"enemies":"Mind Bloom Boss Battle","floor":36,"turns":5},{"damage":0,"enemies":"Orb Walker","floor":37,"turns":3},{"damage":17,"enemies":"Maw","floor":39,"turns":7},{"damage":24,"enemies":"Reptomancer","floor":41,"turns":5},{"damage":0,"enemies":"Giant Head","floor":45,"turns":5},{"damage":16,"enemies":"Time Eater","floor":50,"turns":10},{"damage":13,"enemies":"Shield and Spear","floor":54,"turns":5},{"damage":107,"enemies":"The Heart","floor":55,"turns":5}],"seed_played":"-3850306878895752301","potions_obtained":[{"floor":2,"key":"CunningPotion"},{"floor":7,"key":"Fruit Juice"},{"floor":8,"key":"LiquidBronze"},{"floor":16,"key":"Weak Potion"},{"floor":18,"key":"EssenceOfSteel"},{"floor":20,"key":"Block Potion"},{"floor":27,"key":"Swift Potion"},{"floor":28,"key":"PowerPotion"},{"floor":35,"key":"DistilledChaos"},{"floor":37,"key":"BlessingOfTheForge"}],"is_trial":false,"path_per_floor":["M","M","$","M","?","R","E","M","T","?","R","M","M","E","R","B",null,"M","?","M","?","M","R","E","?","T","M","E","$","R","M","R","B",null,"M","?","M","?","M","R","E","?","T","$","E","R","$","$","R","B",null,"R","$","E","B"],"character_chosen":"THE_SILENT","items_purchased":["Slice","Accuracy","Nunchaku"],"campfire_rested":0,"item_purchase_floors":[3,29,29],"current_hp_per_floor":[65,64,64,64,53,53,50,50,50,50,50,52,45,31,31,7,75,75,75,74,74,75,75,76,76,76,78,62,62,62,61,61,50,82,74,74,76,76,61,61,44,44,44,44,46,46,46,46,46,49,78,78,78,65,0,0],"gold":34,"neow_bonus":"BOSS_RELIC","is_daily":false,"chose_seed":false,"campfire_upgraded":9,"win_rate":0.0,"timestamp":1609555121,"path_taken":["M","M","$","M","?","R","E","M","T","?","R","?","M","E","R","BOSS","M","?","M","?","M","R","E","?","T","?","E","$","R","M","R","BOSS","M","?","M","?","?","R","E","?","T","$","E","R","?","$","R","BOSS","R","$","E","BOSS"],"items_purchased_type":["Card","Card","Relic"],"build_version":"2020-12-22","purchased_purges":4,"victory":false,"max_hp_per_floor":[70,70,70,70,70,70,75,75,75,75,75,75,75,75,75,75,75,75,75,75,75,75,75,82,82,82,82,82,82,82,82,82,82,82,82,82,82,78,78,78,78,78,78,78,78,78,78,78,78,78,78,78,78,78,78,78],"card_choices":[{"not_picked":["Underhanded Strike","Bane","Bouncing Flask"],"picked":"SKIP","floor":1},{"not_picked":["Eviscerate","Predator"],"picked":"Blur","floor":2},{"not_picked":["Dodge and Roll","Acrobatics","Setup"],"picked":"SKIP","floor":4},{"not_picked":["Backflip","Dash"],"picked":"Cloak And Dagger","floor":7},{"not_picked":["Expertise","Doppelganger","Catalyst"],"picked":"SKIP","floor":8},{"not_picked":["Expertise","Reflex","Flechettes"],"picked":"SKIP","floor":12},{"not_picked":["Flying Knee","Dagger Throw","Dagger Spray"],"picked":"SKIP","floor":13},{"not_picked":["Deflect","Dagger Throw"],"picked":"Endless Agony","floor":14},{"not_picked":["Tools of the Trade","A Thousand Cuts"],"picked":"Storm of Steel","floor":16},{"not_picked":["Underhanded Strike","Quick Slash+1"],"picked":"Blade Dance","floor":18},{"not_picked":["Outmaneuver","Dagger Throw"],"picked":"Finisher","floor":20},{"not_picked":["Acrobatics","Flechettes","Slice+1"],"picked":"SKIP","floor":22},{"not_picked":["Sucker Punch","Storm of Steel"],"picked":"Bullet Time","floor":24},{"not_picked":["Poisoned Stab+1","Prepared"],"picked":"Backstab","floor":27},{"not_picked":["Riddle With Holes","Poisoned Stab+1","Dodge and Roll"],"picked":"SKIP","floor":28},{"not_picked":["Eviscerate","Outmaneuver"],"picked":"Backflip","floor":31},{"not_picked":["Unload","Die Die Die"],"picked":"Envenom","floor":33},{"not_picked":["Reflex","Bane+1"],"picked":"Escape Plan","floor":35},{"not_picked":["Flying Knee+1","Acrobatics"],"picked":"PiercingWail","floor":36},{"not_picked":["Blade Dance","Sucker Punch"],"picked":"Well Laid Plans+1","floor":37},{"not_picked":["Underhanded Strike+1","Sucker Punch+1"],"picked":"Terror+1","floor":39},{"not_picked":["Outmaneuver","Corpse Explosion","Calculated Gamble"],"picked":"SKIP","floor":41},{"not_picked":["Mind Blast","Finesse"],"picked":"Sadistic Nature","floor":42},{"not_picked":["Poisoned Stab","Skewer+1"],"picked":"Footwork+1","floor":45},{"not_picked":["Terror+1","Backflip+1"],"picked":"Blade Dance+1","floor":54}],"player_experience":635094,"relics_obtained":[{"floor":7,"key":"Bag of Preparation"},{"floor":9,"key":"Blood Vial"},{"floor":14,"key":"Boot"},{"floor":24,"key":"Strawberry"},{"floor":26,"key":"Meat on the Bone"},{"floor":28,"key":"Toy Ornithopter"},{"floor":36,"key":"FossilizedHelix"},{"floor":41,"key":"Happy Flower"},{"floor":45,"key":"Centennial Puzzle"},{"floor":54,"key":"Eternal Feather"}],"event_choices":[{"damage_healed":0,"gold_gain":75,"player_choice":"Gather Gold","damage_taken":11,"max_hp_gain":0,"max_hp_loss":0,"event_name":"World of Goop","floor":5,"gold_loss":0},{"damage_healed":0,"gold_gain":0,"player_choice":"0 cards matched","damage_taken":0,"max_hp_gain":0,"max_hp_loss":0,"event_name":"Match and Keep!","floor":10,"gold_loss":0,"cards_obtained":[]},{"damage_healed":0,"gold_gain":0,"player_choice":"Obtained Relic","damage_taken":0,"relics_obtained":["Omamori"],"max_hp_gain":0,"max_hp_loss":0,"event_name":"Addict","floor":19,"gold_loss":85},{"damage_healed":0,"gold_gain":0,"player_choice":"Simplicity","damage_taken":0,"max_hp_gain":0,"max_hp_loss":0,"event_name":"Back to Basics","floor":21,"gold_loss":0,"cards_upgraded":["Strike_G","Strike_G","Strike_G","Strike_G","Defend_G","Defend_G","Defend_G","Defend_G","Defend_G"]},{"cards_removed":["Strike_G"],"damage_healed":0,"gold_gain":0,"player_choice":"Gave Gold","damage_taken":0,"max_hp_gain":0,"max_hp_loss":0,"event_name":"Beggar","floor":25,"gold_loss":75},{"damage_healed":0,"gold_gain":0,"player_choice":"Fight","damage_taken":0,"max_hp_gain":0,"max_hp_loss":0,"event_name":"MindBloom","floor":36,"gold_loss":0},{"damage_healed":0,"gold_gain":0,"player_choice":"Max HP","damage_taken":0,"max_hp_gain":0,"max_hp_loss":4,"event_name":"Winding Halls","floor":38,"gold_loss":0},{"damage_healed":0,"gold_gain":0,"player_choice":"Memory 1","damage_taken":0,"max_hp_gain":0,"max_hp_loss":0,"event_name":"SensoryStone","floor":42,"gold_loss":0}],"is_beta":false,"boss_relics":[{"not_picked":["Tiny House","Velvet Choker"],"picked":"Cursed Key"},{"not_picked":["Philosopher\u0027s Stone","SlaversCollar"],"picked":"SacredBark"}],"items_purged_floors":[3,29,44,47],"is_endless":false,"potions_floor_spawned":[2,7,8,16,18,20,27,28,35,37],"killed_by":"The Heart","ascension_level":2}}