{"host":"e1d4pmcf31bpmsqo","time":1609552650,"event":{"mods":["BaseMod","Better Note","Better Third Choice","Colored Powertips","Disable Question Mark Monsters","Minty Spire (QoL Compilation)","Relic Stats","StSLib"],"gold_per_floor":[110,121,121,196,196,196,231,231,231,257,267,299,319,47,47,123,123,142,156,156,171,189,221,221,45,115,134,134,165,165,177,177,251,251,267,142,185,259,259,289,289,323,323,360,407,466,482,529,538,538,563,563,563,79,111,111],"floor_reached":57,"playtime":3703,"items_purged":["Strike_P","Strike_P","ForeignInfluence+1","Strike_P"],"score":2954,"play_id":"5ef0dd7c-4d3e-4bd1-bb29-62ac750676f9","local_time":"20210102125730","is_ascension_mode":true,"campfire_choices":[{"floor":6.0,"key":"REST"},{"floor":8.0,"key":"RECALL"},{"floor":15.0,"key":"REST"},{"floor":24.0,"key":"DIG"},{"floor":28.0,"key":"DIG"},{"floor":30.0,"key":"DIG"},{"floor":32.0,"key":"DIG"},{"floor":41.0,"key":"REST"},{"floor":49.0,"key":"REST"},{"floor":53.0,"key":"DIG"}],"circlet_count":0,"master_deck":["AscendersBane","Defend_P","Eruption","Vigilance","FlurryOfBlows","CutThroughFate","BowlingBash","Wireheading","ThirdEye","MentalFortress","Wallop","WheelKick","Brilliance","Wallop+1","Wallop+1","SandsOfTime","MentalFortress+1","InnerPeace+1","Wish","Vengeance+1","Brilliance+1","Worship","Ragnarok","Tantrum","WaveOfTheHand+1","Worship","EmptyBody","Meditate","EmptyMind"],"relics":["Fusion Hammer","Ancient Tea Set","Eternal Feather","Bag of Preparation","Toy Ornithopter","Lee\u0027s Waffle","Snecko Eye","Shovel","Dream Catcher","Regal Pillow","Letter Opener","Blood Vial","TungstenRod","Pantograph","Prayer Wheel","Astrolabe","Incense Burner","Smiling Mask","Strawberry","CeramicFish","Yang","Shuriken","Sling","Calipers"],"acts_visited":["Exordium","TheCity","TheBeyond","TheEnding"],"potions_floor_usage":[55,56],"damage_taken":[{"damage":0.0,"enemies":"2 Louse","floor":1.0,"turns":2.0},{"damage":2.0,"enemies":"Jaw Worm","floor":2.0,"turns":3.0},{"damage":0.0,"enemies":"Gremlin Nob","floor":7.0,"turns":2.0},{"damage":2.0,"enemies":"3 Sentries","floor":10.0,"turns":5.0},{"damage":0.0,"enemies":"Cultist","floor":11.0,"turns":2.0},{"damage":10.0,"enemies":"Lagavulin","floor":12.0,"turns":6.0},{"damage":0.0,"enemies":"Large Slime","floor":13.0,"turns":5.0},{"damage":31.0,"enemies":"The Guardian","floor":16.0,"turns":12.0},{"damage":0.0,"enemies":"Chosen","floor":18.0,"turns":2.0},{"damage":6.0,"enemies":"Shell Parasite","floor":19.0,"turns":2.0},{"damage":1.0,"enemies":"Shelled Parasite and Fungi","floor":21.0,"turns":2.0},{"damage":6.0,"enemies":"Chosen and Byrds","floor":22.0,"turns":4.0},{"damage":0.0,"enemies":"Gremlin Leader","floor":23.0,"turns":3.0},{"damage":0.0,"enemies":"Sentry and Sphere","floor":27.0,"turns":2.0},{"damage":0.0,"enemies":"Book of Stabbing","floor":29.0,"turns":3.0},{"damage":0.0,"enemies":"Centurion and Healer","floor":31.0,"turns":4.0},{"damage":67.0,"enemies":"Collector","floor":33.0,"turns":8.0},{"damage":0.0,"enemies":"Orb Walker","floor":35.0,"turns":3.0},{"damage":0.0,"enemies":"3 Shapes","floor":37.0,"turns":3.0},{"damage":21.0,"enemies":"2 Orb Walkers","floor":38.0,"turns":4.0},{"damage":44.0,"enemies":"Nemesis","floor":40.0,"turns":7.0},{"damage":35.0,"enemies":"Reptomancer","floor":42.0,"turns":4.0},{"damage":31.0,"enemies":"Nemesis","floor":44.0,"turns":3.0},{"damage":0.0,"enemies":"3 Darklings","floor":45.0,"turns":12.0},{"damage":4.0,"enemies":"Jaw Worm Horde","floor":46.0,"turns":3.0},{"damage":0.0,"enemies":"4 Shapes","floor":47.0,"turns":6.0},{"damage":0.0,"enemies":"Writhing Mass","floor":48.0,"turns":3.0},{"damage":26.0,"enemies":"Awakened One","floor":50.0,"turns":8.0},{"damage":8.0,"enemies":"Donu and Deca","floor":51.0,"turns":7.0},{"damage":43,"enemies":"Shield and Spear","floor":55,"turns":5},{"damage":60,"enemies":"The Heart","floor":56,"turns":8}],"seed_played":"-8503820834503740740","potions_obtained":[{"floor":2.0,"key":"AttackPotion"},{"floor":7.0,"key":"Swift Potion"},{"floor":10.0,"key":"Explosive Potion"},{"floor":19.0,"key":"Explosive Potion"},{"floor":21.0,"key":"SpeedPotion"},{"floor":33.0,"key":"SneckoOil"},{"floor":38.0,"key":"BottledMiracle"},{"floor":42.0,"key":"Strength Potion"},{"floor":45.0,"key":"EssenceOfSteel"},{"floor":48.0,"key":"EssenceOfSteel"},{"floor":55,"key":"GamblersBrew"}],"is_trial":false,"path_per_floor":["M","M","?","?","?","R","E","R","T","E","M","E","M","$","R","B",null,"M","M","?","M","M","E","R","$","T","M","R","E","R","M","R","B",null,"M","$","M","?","?","E","R","E","T","E","M","M","M","M","R","B","B",null,"R","$","E","B",null],"character_chosen":"WATCHER","items_purchased":["WheelKick","Lee\u0027s Waffle","SandsOfTime","Shuriken","Sling"],"campfire_rested":4,"item_purchase_floors":[14,14,25,54,54],"current_hp_per_floor":[61,59,59,48,53,73,73,73,73,71,71,61,61,80,80,49,72,72,66,66,65,59,59,71,71,71,71,80,80,80,80,80,13,63,65,65,67,53,44,7,58,37,37,8,10,8,15,17,73,61,79,85,87,87,49,21],"gold":111,"neow_bonus":"BOSS_RELIC","is_daily":false,"chose_seed":false,"campfire_upgraded":0,"win_rate":0.0,"timestamp":1609552650,"path_taken":["M","M","?","?","?","R","E","R","T","E","M","E","?","$","R","BOSS","M","M","?","M","M","E","R","$","T","M","R","E","R","M","R","BOSS","M","?","M","?","?","E","R","E","T","E","M","M","M","M","R","BOSS","BOSS","R","$","E","BOSS"],"items_purchased_type":["Card","Relic","Card","Relic","Relic"],"build_version":"2020-12-22","purchased_purges":4,"victory":true,"max_hp_per_floor":[68,68,68,68,73,73,73,73,73,73,73,73,73,80,80,80,80,80,80,80,80,80,80,80,80,80,80,80,80,80,80,80,80,80,80,80,80,80,80,80,80,87,87,87,87,87,87,87,87,87,87,87,87,87,87,87],"relic_stats":{"Lee\u0027s Waffle":19,"Regal Pillow":30,"counters":[31,143],"Astrolabe":["Vengeance","ForeignInfluence","Brilliance"],"CeramicFish":54,"Eternal Feather":50,"Yang":[32],"Bag of Preparation":[54],"Letter Opener":[103],"Smiling Mask":100,"Blood Vial":23,"Dream Catcher":2,"Shovel":5,"Shuriken":[5],"Pantograph":64,"Snecko Eye":[238,194,195,219],"Prayer Wheel":6,"obtain_stats":[{"Regal Pillow":24,"Calipers":55,"CeramicFish":44,"Yang":53,"Bag of Preparation":10,"Incense Burner":38,"Ancient Tea Set":7,"Smiling Mask":40,"Sling":54,"Blood Vial":28,"Dream Catcher":23,"Shovel":20,"Pantograph":30,"Strawberry":42,"Prayer Wheel":32,"Fusion Hammer":1,"Lee\u0027s Waffle":14,"Astrolabe":34,"Eternal Feather":9,"Letter Opener":26,"Shuriken":54,"Snecko Eye":17,"Ectoplasm":0,"PureWater":0,"Toy Ornithopter":12,"TungstenRod":29},{"Regal Pillow":13,"Calipers":30,"CeramicFish":23,"Yang":29,"Bag of Preparation":4,"Incense Burner":20,"Ancient Tea Set":3,"Smiling Mask":21,"Sling":29,"Blood Vial":14,"Dream Catcher":13,"Shovel":10,"Pantograph":15,"Strawberry":22,"Prayer Wheel":16,"Fusion Hammer":1,"Lee\u0027s Waffle":7,"Astrolabe":17,"Eternal Feather":3,"Letter Opener":13,"Shuriken":29,"Snecko Eye":8,"Ectoplasm":0,"PureWater":0,"Toy Ornithopter":6,"TungstenRod":15},{"Regal Pillow":50,"Calipers":135,"CeramicFish":91,"Yang":130,"Bag of Preparation":12,"Incense Burner":77,"Ancient Tea Set":7,"Smiling Mask":84,"Sling":130,"Blood Vial":52,"Dream Catcher":50,"Shovel":41,"Pantograph":55,"Strawberry":88,"Prayer Wheel":59,"Fusion Hammer":1,"Lee\u0027s Waffle":25,"Astrolabe":67,"Eternal Feather":7,"Letter Opener":50,"Shuriken":130,"Snecko Eye":37,"Ectoplasm":0,"PureWater":0,"Toy Ornithopter":20,"TungstenRod":55}],"Toy Ornithopter":30,"TungstenRod":44},"card_choices":[{"not_picked":["ClearTheMind","ThirdEye"],"picked":"FlurryOfBlows","floor":1.0},{"not_picked":["Swivel","Crescendo"],"picked":"CutThroughFate","floor":2.0},{"not_picked":["Vengeance","FlyingSleeves"],"picked":"BowlingBash","floor":7.0},{"not_picked":["EmptyBody","EmptyFist"],"picked":"Wireheading","floor":10.0},{"not_picked":["WaveOfTheHand","SignatureMove"],"picked":"ThirdEye","floor":11.0},{"not_picked":["BowlingBash","Perseverance"],"picked":"MentalFortress","floor":12.0},{"not_picked":["CrushJoints","Protect"],"picked":"Wallop","floor":13.0},{"not_picked":["Establishment","ConjureBlade"],"picked":"Brilliance","floor":16.0},{"not_picked":["FlyingSleeves","Halt"],"picked":"Wallop+1","floor":18.0},{"not_picked":["FollowUp","Prostrate+1","ClearTheMind"],"picked":"SKIP","floor":19.0},{"not_picked":["Wallop","Perseverance","Weave"],"picked":"SKIP","floor":21.0},{"not_picked":["ConjureBlade","PathToVictory","Evaluate"],"picked":"SKIP","floor":22.0},{"not_picked":["ThirdEye","Halt"],"picked":"Wallop+1","floor":23.0},{"not_picked":["CutThroughFate","EmptyMind","FlyingSleeves"],"picked":"SKIP","floor":27.0},{"not_picked":["EmptyFist","SashWhip"],"picked":"MentalFortress+1","floor":29.0},{"not_picked":["PathToVictory","Halt"],"picked":"InnerPeace+1","floor":31.0},{"not_picked":["ConjureBlade","Ragnarok"],"picked":"Wish","floor":33.0},{"not_picked":["ClearTheMind","Nirvana","WindmillStrike"],"picked":"SKIP","floor":35.0},{"not_picked":["PathToVictory+1","CutThroughFate","Conclude"],"picked":"SKIP","floor":35.0},{"not_picked":["EmptyMind","Perseverance+1"],"picked":"Worship","floor":37.0},{"not_picked":["Conclude","Wireheading","ClearTheMind"],"picked":"SKIP","floor":37.0},{"not_picked":["DeceiveReality+1","Consecrate","JustLucky"],"picked":"SKIP","floor":40.0},{"not_picked":["Blasphemy","Prostrate"],"picked":"Ragnarok","floor":42.0},{"not_picked":["FlyingSleeves","WreathOfFlame+1"],"picked":"Tantrum","floor":44.0},{"not_picked":["Protect+1","CutThroughFate"],"picked":"WaveOfTheHand+1","floor":45.0},{"not_picked":["CrushJoints","ClearTheMind","CarveReality"],"picked":"SKIP","floor":45.0},{"not_picked":["Adaptation+1","Swivel"],"picked":"Worship","floor":46.0},{"not_picked":["Protect","EmptyFist"],"picked":"EmptyBody","floor":46.0},{"not_picked":["BowlingBash+1","Establishment","FollowUp"],"picked":"SKIP","floor":47.0},{"not_picked":["PathToVictory","FlurryOfBlows","MentalFortress"],"picked":"SKIP","floor":47.0},{"not_picked":["WindmillStrike+1","Devotion"],"picked":"Meditate","floor":48.0},{"not_picked":["ThirdEye","JustLucky+1","SashWhip+1"],"picked":"SKIP","floor":48.0},{"not_picked":["ClearTheMind","Nirvana"],"picked":"EmptyMind","floor":49.0},{"not_picked":["Crescendo","Weave","CrushJoints"],"picked":"SKIP","floor":55}],"player_experience":995969,"relics_obtained":[{"floor":7.0,"key":"Ancient Tea Set"},{"floor":9.0,"key":"Eternal Feather"},{"floor":10.0,"key":"Bag of Preparation"},{"floor":12.0,"key":"Toy Ornithopter"},{"floor":23.0,"key":"Dream Catcher"},{"floor":24.0,"key":"Regal Pillow"},{"floor":26.0,"key":"Letter Opener"},{"floor":28.0,"key":"Blood Vial"},{"floor":29.0,"key":"TungstenRod"},{"floor":30.0,"key":"Pantograph"},{"floor":32.0,"key":"Prayer Wheel"},{"floor":38.0,"key":"Incense Burner"},{"floor":40.0,"key":"Smiling Mask"},{"floor":42.0,"key":"Strawberry"},{"floor":44.0,"key":"CeramicFish"},{"floor":53.0,"key":"Yang"},{"floor":55,"key":"Calipers"}],"event_choices":[{"cards_removed":["Strike_P"],"damage_healed":0.0,"max_hp_gain":0.0,"max_hp_loss":0.0,"gold_gain":0.0,"event_name":"Living Wall","player_choice":"Forget","floor":3.0,"gold_loss":0.0,"damage_taken":0.0},{"damage_healed":0.0,"max_hp_gain":0.0,"max_hp_loss":0.0,"gold_gain":75.0,"event_name":"betterThird:BetterGoop","player_choice":"Gold","floor":4.0,"gold_loss":0.0,"damage_taken":11.0},{"damage_healed":0.0,"max_hp_gain":5.0,"max_hp_loss":0.0,"gold_gain":0.0,"event_name":"Big Fish","player_choice":"Donut","floor":5.0,"gold_loss":0.0,"damage_taken":0.0},{"damage_healed":0.0,"max_hp_gain":0.0,"max_hp_loss":0.0,"gold_gain":0.0,"event_name":"WeMeetAgain","player_choice":"Gave Potion","floor":20.0,"gold_loss":0.0,"damage_taken":0.0,"relics_obtained":["Shovel"]},{"damage_healed":0.0,"max_hp_gain":0.0,"max_hp_loss":0.0,"gold_gain":0.0,"event_name":"Mysterious Sphere","player_choice":"Fight","floor":38.0,"gold_loss":0.0,"damage_taken":0.0},{"damage_healed":0.0,"max_hp_gain":0.0,"max_hp_loss":0.0,"gold_gain":0.0,"event_name":"SensoryStone","player_choice":"Memory 3","floor":39.0,"gold_loss":0.0,"damage_taken":10.0}],"is_beta":false,"boss_relics":[{"not_picked":["Pandora\u0027s Box","Cursed Key"],"picked":"Snecko Eye"},{"not_picked":["SlaversCollar","Runic Pyramid"],"picked":"Astrolabe"}],"items_purged_floors":[14,25,36,54],"is_endless":false,"potions_floor_spawned":[2,7,10,19,21,31,33,38,42,45,48,55],"ascension_level":20}}