{"host":"mytek2nu1hrzdnew","time":1609619023,"event":{"mods":["Aspiration","BaseMod","Conspire","Evolution","GifTheSpireLib","Gold Saver","Hubris","Minty Spire (QoL Compilation)","Replay The Spire","StSLib","Stuff the Spire","Uncapped"],"gold_per_floor":[560,560,90,105,119,145,145,178,178,197,197,197,197,212,212,312,312,325,341,357,456,162,190,190,223,246,260,275,275,190,130,130,130,130],"floor_reached":33,"playtime":1353,"items_purged":["Strike_B"],"score":397,"play_id":"02c8c331-e07e-4b80-860a-21976546c0af","local_time":"20210102152343","is_ascension_mode":true,"campfire_choices":[{"floor":7,"key":"REST"},{"floor":11,"key":"REST"},{"floor":15,"key":"REST"},{"floor":24,"key":"REST"},{"floor":29,"key":"REST"},{"floor":32,"key":"REST"}],"circlet_count":0,"master_deck":["Strike_B","Strike_B","Strike_B+1","Defend_B","Defend_B+1","Defend_B+1","Zap","Double Energy","Ball Lightning+1","Heatsinks+1","ReplayTheSpireMod:Brewmster","StuffTheSpire:Snapshot+1","StuffTheSpire:Synthwave","Thunder Strike","Barrage","Gash","ReplayTheSpireMod:Private Reserves","Ball Lightning","StuffTheSpire:Snapshot","StuffTheSpire:Snapshot"],"relics":["Cracked Core","EVO:Axolotl","ReplayTheSpireMod:TigerMarble","Gremlin Food","aspiration:StickyExplosives_weak","Bag of Marbles","hubris:PeanutButter","SacredBark","hubris:ToyBattleship","Golden Egg","White Beast Statue","Strawberry","conspire:TopHat"],"acts_visited":["Exordium","TheCity"],"potions_floor_usage":[5,5,6,6,6,8,10,16,16,16,16,16,18,18,18,18,19,19,19,20,20,23,23,23,23,25,25,25,25,27,27,28,28,33,33],"damage_taken":[{"damage":1,"enemies":"Cultist","floor":1,"turns":3},{"damage":2,"enemies":"Jaw Worm","floor":4,"turns":3},{"damage":5,"enemies":"2 Louse","floor":5,"turns":3},{"damage":20,"enemies":"Lagavulin","floor":6,"turns":5},{"damage":67,"enemies":"Gremlin Nob","floor":8,"turns":5},{"damage":0,"enemies":"Blue Slaver","floor":10,"turns":4},{"damage":9,"enemies":"Looter","floor":14,"turns":3},{"damage":0,"enemies":"Slime Boss","floor":16,"turns":4},{"damage":25,"enemies":"Spheric Guardian","floor":18,"turns":5},{"damage":10,"enemies":"3 Byrds","floor":19,"turns":3},{"damage":10,"enemies":"3 Cultists","floor":20,"turns":4},{"damage":19,"enemies":"Book of Stabbing","floor":23,"turns":4},{"damage":24,"enemies":"Gremlin Leader","floor":25,"turns":4},{"damage":0,"enemies":"Chosen and Byrds","floor":27,"turns":3},{"damage":6,"enemies":"Centurion and Healer","floor":28,"turns":5},{"damage":69,"enemies":"Automaton","floor":33,"turns":6}],"seed_played":"-673964871692272411","potions_obtained":[{"floor":4,"key":"SkillPotion"},{"floor":6,"key":"BlessingOfTheForge"},{"floor":18,"key":"Adrenaline Potion"},{"floor":19,"key":"SkillPotion"},{"floor":25,"key":"PowerPotion"}],"is_trial":false,"path_per_floor":["M","T","$","M","M","E","R","E","T","M","R","?","?","M","R","B",null,"M","M","M","?","$","E","R","E","T","M","M","R","?","?","R","B"],"character_chosen":"DEFECT","items_purchased":["Heatsinks","Gremlin Food","ReplayTheSpireMod:Brewmster","ReplayTheSpireMod:Private Reserves","hubris:ToyBattleship","BlessingOfTheForge"],"campfire_rested":6,"item_purchase_floors":[3,3,3,22,22,22],"current_hp_per_floor":[74,74,74,72,67,47,69,2,2,2,24,27,20,11,34,46,78,53,43,33,33,33,14,37,13,20,20,14,39,39,39,64,0,0],"gold":130,"neow_bonus":"TRANSFORM_CARD","is_daily":false,"chose_seed":false,"campfire_upgraded":0,"win_rate":0.0,"timestamp":1609619023,"path_taken":["M","?","$","M","M","E","R","E","T","M","R","?","?","M","R","BOSS","M","M","M","?","$","E","R","E","T","M","M","R","?","?","R","BOSS"],"items_purchased_type":["Card","Relic","Card","Card","Relic","Potion"],"build_version":"2020-12-22","purchased_purges":1,"victory":false,"max_hp_per_floor":[75,75,75,75,75,75,75,75,75,75,75,78,78,78,78,78,78,78,78,78,78,78,78,78,78,85,85,85,85,85,85,85,85,85],"card_choices":[{"not_picked":["Stack","StuffTheSpire:LoadUp"],"picked":"Ball Lightning","floor":1},{"not_picked":["Conserve Battery","Sweeping Beam","Stack"],"picked":"SKIP","floor":4},{"not_picked":["Panic Button","Crystallizer","Melter"],"picked":"SKIP","floor":5},{"not_picked":["Blizzard","Stack"],"picked":"StuffTheSpire:SnapShoot","floor":6},{"not_picked":["Tempest","Scrape"],"picked":"StuffTheSpire:Synthwave","floor":8},{"not_picked":["Streamline","ReplaySolidLightProjector","Melter"],"picked":"SKIP","floor":10},{"not_picked":["Cold Snap","Leap","ReplaySort"],"picked":"SKIP","floor":14},{"not_picked":["Hyperbeam","Seek"],"picked":"Thunder Strike","floor":16},{"not_picked":["Coolheaded","StuffTheSpire:CleanHardDrive","StuffTheSpire:Plugnplay"],"picked":"SKIP","floor":18},{"not_picked":["Go for the Eyes","Turbo"],"picked":"Barrage","floor":19},{"not_picked":["StuffTheSpire:CleanHardDrive+1","Core Surge"],"picked":"Gash","floor":20},{"not_picked":["Barrage","StuffTheSpire:Rend+1","Blizzard"],"picked":"SKIP","floor":23},{"not_picked":["Redo","Streamline"],"picked":"Ball Lightning","floor":25},{"not_picked":["Coolheaded+1","Redo","Rip and Tear"],"picked":"SKIP","floor":27},{"not_picked":["Undo","conspire:Rain","Rebound"],"picked":"SKIP","floor":28}],"player_experience":997897,"relics_obtained":[{"floor":2,"key":"ReplayTheSpireMod:TigerMarble"},{"floor":6,"key":"aspiration:StickyExplosives_weak"},{"floor":8,"key":"Bag of Marbles"},{"floor":9,"key":"hubris:PeanutButter"},{"floor":23,"key":"Golden Egg"},{"floor":25,"key":"White Beast Statue"},{"floor":26,"key":"Strawberry"}],"event_choices":[{"cards_removed":["Defend_B"],"damage_healed":0,"gold_gain":0,"player_choice":"Card Removal","damage_taken":7,"max_hp_gain":0,"max_hp_loss":0,"event_name":"Golden Wing","floor":13,"gold_loss":0},{"damage_healed":0,"gold_gain":99,"player_choice":"Stole From Cult","damage_taken":0,"max_hp_gain":0,"max_hp_loss":0,"event_name":"Nest","floor":21,"gold_loss":0},{"damage_healed":0,"gold_gain":0,"player_choice":"Obtained Relic","damage_taken":0,"relics_obtained":["conspire:TopHat"],"max_hp_gain":0,"max_hp_loss":0,"event_name":"Addict","floor":30,"gold_loss":85}],"is_beta":false,"boss_relics":[{"not_picked":["Honey Jar","aspiration:RunicSpoon"],"picked":"SacredBark"}],"items_purged_floors":[3],"is_endless":false,"potions_floor_spawned":[4,5,6,18,19,25,27,28],"killed_by":"Automaton","ascension_level":3}}