{"host":"aeidq2c3auzxo1yh","time":1609557672,"event":{"mods":["AchievementEnabler","BaseMod","Colored Map","Colored Powertips","Minty Spire (QoL Compilation)","Relic Stats","StSLib"],"gold_per_floor":[110,110,185,198,178,178,198,233,259,259,277,306,321,348,348,348,348],"floor_reached":16,"playtime":725,"items_purged":[],"score":240,"play_id":"b73f347d-bc03-4a14-9d7e-2b5ec2ebbd50","local_time":"20210102082112","is_ascension_mode":true,"campfire_choices":[{"data":"Noxious Fumes","floor":6,"key":"SMITH"},{"data":"Bandage Up","floor":10,"key":"SMITH"},{"floor":15,"key":"REST"}],"circlet_count":0,"master_deck":["AscendersBane","Strike_G","Strike_G","Strike_G","Strike_G","Strike_G","Defend_G","Defend_G","Defend_G","Defend_G","Defend_G","Survivor","Neutralize+1","Bandage Up+1","Noxious Fumes+1","Poisoned Stab","Deadly Poison","Backflip","Deflect","Deadly Poison","Crippling Poison"],"relics":["Ring of the Snake","Boot","Pen Nib","Letter Opener","MealTicket"],"acts_visited":["Exordium"],"potions_floor_usage":[8,8,12,14],"damage_taken":[{"damage":0,"enemies":"Jaw Worm","floor":1,"turns":6},{"damage":7,"enemies":"2 Louse","floor":4,"turns":4},{"damage":1,"enemies":"Cultist","floor":7,"turns":4},{"damage":35,"enemies":"3 Sentries","floor":8,"turns":6},{"damage":12,"enemies":"2 Fungi Beasts","floor":11,"turns":4},{"damage":31,"enemies":"Gremlin Nob","floor":12,"turns":4},{"damage":2,"enemies":"Exordium Thugs","floor":13,"turns":5},{"damage":13,"enemies":"Lagavulin","floor":14,"turns":5},{"damage":33,"enemies":"Slime Boss","floor":16,"turns":7}],"seed_played":"-9137666983667614517","potions_obtained":[{"floor":1,"key":"LiquidBronze"},{"floor":5,"key":"SpeedPotion"},{"floor":7,"key":"Regen Potion"},{"floor":11,"key":"Strength Potion"},{"floor":13,"key":"DistilledChaos"}],"is_trial":false,"path_per_floor":["M","?","?","M","?","R","M","E","T","R","M","E","M","E","R","B"],"character_chosen":"THE_SILENT","items_purchased":[],"campfire_rested":1,"item_purchase_floors":[],"current_hp_per_floor":[63,63,52,49,49,49,52,36,36,36,30,5,9,2,21,0,0],"gold":348,"neow_bonus":"RANDOM_COLORLESS","is_daily":false,"chose_seed":false,"campfire_upgraded":2,"win_rate":0.0,"timestamp":1609557672,"path_taken":["M","?","?","M","?","R","M","E","T","R","M","E","M","E","R","BOSS"],"items_purchased_type":[],"build_version":"2020-12-22","purchased_purges":0,"victory":false,"max_hp_per_floor":[66,66,66,66,66,66,66,66,66,66,66,66,66,66,66,66,66],"relic_stats":{"counters":[9,45],"MealTicket":0,"Pen Nib":[3],"Letter Opener":[30],"Boot":[17],"obtain_stats":[{"MealTicket":14,"Pen Nib":9,"Letter Opener":12,"Boot":8,"Ring of the Snake":0},{"MealTicket":8,"Pen Nib":4,"Letter Opener":6,"Boot":4,"Ring of the Snake":0},{"MealTicket":38,"Pen Nib":20,"Letter Opener":28,"Boot":20,"Ring of the Snake":0}],"Ring of the Snake":[18]},"card_choices":[{"not_picked":["Finesse","Trip"],"picked":"Bandage Up","floor":0},{"not_picked":["Poisoned Stab","Backflip"],"picked":"Noxious Fumes","floor":1},{"not_picked":["Dagger Throw","Reflex"],"picked":"Poisoned Stab","floor":4},{"not_picked":["Acrobatics","Caltrops"],"picked":"Deadly Poison","floor":7},{"not_picked":["Blade Dance","Choke"],"picked":"Backflip","floor":8},{"not_picked":["Acrobatics","Finisher"],"picked":"Deflect","floor":11},{"not_picked":["Sucker Punch","Bullet Time"],"picked":"Deadly Poison","floor":12},{"not_picked":["Riddle With Holes","Masterful Stab","Acrobatics"],"picked":"SKIP","floor":13},{"not_picked":["Terror","Deflect"],"picked":"Crippling Poison","floor":14}],"player_experience":879897,"relics_obtained":[{"floor":8,"key":"Boot"},{"floor":9,"key":"Pen Nib"},{"floor":12,"key":"Letter Opener"},{"floor":14,"key":"MealTicket"}],"event_choices":[{"damage_healed":0,"gold_gain":0,"player_choice":"Grow","damage_taken":0,"max_hp_gain":0,"max_hp_loss":0,"event_name":"Living Wall","floor":2,"gold_loss":0,"cards_upgraded":["Neutralize"]},{"damage_healed":0,"gold_gain":75,"player_choice":"Gather Gold","damage_taken":11,"max_hp_gain":0,"max_hp_loss":0,"event_name":"World of Goop","floor":3,"gold_loss":0},{"damage_healed":0,"gold_gain":0,"player_choice":"Bought 1 Potion","damage_taken":0,"max_hp_gain":0,"max_hp_loss":0,"event_name":"The Woman in Blue","floor":5,"gold_loss":0}],"is_beta":false,"boss_relics":[],"items_purged_floors":[],"is_endless":false,"potions_floor_spawned":[1,7,11,13],"killed_by":"Slime Boss","ascension_level":20}}