{"host":"t5h83eruwt5lxl3o","time":1609556730,"event":{"mods":["AchievementEnabler","Act Like it!","BaseMod","CapriCore","Colored Map","DeckTracker","Hermit","Highlight Path","Koishi","Marisa£¨Ùöéë¡¡Øª×âÞÞ£©","Minty Spire (QoL Compilation)","Permanent Neow","Quick Restart","StSLib","SuperFastMode","The Cursed","The Immortal","everything is the same but u backflip on backflip"],"gold_per_floor":[415,72,72,83,99,124,124,157,183,183,198,198,215,55,55,55,55],"floor_reached":16,"playtime":603,"items_purged":["Strike_R"],"score":198,"play_id":"6c0ef8d2-b30f-46a6-8db6-5afabe4aedb7","local_time":"20210102120530","is_ascension_mode":true,"campfire_choices":[{"data":"Hemokinesis","floor":7,"key":"SMITH"},{"data":"Brutality","floor":10,"key":"SMITH"},{"data":"Combust","floor":15,"key":"SMITH"}],"circlet_count":0,"master_deck":["AscendersBane","Strike_R","Strike_R","Strike_R","Strike_R","Defend_R","Defend_R","Defend_R","Defend_R","Bash","Cleave","Shrug It Off","Hemokinesis+1","Brutality+1","Heavy Blade","Hemokinesis","Combust+1"],"relics":["Burning Blood","Old Coin","Ginger","Nunchaku","Centennial Puzzle","Blood Vial"],"acts_visited":["Exordium"],"potions_floor_usage":[6,6,13,16,16],"damage_taken":[{"damage":10,"enemies":"2 Louse","floor":1,"turns":4},{"damage":5,"enemies":"Small Slimes","floor":4,"turns":3},{"damage":6,"enemies":"Cultist","floor":5,"turns":6},{"damage":9,"enemies":"3 Sentries","floor":6,"turns":4},{"damage":19,"enemies":"Gremlin Nob","floor":8,"turns":4},{"damage":3,"enemies":"2 Fungi Beasts","floor":11,"turns":2},{"damage":6,"enemies":"3 Louse","floor":13,"turns":3},{"damage":47,"enemies":"The Guardian","floor":16,"turns":7}],"seed_played":"3915078496965982889","potions_obtained":[{"floor":4,"key":"Explosive Potion"},{"floor":5,"key":"DuplicationPotion"},{"floor":6,"key":"EssenceOfSteel"},{"floor":11,"key":"GamblersBrew"},{"floor":13,"key":"LiquidBronze"}],"is_trial":false,"path_per_floor":["M","$","?","M","M","E","R","E","T","R","M","?","M","$","R","B"],"character_chosen":"IRONCLAD","items_purchased":["Ginger","Combust"],"campfire_rested":0,"item_purchase_floors":[2,14],"current_hp_per_floor":[46,46,51,52,52,49,49,36,36,36,41,41,43,43,43,0,0],"gold":55,"neow_bonus":"ONE_RARE_RELIC","is_daily":false,"chose_seed":false,"campfire_upgraded":3,"win_rate":0.0,"timestamp":1609556730,"path_taken":["M","$","?","M","M","E","R","E","T","R","M","?","?","$","R","BOSS"],"items_purchased_type":["Relic","Card"],"build_version":"2020-12-22","purchased_purges":1,"victory":false,"max_hp_per_floor":[75,75,80,80,80,80,80,80,80,80,80,80,80,80,80,80,80],"card_choices":[{"not_picked":["Perfected Strike","Anger"],"picked":"Cleave","floor":1},{"not_picked":["Heavy Blade","Rage"],"picked":"Shrug It Off","floor":4},{"not_picked":["Cleave","Clash"],"picked":"Hemokinesis","floor":5},{"not_picked":["Shrug It Off","Flame Barrier"],"picked":"Brutality","floor":6},{"not_picked":["True Grit","Entrench","Clothesline"],"picked":"SKIP","floor":8},{"not_picked":["Havoc","True Grit"],"picked":"Heavy Blade","floor":11},{"not_picked":["Thunderclap","Uppercut"],"picked":"Hemokinesis","floor":13}],"player_experience":642919,"relics_obtained":[{"floor":6,"key":"Nunchaku"},{"floor":8,"key":"Centennial Puzzle"},{"floor":9,"key":"Blood Vial"}],"event_choices":[{"damage_healed":0,"gold_gain":0,"player_choice":"Donut","damage_taken":0,"max_hp_gain":5,"max_hp_loss":0,"event_name":"Big Fish","floor":3,"gold_loss":0},{"damage_healed":0,"gold_gain":0,"player_choice":"0 cards matched","damage_taken":0,"max_hp_gain":0,"max_hp_loss":0,"event_name":"Match and Keep!","floor":12,"gold_loss":0,"cards_obtained":[]}],"is_beta":false,"boss_relics":[],"items_purged_floors":[14],"is_endless":false,"potions_floor_spawned":[4,5,6,11,13],"killed_by":"The Guardian","ascension_level":16}}