{"host":"w4b7hmige5bnqipq","time":1609573984,"event":{"mods":["2.2 Compatiblity","BaseMod","Colored Map","DeckTracker","Keyboard Shortcuts","Minty Spire (QoL Compilation)","Permanent Neow","Rare Cards Sparkle","SuperFastMode","everything is the same but u backflip on backflip","slay the spire mod where everything is the same but ironclad has a cowboy hat"],"gold_per_floor":[109,109,128,144,219,219,237,237,237],"floor_reached":8,"playtime":158,"items_purged":[],"score":96,"play_id":"20291a92-01a7-4d4f-8d47-1a956ae177c4","local_time":"20210102165304","is_ascension_mode":true,"campfire_choices":[{"data":"Wild Strike","floor":6,"key":"SMITH"}],"circlet_count":0,"master_deck":["AscendersBane","Strike_R","Strike_R","Strike_R","Defend_R","Defend_R","Defend_R","Bash","Intimidate","Cleave","Wild Strike+1","Body Slam"],"relics":["Burning Blood"],"acts_visited":["Exordium"],"potions_floor_usage":[8,8],"damage_taken":[{"damage":7,"enemies":"Cultist","floor":1,"turns":4},{"damage":8,"enemies":"Small Slimes","floor":3,"turns":5},{"damage":6,"enemies":"2 Louse","floor":4,"turns":2},{"damage":13,"enemies":"2 Fungi Beasts","floor":7,"turns":3},{"damage":30,"enemies":"Lagavulin","floor":8,"turns":4}],"seed_played":"-431225411696755795","potions_obtained":[{"floor":3,"key":"SneckoOil"},{"floor":4,"key":"Strength Potion"}],"is_trial":false,"path_per_floor":["M","?","M","M","?","R","M","E"],"character_chosen":"IRONCLAD","items_purchased":[],"campfire_rested":0,"item_purchase_floors":[],"current_hp_per_floor":[49,49,47,47,36,36,29,0,0],"gold":237,"neow_bonus":"REMOVE_TWO","is_daily":false,"chose_seed":false,"campfire_upgraded":1,"win_rate":0.0,"timestamp":1609573984,"path_taken":["M","?","M","M","?","R","M","E"],"items_purchased_type":[],"build_version":"2020-12-22","purchased_purges":0,"victory":false,"max_hp_per_floor":[75,75,75,75,75,75,75,75,75],"card_choices":[{"not_picked":["Heavy Blade","Iron Wave","Anger"],"picked":"SKIP","floor":1},{"not_picked":["Rupture","Spot Weakness"],"picked":"Cleave","floor":3},{"not_picked":["Thunderclap","Havoc"],"picked":"Wild Strike","floor":4},{"not_picked":["Havoc","Clash"],"picked":"Body Slam","floor":7}],"player_experience":451821,"relics_obtained":[],"event_choices":[{"damage_healed":0,"gold_gain":0,"cards_transformed":["Strike_R"],"player_choice":"Change","damage_taken":0,"max_hp_gain":0,"max_hp_loss":0,"event_name":"Living Wall","floor":2,"gold_loss":0,"cards_obtained":["Intimidate"]},{"damage_healed":0,"gold_gain":75,"player_choice":"Gather Gold","damage_taken":11,"max_hp_gain":0,"max_hp_loss":0,"event_name":"World of Goop","floor":5,"gold_loss":0}],"is_beta":false,"boss_relics":[],"items_purged_floors":[],"is_endless":false,"potions_floor_spawned":[3,4],"killed_by":"Lagavulin","ascension_level":20}}