{"host":"kdt6w7ix8lwe69i9","time":1609574146,"event":{"mods":["Bartender","BaseMod","ChefMod","Downfall","Fiend Mod","Jorbs\u0027s Wanderer Trilogy","Minty Spire (QoL Compilation)","Reimu（博丽灵梦）","Robot Space Explorer","StSLib","The Caster","The Cursed","The Disciple","The Dragon Tamer","The Druid","The Elementalist","The Forsaken","The Gatherer","The Judge","The Marked","TheBandit"],"gold_per_floor":[113,131,131,131,156,190,190,190,190,230,405,405,426,196,196,315,315,329,329,329,329,279,279,279],"floor_reached":23,"playtime":1684,"items_purged":["Doubt"],"score":195,"play_id":"1dc7fd19-8348-41a2-a13a-dbe42a0d6719","local_time":"20210102025546","is_ascension_mode":false,"campfire_choices":[{"data":"caster:FlashFrost","floor":7,"key":"SMITH"},{"floor":12,"key":"REST"},{"floor":15,"key":"REST"}],"circlet_count":0,"master_deck":["caster:Meteor","caster:DivertFocus","caster:strike","caster:strike","caster:strike","caster:strike","caster:defend","caster:defend","caster:defend","caster:defend","caster:defend","caster:StormGust","caster:LightningBolt","caster:LightningBolt","Injury","caster:FlashFrost+1","caster:IcicleLance","caster:Thundara+1","caster:GlacialShield","caster:Incinerate","caster:LightningBolt","caster:AbsoluteZero","caster:FireWall","caster:EchoingVoice","caster:QuickCast","caster:ShortenedChant","caster:IcicleLance","caster:ShivasGrace"],"relics":["caster:MagicBook","Bloody Idol","StrikeDummy","Art of War","Orrery","SacredBark"],"acts_visited":["Exordium","TheCity"],"potions_floor_usage":[18],"damage_taken":[{"damage":2,"enemies":"Cultist","floor":1,"turns":5},{"damage":4,"enemies":"Jaw Worm","floor":2,"turns":4},{"damage":0,"enemies":"2 Louse","floor":5,"turns":3},{"damage":10,"enemies":"3 Sentries","floor":6,"turns":5},{"damage":27,"enemies":"Lagavulin","floor":10,"turns":8},{"damage":6,"enemies":"Looter","floor":13,"turns":3},{"damage":34,"enemies":"Slime Boss","floor":16,"turns":9},{"damage":6,"enemies":"Chosen","floor":18,"turns":5},{"damage":53,"enemies":"Book of Stabbing","floor":23,"turns":5}],"seed_played":"-8759436717550374249","potions_obtained":[{"floor":10,"key":"Guardian:BlockOnCardUsePotion"},{"floor":16,"key":"Fire Potion"}],"is_trial":false,"path_per_floor":["M","M","?","?","M","E","R","?","T","E","?","R","M","$","R","B",null,"M","?","?","?","?","E"],"character_chosen":"THE_CASTER","items_purchased":["Orrery"],"campfire_rested":2,"item_purchase_floors":[14],"current_hp_per_floor":[56,52,52,52,52,42,42,42,42,15,15,32,26,26,43,9,58,52,52,52,52,52,0,0],"gold":279,"neow_bonus":"THREE_RARE_CARDS","is_daily":false,"chose_seed":false,"campfire_upgraded":1,"win_rate":0.0,"timestamp":1609574146,"path_taken":["M","?","?","?","M","E","R","?","T","E","?","R","?","$","R","BOSS","M","?","?","?","?","E"],"items_purchased_type":["Relic"],"build_version":"2020-12-22","purchased_purges":1,"victory":false,"max_hp_per_floor":[58,58,58,58,58,58,58,58,58,58,58,58,58,58,58,58,58,58,58,58,58,58,58,58],"card_choices":[{"not_picked":["caster:EchoingVoice","caster:PhoenixFlare"],"picked":"caster:StormGust","floor":0},{"not_picked":["caster:Sleet","caster:FrostDriver"],"picked":"caster:LightningBolt","floor":1},{"not_picked":["caster:IcicleLance","caster:Charge"],"picked":"caster:LightningBolt","floor":2},{"not_picked":["caster:LAZER","caster:AlternatingCurrent"],"picked":"caster:FlashFrost","floor":5},{"not_picked":["caster:WallOfSwords","caster:FlashFrost"],"picked":"caster:IcicleLance","floor":6},{"not_picked":["caster:Demi","caster:Sandstorm"],"picked":"caster:GlacialShield","floor":10},{"not_picked":["caster:MagicBarrier","caster:ShivasGrace"],"picked":"caster:Incinerate","floor":13},{"not_picked":["caster:Charge","caster:Explosion"],"picked":"caster:LightningBolt","floor":14},{"not_picked":["caster:IzanagisObdurance","caster:MagicResonance"],"picked":"caster:AbsoluteZero","floor":14},{"not_picked":["caster:Rectify","caster:FlashFrost"],"picked":"caster:FireWall","floor":14},{"not_picked":["caster:Charge","caster:Sandstorm"],"picked":"caster:EchoingVoice","floor":14},{"not_picked":["caster:JupitelThunder","caster:BurnItDown"],"picked":"caster:QuickCast","floor":14},{"not_picked":["caster:Demi","caster:Susanoo"],"picked":"caster:ShortenedChant","floor":16},{"not_picked":["caster:StaticField+1","caster:Enfeeble+1"],"picked":"caster:IcicleLance","floor":18}],"player_experience":1697484,"relics_obtained":[{"floor":6,"key":"StrikeDummy"},{"floor":10,"key":"Art of War"}],"event_choices":[{"damage_healed":0,"gold_gain":0,"player_choice":"Ignored","damage_taken":0,"max_hp_gain":0,"max_hp_loss":0,"event_name":"Golden Wing","floor":3,"gold_loss":0},{"damage_healed":0,"gold_gain":0,"player_choice":"Take Wound","damage_taken":0,"relics_obtained":["Golden Idol"],"max_hp_gain":0,"max_hp_loss":0,"event_name":"Golden Idol","floor":4,"gold_loss":0,"cards_obtained":["Injury"]},{"damage_healed":0,"gold_gain":175,"player_choice":"AGREE","damage_taken":0,"max_hp_gain":0,"max_hp_loss":0,"event_name":"Liars Game","floor":11,"gold_loss":0,"cards_obtained":["Doubt"]},{"damage_healed":0,"gold_gain":0,"player_choice":"Read","damage_taken":0,"max_hp_gain":0,"max_hp_loss":0,"event_name":"The Library","floor":20,"gold_loss":0,"cards_obtained":["caster:ShivasGrace"]},{"damage_healed":0,"gold_gain":0,"player_choice":"Gave Idol","damage_taken":0,"relics_obtained":["Bloody Idol"],"max_hp_gain":0,"max_hp_loss":0,"event_name":"Forgotten Altar","floor":21,"relics_lost":["Golden Idol"],"gold_loss":0},{"damage_healed":0,"gold_gain":0,"player_choice":"Bet on Murderer","damage_taken":0,"max_hp_gain":0,"max_hp_loss":0,"event_name":"The Joust","floor":22,"gold_loss":50}],"is_beta":false,"boss_relics":[{"not_picked":["Empty Cage","Silver_Glasses"],"picked":"SacredBark"}],"items_purged_floors":[14],"is_endless":false,"potions_floor_spawned":[10,16],"killed_by":"Book of Stabbing","ascension_level":0}}