{"host":"pfy6u49v5s5r680p","time":1609590441,"event":{"mods":["BaseMod","Colored Map","DeckTracker","Highlight Path","Keyboard Shortcuts","Minty Spire (QoL Compilation)","Permanent Neow","Quick Restart","StSLib","SuperFastMode","everything is the same but u backflip on backflip"],"gold_per_floor":[119,119,219,32,56,97,121,121,168,168,192,236,51,72,72,196,196,214,239,68,68,82,82,19,19,19,43,78,3,23,54,54,173,173,189,189,210,223,238,238,271,271,271,305,109,132,171,187,187,187],"floor_reached":51,"playtime":2284,"items_purged":["Strike_P","Strike_P","Strike_P","Strike_P","Defend_P"],"score":1221,"play_id":"b98a3b0e-b834-4a35-8f9c-58ac0241b1eb","local_time":"20210102212721","is_ascension_mode":true,"campfire_choices":[{"data":"SandsOfTime","floor":8.0,"key":"SMITH"},{"data":"Eruption","floor":10.0,"key":"SMITH"},{"data":"Ragnarok","floor":15.0,"key":"SMITH"},{"data":"CrushJoints","floor":23.0,"key":"SMITH"},{"data":"Vault","floor":25.0,"key":"SMITH"},{"data":"Vigilance","floor":32.0,"key":"SMITH"},{"data":"Establishment","floor":40.0,"key":"SMITH"},{"floor":42.0,"key":"REST"},{"data":"Adaptation","floor":49,"key":"SMITH"}],"circlet_count":0,"master_deck":["Defend_P","Defend_P","Defend_P","Eruption+1","Vigilance+1","SandsOfTime+1","Halt","CrushJoints+1","Vault+1","Crescendo+1","Establishment+1","Halt+1","Adaptation+1"],"relics":["Busted Crown","Golden Idol","Membership Card","Potion Belt","Dream Catcher","Anchor","Vajra","Runic Pyramid","Toxic Egg 2","Blood Vial","Ancient Tea Set","Bag of Preparation","SlaversCollar","Regal Pillow","Letter Opener","PreservedInsect","Centennial Puzzle","Omamori"],"acts_visited":["Exordium","TheCity","TheBeyond"],"potions_floor_usage":[44,44,50,50],"damage_taken":[{"damage":1.0,"enemies":"Small Slimes","floor":1.0,"turns":3.0},{"damage":0.0,"enemies":"Jaw Worm","floor":5.0,"turns":5.0},{"damage":0.0,"enemies":"Gremlin Nob","floor":6.0,"turns":2.0},{"damage":0.0,"enemies":"Cultist","floor":7.0,"turns":4.0},{"damage":1.0,"enemies":"3 Louse","floor":11.0,"turns":4.0},{"damage":21.0,"enemies":"3 Sentries","floor":12.0,"turns":11.0},{"damage":0.0,"enemies":"Blue Slaver","floor":14.0,"turns":2.0},{"damage":0.0,"enemies":"Slime Boss","floor":16.0,"turns":4.0},{"damage":1.0,"enemies":"Spheric Guardian","floor":18.0,"turns":4.0},{"damage":0.0,"enemies":"Chosen","floor":19.0,"turns":2.0},{"damage":0.0,"enemies":"Shelled Parasite and Fungi","floor":22.0,"turns":3.0},{"damage":0.0,"enemies":"Cultist and Chosen","floor":27.0,"turns":4.0},{"damage":0.0,"enemies":"Book of Stabbing","floor":28.0,"turns":2.0},{"damage":12.0,"enemies":"Snake Plant","floor":30.0,"turns":3.0},{"damage":2.0,"enemies":"Gremlin Leader","floor":31.0,"turns":4.0},{"damage":0.0,"enemies":"Collector","floor":33.0,"turns":5.0},{"damage":0.0,"enemies":"3 Darklings","floor":35.0,"turns":3.0},{"damage":4.0,"enemies":"3 Shapes","floor":37.0,"turns":6.0},{"damage":13.0,"enemies":"Transient","floor":38.0,"turns":6.0},{"damage":26.0,"enemies":"Spire Growth","floor":39.0,"turns":5.0},{"damage":10.0,"enemies":"Giant Head","floor":41.0,"turns":7.0},{"damage":0,"enemies":"Reptomancer","floor":44,"turns":3},{"damage":19,"enemies":"3 Darklings","floor":46,"turns":3},{"damage":0,"enemies":"Giant Head","floor":47,"turns":5},{"damage":3,"enemies":"Sphere and 2 Shapes","floor":48,"turns":5},{"damage":17,"enemies":"Awakened One","floor":50,"turns":11}],"seed_played":"3681831593957404349","potions_obtained":[{"floor":1.0,"key":"Ancient Potion"},{"floor":5.0,"key":"SteroidPotion"},{"floor":11.0,"key":"GamblersBrew"},{"floor":14.0,"key":"BottledMiracle"},{"floor":18.0,"key":"BlessingOfTheForge"},{"floor":31.0,"key":"CultistPotion"},{"floor":33.0,"key":"BlessingOfTheForge"},{"floor":37.0,"key":"PowerPotion"},{"floor":39.0,"key":"LiquidMemories"},{"floor":47,"key":"PowerPotion"}],"is_trial":false,"path_per_floor":["M","?","?","$","M","E","M","R","T","R","M","E","$","M","R","B",null,"M","M","$","?","M","R","$","R","T","M","E","$","M","E","R","B",null,"M","?","M","M","M","R","E","R","T","E","$","M","E","M","R","B",null],"character_chosen":"WATCHER","items_purchased":["Membership Card","SandsOfTime","Ragnarok","Vajra","Toxic Egg 2","Adaptation","Centennial Puzzle"],"campfire_rested":1,"item_purchase_floors":[4,4,13,13,20,45,45],"current_hp_per_floor":[71,67,67,67,67,67,67,67,67,67,66,45,45,45,45,45,62,61,61,61,61,61,61,61,61,61,63,65,65,55,55,55,57,65,67,67,63,52,28,28,20,55,55,57,57,40,42,41,41,26],"gold":187,"neow_bonus":"BOSS_RELIC","is_daily":false,"chose_seed":false,"campfire_upgraded":8,"win_rate":0.0,"timestamp":1609590441,"path_taken":["M","?","?","$","M","E","M","R","T","R","M","E","$","?","R","BOSS","M","M","$","?","M","R","$","R","T","M","E","$","M","E","R","BOSS","M","?","M","M","M","R","E","R","T","E","$","M","E","M","R","BOSS"],"items_purchased_type":["Relic","Card","Card","Relic","Relic","Card","Relic"],"build_version":"2020-12-22","purchased_purges":5,"victory":true,"max_hp_per_floor":[72,67,67,67,67,67,67,67,67,67,67,67,67,67,67,67,67,67,67,67,67,67,67,67,67,67,67,67,67,67,67,67,67,67,67,67,67,67,67,67,67,67,67,67,67,67,67,67,67,67],"card_choices":[{"not_picked":["ReachHeaven"],"picked":"SKIP","floor":1.0},{"not_picked":["FlyingSleeves"],"picked":"SKIP","floor":5.0},{"not_picked":[],"picked":"Halt","floor":6.0},{"not_picked":["FlyingSleeves"],"picked":"SKIP","floor":7.0},{"not_picked":["FlyingSleeves"],"picked":"SKIP","floor":7.0},{"not_picked":["FlyingSleeves"],"picked":"SKIP","floor":7.0},{"not_picked":["CarveReality"],"picked":"SKIP","floor":11.0},{"not_picked":["CutThroughFate"],"picked":"SKIP","floor":12.0},{"not_picked":[],"picked":"CrushJoints","floor":14.0},{"not_picked":[],"picked":"Vault","floor":16.0},{"not_picked":["Worship"],"picked":"SKIP","floor":18.0},{"not_picked":["Swivel"],"picked":"SKIP","floor":19.0},{"not_picked":["BowlingBash"],"picked":"SKIP","floor":22.0},{"not_picked":["BowlingBash"],"picked":"SKIP","floor":22.0},{"not_picked":[],"picked":"Crescendo+1","floor":27.0},{"not_picked":["FlyingSleeves+1"],"picked":"SKIP","floor":28.0},{"not_picked":["Consecrate"],"picked":"SKIP","floor":30.0},{"not_picked":["SashWhip"],"picked":"SKIP","floor":31.0},{"not_picked":[],"picked":"Establishment","floor":33.0},{"not_picked":["Prostrate+1"],"picked":"SKIP","floor":35.0},{"not_picked":["CarveReality"],"picked":"SKIP","floor":37.0},{"not_picked":["EmptyFist+1"],"picked":"SKIP","floor":38.0},{"not_picked":["FlurryOfBlows"],"picked":"SKIP","floor":39.0},{"not_picked":[],"picked":"Halt+1","floor":41.0},{"not_picked":["Prostrate+1"],"picked":"SKIP","floor":44},{"not_picked":["FlyingSleeves+1"],"picked":"SKIP","floor":46},{"not_picked":["EmptyFist"],"picked":"SKIP","floor":47},{"not_picked":["Fasting2"],"picked":"SKIP","floor":48}],"player_experience":121553,"relics_obtained":[{"floor":6.0,"key":"Potion Belt"},{"floor":9.0,"key":"Dream Catcher"},{"floor":12.0,"key":"Anchor"},{"floor":26.0,"key":"Blood Vial"},{"floor":28.0,"key":"Ancient Tea Set"},{"floor":31.0,"key":"Bag of Preparation"},{"floor":41.0,"key":"Regal Pillow"},{"floor":43.0,"key":"Letter Opener"},{"floor":44,"key":"PreservedInsect"},{"floor":47,"key":"Omamori"}],"event_choices":[{"damage_healed":0.0,"max_hp_gain":0.0,"max_hp_loss":5.0,"gold_gain":0.0,"event_name":"Golden Idol","player_choice":"Lose Max HP","floor":2.0,"gold_loss":0.0,"damage_taken":0.0,"relics_obtained":["Golden Idol"]},{"damage_healed":0.0,"max_hp_gain":0.0,"max_hp_loss":0.0,"gold_gain":100.0,"event_name":"Golden Shrine","player_choice":"Pray","floor":3.0,"gold_loss":0.0,"damage_taken":0.0},{"damage_healed":0.0,"max_hp_gain":0.0,"max_hp_loss":0.0,"gold_gain":0.0,"event_name":"Vampires","player_choice":"Ignored","floor":21.0,"gold_loss":0.0,"damage_taken":0.0},{"cards_removed":["Ragnarok"],"damage_healed":0.0,"max_hp_gain":0.0,"max_hp_loss":0.0,"gold_gain":0.0,"event_name":"Falling","player_choice":"Removed Attack","floor":36.0,"gold_loss":0.0,"damage_taken":0.0}],"is_beta":false,"boss_relics":[{"not_picked":["Philosopher\u0027s Stone","VioletLotus"],"picked":"Runic Pyramid"},{"not_picked":["Astrolabe","Cursed Key"],"picked":"SlaversCollar"}],"items_purged_floors":[13,20,24,29,45],"is_endless":false,"potions_floor_spawned":[1,5,11,14,18,31,33,37,39,41,47],"ascension_level":5}}