{"host":"2v1wccdd5g2xowsh","time":1609580483,"event":{"mods":["BaseMod","Downfall","Hermit","Minty Spire (QoL Compilation)","Quick Restart","StSLib","SuperFastMode","The Cursed"],"gold_per_floor":[114,124,124,124,51,51,83,83,83,116,116,142,142,171,171,266,266,283,198,198,198,11,24,24,24],"floor_reached":24,"playtime":713,"items_purged":[],"score":304,"play_id":"c6e89eef-5ab4-478b-9f21-c5711469697a","local_time":"20210102174123","is_ascension_mode":true,"campfire_choices":[{"data":"Zap","floor":6,"key":"SMITH"},{"data":"Loop","floor":8,"key":"SMITH"},{"floor":11,"key":"REST"},{"floor":13,"key":"REST"},{"floor":15,"key":"REST"}],"circlet_count":0,"master_deck":["Strike_B","Strike_B","Strike_B","Strike_B","Defend_B","Defend_B","Defend_B","Defend_B","Zap+1","Dualcast+1","Loop+1","Sweeping Beam","Regret","BootSequence","Streamline","Reboot","Rip and Tear","Meteor Strike","Thunder Strike","Static Discharge+1","Mayhem+1","Fusion"],"relics":["Cracked Core","NeowsBlessing","Gambling Chip","Blue Candle","Kunai","Sundial","Frozen Egg 2","Pear","Fusion Hammer","Lantern"],"acts_visited":["Exordium","TheCity"],"potions_floor_usage":[10,12],"damage_taken":[{"damage":0,"enemies":"2 Louse","floor":1,"turns":1},{"damage":0,"enemies":"Jaw Worm","floor":2,"turns":1},{"damage":0,"enemies":"3 Sentries","floor":7,"turns":1},{"damage":21,"enemies":"Lagavulin","floor":10,"turns":4},{"damage":26,"enemies":"3 Sentries","floor":12,"turns":5},{"damage":21,"enemies":"Lagavulin","floor":14,"turns":5},{"damage":65,"enemies":"Hexaghost","floor":16,"turns":9},{"damage":17,"enemies":"2 Thieves","floor":18,"turns":3},{"damage":1,"enemies":"Spheric Guardian","floor":23,"turns":3},{"damage":56,"enemies":"Book of Stabbing","floor":24,"turns":4}],"seed_played":"8585546637382592825","potions_obtained":[{"floor":1,"key":"Slimebound:ThreeZeroPotion"},{"floor":7,"key":"SkillPotion"},{"floor":16,"key":"Ancient Potion"},{"floor":18,"key":"FocusPotion"}],"is_trial":false,"path_per_floor":["M","M","?","?","$","R","E","R","T","E","R","E","R","E","R","B",null,"M","?","?","?","$","M","E"],"character_chosen":"DEFECT","items_purchased":["BootSequence","Mayhem+1"],"campfire_rested":3,"item_purchase_floors":[5,22],"current_hp_per_floor":[75,75,75,75,75,75,75,75,75,54,75,49,71,60,85,20,85,68,68,68,52,52,51,0,0],"gold":24,"neow_bonus":"THREE_ENEMY_KILL","is_daily":false,"chose_seed":false,"campfire_upgraded":2,"win_rate":0.0,"timestamp":1609580483,"path_taken":["M","M","?","?","?","R","E","R","T","E","R","E","R","E","R","BOSS","M","?","?","?","$","M","E"],"items_purchased_type":["Card","Card"],"build_version":"2020-12-22","purchased_purges":0,"victory":false,"max_hp_per_floor":[75,75,75,75,75,75,75,75,75,75,75,75,75,85,85,85,85,85,85,85,90,90,90,90,90],"card_choices":[{"not_picked":["Scrape","Ball Lightning"],"picked":"Loop","floor":1},{"not_picked":["Compile Driver","Leap"],"picked":"Sweeping Beam","floor":2},{"not_picked":["Steam","Compile Driver"],"picked":"Streamline","floor":7},{"not_picked":["Blizzard","Barrage"],"picked":"Reboot","floor":10},{"not_picked":["Go for the Eyes","Redo"],"picked":"Rip and Tear","floor":12},{"not_picked":["Auto Shields","Scrape"],"picked":"Meteor Strike","floor":14},{"not_picked":["Multi-Cast","Reboot"],"picked":"Thunder Strike","floor":16},{"not_picked":["BootSequence+1","Auto Shields"],"picked":"Static Discharge+1","floor":18},{"not_picked":["Consume","Coolheaded"],"picked":"Fusion","floor":23}],"player_experience":270705,"relics_obtained":[{"floor":7,"key":"Blue Candle"},{"floor":9,"key":"Kunai"},{"floor":10,"key":"Sundial"},{"floor":12,"key":"Frozen Egg 2"},{"floor":14,"key":"Pear"}],"event_choices":[{"damage_healed":0,"gold_gain":0,"player_choice":"Box","damage_taken":0,"relics_obtained":["Gambling Chip"],"max_hp_gain":0,"max_hp_loss":0,"event_name":"Big Fish","floor":3,"gold_loss":0,"cards_obtained":["Regret"]},{"damage_healed":0,"gold_gain":0,"player_choice":"Grow","damage_taken":0,"max_hp_gain":0,"max_hp_loss":0,"event_name":"Living Wall","floor":4,"gold_loss":0,"cards_upgraded":["Dualcast"]},{"damage_healed":0,"gold_gain":0,"player_choice":"Obtained Relic","damage_taken":0,"relics_obtained":["Lantern"],"max_hp_gain":0,"max_hp_loss":0,"event_name":"Addict","floor":19,"gold_loss":85},{"damage_healed":0,"gold_gain":0,"player_choice":"Ignored","damage_taken":0,"max_hp_gain":0,"max_hp_loss":0,"event_name":"Ghosts","floor":20,"gold_loss":0},{"damage_healed":0,"gold_gain":0,"player_choice":"Shed Blood","damage_taken":21,"max_hp_gain":5,"max_hp_loss":0,"event_name":"Forgotten Altar","floor":21,"gold_loss":0}],"is_beta":false,"boss_relics":[{"not_picked":["Pandora\u0027s Box","Coffee Dripper"],"picked":"Fusion Hammer"}],"items_purged_floors":[],"is_endless":false,"potions_floor_spawned":[1,7,16,18],"killed_by":"Book of Stabbing","ascension_level":3}}