{"host":"4sl6z5xrlou33vwc","time":1609607433,"event":{"mods":["AchievementEnabler","BaseMod","Colored Powertips","DeckTracker","Downfall","Minty Spire (QoL Compilation)","StSLib"],"gold_per_floor":[99,112,129,129,149,160,160,160,65,78,78,95,95,112,130,233,233,233,233],"floor_reached":17,"playtime":1226,"items_purged":[],"score":151,"play_id":"4939307b-a1b1-4f4c-86c1-a0d19979b289","local_time":"20210102181033","is_ascension_mode":false,"campfire_choices":[{"data":"Slimebound:CorrosiveSpit","floor":1,"key":"SMITH"},{"data":"Slimebound:OozeBath","floor":8,"key":"SMITH"},{"data":"Slimebound:Gluttony","floor":11,"key":"SMITH"},{"data":"Slimebound:SplitBruiser","floor":13,"key":"SMITH"}],"circlet_count":0,"master_deck":["Slimebound:Strike_Slimebound","Slimebound:Strike_Slimebound","Slimebound:Strike_Slimebound","Slimebound:Tackle","Slimebound:Defend_Slimebound","Slimebound:Defend_Slimebound","Slimebound:Defend_Slimebound","Slimebound:Defend_Slimebound","Slimebound:Split+1","Slimebound:CorrosiveSpit+1","Slimebound:RollThrough","Slimebound:ViciousTackle","Slimebound:SplitAcid","Slimebound:OozeBath+1","Slimebound:LeechLife","Slimebound:SlimeTap","Slimebound:Gluttony+1","Slimebound:SplitBruiser+1","Slimebound:FormOfPuddle","Slimebound:SplitMire","Slimebound:MassRepurpose"],"relics":["Slimebound:AbsorbEndCombat","downfall:Hecktoplasm"],"acts_visited":["Exordium","TheCity"],"potions_floor_usage":[14,15],"damage_taken":[{"damage":6,"enemies":"2 Louse","floor":2,"turns":2},{"damage":5,"enemies":"Cultist","floor":3,"turns":3},{"damage":9,"enemies":"Jaw Worm","floor":5,"turns":3},{"damage":22,"enemies":"Large Slime","floor":6,"turns":4},{"damage":20,"enemies":"downfall:FleeingMerchant","floor":9,"turns":4},{"damage":4,"enemies":"Exordium Wildlife","floor":10,"turns":2},{"damage":18,"enemies":"3 Louse","floor":12,"turns":2},{"damage":16,"enemies":"Gremlin Gang","floor":14,"turns":2},{"damage":13,"enemies":"3 Louse","floor":15,"turns":2},{"damage":44,"enemies":"downfall:Watcher","floor":16,"turns":6}],"seed_played":"-1556654787525308679","potions_obtained":[{"floor":2,"key":"Explosive Potion"},{"floor":12,"key":"Dexterity Potion"},{"floor":14,"key":"Fire Potion"},{"floor":16,"key":"Block Potion"}],"is_trial":false,"path_per_floor":["R","M","M","?","M","M","T","R","$","M","R","M","R","M","M","B",null],"character_chosen":"SLIMEBOUND","items_purchased":["Slimebound:SlimeTap"],"campfire_rested":0,"item_purchase_floors":[9],"current_hp_per_floor":[66,66,65,65,66,60,60,60,58,65,65,61,61,62,63,51,66,66,66],"gold":233,"neow_bonus":"TEN_PERCENT_HP_BONUS","is_daily":false,"chose_seed":false,"campfire_upgraded":4,"win_rate":0.0,"timestamp":1609607433,"path_taken":["R","M","M","?","M","M","T","R","$","M","R","M","R","?","M","BOSS"],"items_purchased_type":["Card"],"build_version":"2020-12-22","purchased_purges":0,"victory":false,"max_hp_per_floor":[66,66,66,66,66,66,66,66,66,66,66,66,66,66,66,66,66,66,66],"card_choices":[{"not_picked":["Slimebound:SpikyOuterGoop","Slimebound:SlimeSpikes"],"picked":"Slimebound:RollThrough","floor":2},{"not_picked":["Slimebound:TongueLash","Slimebound:Chomp"],"picked":"Slimebound:ViciousTackle","floor":3},{"not_picked":["Slimebound:LeechEnergy","Slimebound:RollThrough"],"picked":"Slimebound:SplitAcid","floor":5},{"not_picked":["Slimebound:Schlurp","Slimebound:LeechEnergy"],"picked":"Slimebound:OozeBath","floor":6},{"not_picked":["Slimebound:FinishingTackle","Slimebound:AcidTongue"],"picked":"Slimebound:LeechLife","floor":9},{"not_picked":["Slimebound:Schlurp","Slimebound:GrowthPunch"],"picked":"Slimebound:Gluttony","floor":10},{"not_picked":["Slimebound:PressTheAttack","Slimebound:SlimeTap"],"picked":"Slimebound:SplitBruiser","floor":12},{"not_picked":["Slimebound:GrowthPunch","Slimebound:ViciousTackle"],"picked":"Slimebound:FormOfPuddle","floor":14},{"not_picked":["Slimebound:SplitBruiser","Slimebound:ComboTackle"],"picked":"Slimebound:SplitMire","floor":15},{"not_picked":["Slimebound:SelfFormingGoo","Slimebound:OneTwoCombo"],"picked":"Slimebound:MassRepurpose","floor":16}],"player_experience":352787,"relics_obtained":[],"event_choices":[{"damage_healed":0,"gold_gain":0,"player_choice":"Upgraded","damage_taken":0,"max_hp_gain":0,"max_hp_loss":0,"event_name":"Upgrade Shrine","floor":4,"gold_loss":0,"cards_upgraded":["Slimebound:Split"]}],"is_beta":false,"boss_relics":[{"not_picked":["Runic Pyramid","Runic Dome"],"picked":"downfall:Hecktoplasm"}],"items_purged_floors":[],"is_endless":false,"potions_floor_spawned":[2,12,14,16],"ascension_level":0}}