{"host":"4w8ocelhatf0iefc","time":1609591623,"event":{"mods":["AchievementEnabler","Act Like it!","Aspiration","BaseMod","Colored Map","Colored Powertips","Downfall","GifTheSpireLib","Hubris","Infinite Spire","Minty Spire (QoL Compilation)","Replay The Spire","StSLib","The Necromancer"],"gold_per_floor":[114,132,132,149,224,224,224,253,306,306,4,4,17,29,29,127,127,144,163,182,182,30,63,94,21,33,45,45],"floor_reached":27,"playtime":1045,"items_purged":["Languid"],"score":233,"play_id":"166d1040-00e0-4a4b-b4ce-08b5860fc7eb","local_time":"20210102204703","is_ascension_mode":false,"campfire_choices":[{"data":"Negative_Energy_Arrows","floor":6,"key":"SMITH"},{"data":"Summon_Lich","floor":12,"key":"SMITH"},{"data":"Hellfire","floor":15,"key":"SMITH"}],"circlet_count":0,"master_deck":["Strike_W","Strike_W","Strike_W","Strike_W","Defend_W","Defend_W","Defend_W","Negative_Energy_Arrows+1","Bone_Wall","Negative_Energy_Sphere","Acid_Javelin","Blood_Is_Power","Violent_Necrosis","Summon_Undead","Bones_to_Steel","Detonate_Bones","Bone_Shift","Summon_Lich+1","Plague_Bolt","Deaths_Shadow","Hellfire+1","Reap_The_Weak","Negative_Energy_Shield+1","Bone_Armor+1","Shackles_Of_Pain","Slimebound:CheckThePlaybook","Slimebound:Icky","Blood_Wake","Blood_Curse"],"relics":["Vampire_Amulet","aspiration:HatOfInfinitePower","ReplayTheSpireMod:Ring of Addiction","ReplayTheSpireMod:Ring of Collecting","Toy Ornithopter","Potion Belt","Mango","Ring of Misfortune","Strawberry","Orrery","Painkiller Herb","Medical Kit","MawBank","Replay:Arrowhead","ReplayTheSpireMod:Ring of Exchange","Smiling Mask"],"acts_visited":["Exordium","TheCity"],"potions_floor_usage":[8,8,13,16,16,19,27],"damage_taken":[{"damage":5,"enemies":"Jaw Worm","floor":1,"turns":4},{"damage":0,"enemies":"Small Slimes","floor":2,"turns":3},{"damage":1,"enemies":"2 Louse","floor":4,"turns":2},{"damage":18,"enemies":"Gremlin Nob","floor":8,"turns":4},{"damage":1,"enemies":"Lots of Slimes","floor":13,"turns":2},{"damage":19,"enemies":"Gremlin Gang","floor":14,"turns":3},{"damage":8,"enemies":"Slime Boss","floor":16,"turns":6},{"damage":2,"enemies":"3 Byrds","floor":18,"turns":3},{"damage":18,"enemies":"2 Thieves","floor":19,"turns":3},{"damage":19,"enemies":"Centurion and Healer","floor":20,"turns":4},{"damage":25,"enemies":"Replay:Snechameleon","floor":23,"turns":4},{"damage":18,"enemies":"Snake Plant","floor":24,"turns":4},{"damage":35,"enemies":"Colosseum Slavers","floor":27,"turns":2}],"seed_played":"6102684967617515719","potions_obtained":[{"floor":2,"key":"LiquidMemories"},{"floor":4,"key":"Ancient Potion"},{"floor":7,"key":"Fire Potion"},{"floor":7,"key":"Adrenaline Potion"},{"floor":7,"key":"LiquidMemories"},{"floor":18,"key":"infinitespire:BlackPotion"},{"floor":19,"key":"sneckomod:MuddlingPotion"}],"is_trial":false,"path_per_floor":["M","M","?","M","T","R","?","E","T","?","$","R","M","M","R","B",null,"?","?","?","?","T","E","?","?","T","?"],"character_chosen":"NECROMANCER","items_purchased":["Summon_Undead","Orrery","Medical Kit"],"campfire_rested":0,"item_purchase_floors":[11,11,22],"current_hp_per_floor":[65,68,61,64,64,64,64,71,78,87,87,87,87,76,76,86,87,87,78,63,63,63,40,24,24,24,0,0],"gold":45,"neow_bonus":"ONE_RARE_RELIC","is_daily":false,"chose_seed":false,"campfire_upgraded":3,"win_rate":0.0,"timestamp":1609591623,"path_taken":["M","M","?","M","?","R","?","E","T","?","$","R","M","M","R","BOSS","?","?","?","?","T","E","?","?","T","?"],"items_purchased_type":["Card","Relic","Relic"],"build_version":"2020-12-22","purchased_purges":1,"victory":false,"max_hp_per_floor":[68,68,68,68,68,68,68,82,89,89,89,87,87,87,87,87,87,87,87,87,87,87,85,85,85,83,83,83],"card_choices":[{"not_picked":["Plague_Bolt","Epidemic"],"picked":"Negative_Energy_Sphere","floor":1},{"not_picked":["Bones_to_Steel","Negative_Energy_Mist"],"picked":"Acid_Javelin","floor":2},{"not_picked":["Negative_Energy_Sphere","Blood_Curse"],"picked":"Blood_Is_Power","floor":4},{"not_picked":["Death_Coil","Scare"],"picked":"Violent_Necrosis","floor":8},{"not_picked":["Bone_Prison","Shade_Step"],"picked":"Bones_to_Steel","floor":11},{"not_picked":["Chill_Blood","Plague_Bolt"],"picked":"Detonate_Bones","floor":11},{"not_picked":["Life_Tap","Death_March_Dance"],"picked":"Bone_Shift","floor":11},{"not_picked":["Finger_Of_Death","Necromantic_Selection"],"picked":"Summon_Lich","floor":11},{"not_picked":["Death_March_Dance","Negative_Energy_Sphere"],"picked":"Plague_Bolt","floor":11},{"not_picked":["Epidemic","Acid_Javelin"],"picked":"Deaths_Shadow","floor":13},{"not_picked":["Scare","Life_Tap"],"picked":"Hellfire","floor":14},{"not_picked":["Cloudkill","Grasp_Heart"],"picked":"Reap_The_Weak","floor":16},{"not_picked":["Necromantic_Selection+1","Death_Coil"],"picked":"Negative_Energy_Shield+1","floor":18},{"not_picked":["Bone_Shift+1","Scare"],"picked":"Bone_Armor+1","floor":19},{"not_picked":["Death_Knell","Negative_Energy_Shield"],"picked":"Shackles_Of_Pain","floor":20},{"not_picked":["Shade_Step","Negative_Energy_Sphere+1"],"picked":"Blood_Wake","floor":23},{"not_picked":["Bone_Spikes","Negative_Energy_Sphere+1"],"picked":"Blood_Curse","floor":24}],"player_experience":508948,"relics_obtained":[{"floor":7,"key":"ReplayTheSpireMod:Ring of Addiction"},{"floor":7,"key":"ReplayTheSpireMod:Ring of Collecting"},{"floor":7,"key":"Toy Ornithopter"},{"floor":7,"key":"Potion Belt"},{"floor":8,"key":"Mango"},{"floor":9,"key":"Ring of Misfortune"},{"floor":9,"key":"Strawberry"},{"floor":23,"key":"MawBank"},{"floor":26,"key":"ReplayTheSpireMod:Ring of Exchange"},{"floor":26,"key":"Smiling Mask"}],"event_choices":[{"cards_removed":["Defend_W"],"damage_healed":0,"gold_gain":0,"player_choice":"Card Removal","damage_taken":7,"max_hp_gain":0,"max_hp_loss":0,"event_name":"Golden Wing","floor":3,"gold_loss":0},{"damage_healed":0,"gold_gain":0,"player_choice":"Obtained Relic","damage_taken":0,"relics_obtained":["Replay:Arrowhead"],"max_hp_gain":0,"max_hp_loss":0,"event_name":"Addict","floor":25,"gold_loss":85},{"damage_healed":0,"gold_gain":0,"player_choice":"Fight","damage_taken":0,"max_hp_gain":0,"max_hp_loss":0,"event_name":"Colosseum","floor":27,"gold_loss":0}],"is_beta":false,"boss_relics":[{"not_picked":["Honey Jar","Snecko Eye"],"picked":"Painkiller Herb"}],"items_purged_floors":[11],"is_endless":false,"potions_floor_spawned":[2,4,18,19],"killed_by":"Colosseum Slavers","ascension_level":0}}