{"host":"foq4mrde4mssg7vt","time":1609609540,"event":{"mods":["AchievementEnabler","BaseMod","Colored Map","Colored Powertips","Highlight Path","Minty Spire (QoL Compilation)","Relic Stats","everything is the same but u backflip on backflip"],"gold_per_floor":[110,129,142,154,104,137,137,167,167,167,14,14,27,27,27,102,102,120,132,146,146,146,146,181,81,130,144,164,182,182,182,182,256,256,271,271,284,3,18,18,18,18],"floor_reached":41,"playtime":2263,"items_purged":["Strike_G","Pain"],"score":804,"play_id":"0ddfd67f-609e-4bf5-9024-d42da5fd5758","local_time":"20210103014540","is_ascension_mode":true,"campfire_choices":[{"data":"Bane","floor":7.0,"key":"SMITH"},{"floor":10.0,"key":"REST"},{"floor":15.0,"key":"REST"},{"floor":23.0,"key":"REST"},{"floor":30.0,"key":"REST"},{"floor":32.0,"key":"REST"},{"floor":40.0,"key":"REST"}],"circlet_count":0,"master_deck":["AscendersBane","Strike_G","Strike_G","Defend_G","Defend_G","Defend_G","Defend_G","Defend_G","Survivor","Neutralize","Dagger Throw","Deadly Poison","Bane+1","Cloak And Dagger","Adrenaline","Dagger Spray","Bouncing Flask","Malaise","Deflect+1","Leg Sweep+1","Backflip+1","Night Terror","Dash","Tools of the Trade","Night Terror","Well Laid Plans+1"],"relics":["Ring of the Snake","Oddly Smooth Stone","Ornamental Fan","Mummified Hand","WarpedTongs","Fusion Hammer","Lantern","SlaversCollar","HornCleat"],"acts_visited":["Exordium","TheCity","TheBeyond"],"potions_floor_usage":[41],"damage_taken":[{"damage":0.0,"enemies":"Small Slimes","floor":1.0,"turns":5.0},{"damage":0.0,"enemies":"Cultist","floor":2.0,"turns":3.0},{"damage":0.0,"enemies":"Jaw Worm","floor":3.0,"turns":3.0},{"damage":0.0,"enemies":"Lots of Slimes","floor":4.0,"turns":5.0},{"damage":26.0,"enemies":"Gremlin Nob","floor":6.0,"turns":4.0},{"damage":22.0,"enemies":"3 Sentries","floor":8.0,"turns":8.0},{"damage":0.0,"enemies":"2 Fungi Beasts","floor":13.0,"turns":3.0},{"damage":42.0,"enemies":"Slime Boss","floor":16.0,"turns":10.0},{"damage":10.0,"enemies":"2 Thieves","floor":18.0,"turns":4.0},{"damage":12.0,"enemies":"Chosen","floor":19.0,"turns":6.0},{"damage":9.0,"enemies":"3 Cultists","floor":20.0,"turns":5.0},{"damage":19.0,"enemies":"Book of Stabbing","floor":24.0,"turns":8.0},{"damage":0.0,"enemies":"Sentry and Sphere","floor":27.0,"turns":5.0},{"damage":3.0,"enemies":"Snecko","floor":28.0,"turns":6.0},{"damage":0.0,"enemies":"Centurion and Healer","floor":29.0,"turns":7.0},{"damage":45.0,"enemies":"Automaton","floor":33.0,"turns":17.0},{"damage":0.0,"enemies":"3 Shapes","floor":35.0,"turns":4.0},{"damage":15.0,"enemies":"3 Darklings","floor":37.0,"turns":8.0},{"damage":33.0,"enemies":"Jaw Worm Horde","floor":39.0,"turns":7.0},{"damage":28,"enemies":"Giant Head","floor":41,"turns":8}],"seed_played":"-8725980935758732903","potions_obtained":[{"floor":2.0,"key":"SkillPotion"},{"floor":3.0,"key":"Strength Potion"},{"floor":16.0,"key":"Fire Potion"},{"floor":18.0,"key":"SmokeBomb"},{"floor":29.0,"key":"GamblersBrew"},{"floor":39.0,"key":"EssenceOfSteel"}],"is_trial":false,"path_per_floor":["M","M","M","M","$","E","R","E","T","R","$","?","M","?","R","B",null,"M","M","M","?","?","R","E","$","T","M","M","M","R","?","R","B",null,"M","?","M","$","M","R","E"],"character_chosen":"THE_SILENT","items_purchased":["Cloak And Dagger","Bouncing Flask","HornCleat"],"campfire_rested":6,"item_purchase_floors":[5,11,38],"current_hp_per_floor":[59,59,59,59,59,33,33,11,11,30,30,30,30,30,49,7,51,41,29,20,20,20,39,20,20,20,20,17,17,36,36,55,10,52,52,52,37,37,4,22,0,0],"gold":18,"neow_bonus":"RANDOM_COMMON_RELIC","is_daily":false,"chose_seed":false,"campfire_upgraded":1,"win_rate":0.0,"timestamp":1609609540,"path_taken":["M","M","M","M","$","E","R","E","T","R","$","?","?","?","R","BOSS","M","?","M","?","?","R","E","$","T","?","M","M","R","?","R","BOSS","M","?","M","$","M","R","E"],"items_purchased_type":["Card","Card","Relic"],"build_version":"2020-12-22","purchased_purges":2,"victory":false,"max_hp_per_floor":[66,66,66,66,66,66,66,66,66,66,66,66,66,66,66,66,66,66,66,66,66,66,66,66,66,66,66,66,66,66,66,66,66,66,66,63,63,63,63,63,63,63],"relic_stats":{"counters":[20,126],"Ornamental Fan":[108],"Mummified Hand":[6],"obtain_stats":[{"SlaversCollar":34,"Lantern":26,"HornCleat":38,"Ornamental Fan":6,"Mummified Hand":8,"Oddly Smooth Stone":0,"Fusion Hammer":17,"Ring of the Snake":0,"WarpedTongs":14},{"SlaversCollar":16,"Lantern":12,"HornCleat":18,"Ornamental Fan":5,"Mummified Hand":6,"Oddly Smooth Stone":0,"Fusion Hammer":8,"Ring of the Snake":0,"WarpedTongs":7},{"SlaversCollar":99,"Lantern":64,"HornCleat":111,"Ornamental Fan":20,"Mummified Hand":28,"Oddly Smooth Stone":0,"Fusion Hammer":41,"Ring of the Snake":0,"WarpedTongs":31}],"Ring of the Snake":[40],"WarpedTongs":[94]},"card_choices":[{"not_picked":["Sucker Punch","Escape Plan"],"picked":"Masterful Stab","floor":1.0},{"not_picked":["Slice","PiercingWail"],"picked":"Dagger Throw","floor":2.0},{"not_picked":["Cloak And Dagger","Deflect"],"picked":"Deadly Poison","floor":3.0},{"not_picked":["Outmaneuver","Flying Knee"],"picked":"Bane","floor":4.0},{"not_picked":["Blur","Endless Agony"],"picked":"Adrenaline","floor":6.0},{"not_picked":["Predator","Deadly Poison"],"picked":"Dagger Spray","floor":8.0},{"not_picked":["Setup","Outmaneuver","Sucker Punch"],"picked":"SKIP","floor":13.0},{"not_picked":["Night Terror","Storm of Steel"],"picked":"Malaise","floor":16.0},{"not_picked":["Underhanded Strike","Cloak And Dagger"],"picked":"Deflect+1","floor":18.0},{"not_picked":["Masterful Stab","Poisoned Stab"],"picked":"Leg Sweep","floor":19.0},{"not_picked":["Accuracy","Slice","Cloak And Dagger"],"picked":"SKIP","floor":20.0},{"not_picked":["Backstab+1","Deflect","Blade Dance"],"picked":"SKIP","floor":24.0},{"not_picked":["Sucker Punch","Masterful Stab","Slice"],"picked":"SKIP","floor":27.0},{"not_picked":["Distraction","Deadly Poison"],"picked":"Backflip+1","floor":28.0},{"not_picked":["Expertise","Deflect"],"picked":"Night Terror","floor":29.0},{"not_picked":["Unload","Die Die Die"],"picked":"Night Terror","floor":33.0},{"not_picked":["Underhanded Strike","Cloak And Dagger","Expertise"],"picked":"SKIP","floor":35.0},{"not_picked":["Caltrops","Acrobatics+1"],"picked":"Well Laid Plans+1","floor":37.0},{"not_picked":["Dagger Spray","Deadly Poison","Sucker Punch"],"picked":"SKIP","floor":39.0}],"player_experience":367390,"relics_obtained":[{"floor":6.0,"key":"Ornamental Fan"},{"floor":8.0,"key":"Mummified Hand"},{"floor":26.0,"key":"Lantern"}],"event_choices":[{"cards_removed":["Strike_G"],"damage_healed":0.0,"max_hp_gain":0.0,"max_hp_loss":0.0,"gold_gain":0.0,"event_name":"Purifier","player_choice":"Purged","floor":12.0,"gold_loss":0.0,"damage_taken":0.0},{"damage_healed":0.0,"max_hp_gain":0.0,"max_hp_loss":0.0,"gold_gain":0.0,"event_name":"Accursed Blacksmith","player_choice":"Rummage","floor":14.0,"gold_loss":0.0,"damage_taken":0.0,"relics_obtained":["WarpedTongs"],"cards_obtained":["Pain"]},{"damage_healed":0.0,"max_hp_gain":0.0,"max_hp_loss":0.0,"gold_gain":0.0,"event_name":"Vampires","player_choice":"Ignored","floor":21.0,"gold_loss":0.0,"damage_taken":0.0},{"damage_healed":0.0,"max_hp_gain":0.0,"max_hp_loss":0.0,"gold_gain":0.0,"event_name":"Upgrade Shrine","player_choice":"Upgraded","floor":22.0,"gold_loss":0.0,"damage_taken":0.0,"cards_upgraded":["Leg Sweep"]},{"damage_healed":0.0,"max_hp_gain":0.0,"max_hp_loss":0.0,"gold_gain":0.0,"cards_transformed":["Strike_G","Masterful Stab"],"event_name":"Drug Dealer","player_choice":"Became Test Subject","floor":31.0,"gold_loss":0.0,"damage_taken":0.0,"cards_obtained":["Dash","Tools of the Trade"]},{"damage_healed":0.0,"max_hp_gain":0.0,"max_hp_loss":3.0,"gold_gain":0.0,"event_name":"Winding Halls","player_choice":"Max HP","floor":36.0,"gold_loss":0.0,"damage_taken":0.0}],"is_beta":false,"boss_relics":[{"not_picked":["WristBlade","Coffee Dripper"],"picked":"Fusion Hammer"},{"not_picked":["Black Star","Empty Cage"],"picked":"SlaversCollar"}],"items_purged_floors":[11,25],"is_endless":false,"potions_floor_spawned":[2,3,6,16,18,19,29,33,35,39],"killed_by":"Giant Head","ascension_level":18}}