{"host":"bf9sa99gaumonoeu","time":1609563308,"event":{"mods":["AchievementEnabler","Act Like it!","BaseMod","Colored Map","Colored Powertips","Downfall","Friendly Minions","Gensokyo","Hallownest","Hermit","Jorbs\u0027s Wanderer Trilogy","Lobotomy","Marisa????????","Minty Spire (QoL Compilation)","Remilia??????","Replay The Spire","Shop Mod","StSLib","The Animator","The Bug Knight","The Cursed","The Disciple","The Hierophant","The Senshi","The Servant 0.9.4"],"gold_per_floor":[111,9,20,40,52,52,69,98,171,191,191,203,238,238,238,335,335,335,335,178,178,178,178,178,178,178,178,178,178,178,178,178,178,178,178,178,178,34,34,34,34,34,34,34,34,34,34,34,34,34],"floor_reached":51,"playtime":5499,"items_purged":[],"score":518,"play_id":"e9ae24f6-3d45-457c-ba3e-32e476a6fc15","local_time":"20210102025508","is_ascension_mode":false,"campfire_choices":[{"data":"stsjorbsmod:MirrorImage","floor":6,"key":"SMITH"},{"floor":15,"key":"REST"},{"data":"stsjorbsmod:Fireball","floor":24,"key":"SMITH"},{"floor":32,"key":"REST"},{"floor":42,"key":"RECALL"},{"floor":49,"key":"REST"}],"circlet_count":0,"master_deck":["stsjorbsmod:ForbiddenGrimoire+1","stsjorbsmod:Strike_Wanderer","stsjorbsmod:Strike_Wanderer","stsjorbsmod:Strike_Wanderer","stsjorbsmod:Defend_Wanderer","stsjorbsmod:Defend_Wanderer","stsjorbsmod:Defend_Wanderer","stsjorbsmod:Defend_Wanderer","stsjorbsmod:FreshAdventure","stsjorbsmod:EyeOfTheStorm+1","stsjorbsmod:TollTheDead","stsjorbsmod:Channel","stsjorbsmod:LoseGrip","stsjorbsmod:BookOfTongues","stsjorbsmod:Inferno","stsjorbsmod:RefuseToForget","stsjorbsmod:Fireball+1","stsjorbsmod:Firebolt","stsjorbsmod:SiphonEnergy+1","stsjorbsmod:ParryingBlow+1","stsjorbsmod:WeightOfMemory","stsjorbsmod:Message+1","RitualDagger","stsjorbsmod:ChainLightning+1","stsjorbsmod:CorrodingBarrier","stsjorbsmod:MistyStep+1","stsjorbsmod:Hurt+1","stsjorbsmod:Pyromancy","stsjorbsmod:ScorchingRay+1","stsjorbsmod:DeathThroes","stsjorbsmod:LocateObject+1","stsjorbsmod:DeathThroes","stsjorbsmod:Firebolt+1"],"relics":["stsjorbsmod:GrimoireRelic","Ice Cream","Simple Rune","Chameleon Ring","Gensokyo:OccultBall","Juzu Bracelet","Ectoplasm","Anchor","Pantograph","Fusion Hammer","Strawberry","War Paint","Replay:Wax Seal","Turnip"],"acts_visited":["Exordium","TheCity","TheBeyond"],"potions_floor_usage":[10,22,29,33,33,44,50,50],"damage_taken":[{"damage":7,"enemies":"Gensokyo:Gryphon","floor":1,"turns":4},{"damage":0,"enemies":"Gensokyo:2_Kodama","floor":3,"turns":1},{"damage":3,"enemies":"Gensokyo:3_Fairies","floor":4,"turns":4},{"damage":7,"enemies":"Gensokyo:2_Rabbits","floor":5,"turns":7},{"damage":0,"enemies":"Gensokyo:Python_and_Kodama","floor":7,"turns":3},{"damage":16,"enemies":"Gensokyo:Aya","floor":8,"turns":7},{"damage":0,"enemies":"Gensokyo:Gryphon_and_Rabbit","floor":10,"turns":5},{"damage":6,"enemies":"Gensokyo:Kitsune","floor":12,"turns":5},{"damage":1,"enemies":"Gensokyo:Cirno","floor":13,"turns":5},{"damage":15,"enemies":"Gensokyo:Yukari","floor":16,"turns":7},{"damage":3,"enemies":"Spheric Guardian","floor":18,"turns":6},{"damage":9,"enemies":"Centurion and Healer","floor":19,"turns":5},{"damage":20,"enemies":"Sentry and Sphere","floor":21,"turns":6},{"damage":5,"enemies":"Snake Plant","floor":22,"turns":5},{"damage":0,"enemies":"Centurion and Healer","floor":25,"turns":3},{"damage":16,"enemies":"Cultist and Chosen","floor":29,"turns":4},{"damage":3,"enemies":"Snake Plant","floor":30,"turns":4},{"damage":0,"enemies":"Centurion and Healer","floor":31,"turns":5},{"damage":37,"enemies":"Pondfish","floor":33,"turns":5},{"damage":0,"enemies":"3 Shapes","floor":35,"turns":2},{"damage":9,"enemies":"3 Darklings","floor":36,"turns":4},{"damage":3,"enemies":"4 Shapes","floor":37,"turns":3},{"damage":35,"enemies":"Reptomancer","floor":44,"turns":5},{"damage":0,"enemies":"Sphere and 2 Shapes","floor":46,"turns":1},{"damage":3,"enemies":"Mind Bloom Boss Battle","floor":47,"turns":5},{"damage":57,"enemies":"Replay:Hell Engine","floor":50,"turns":8}],"seed_played":"6114132922496960085","potions_obtained":[{"floor":3,"key":"Fire Potion"},{"floor":5,"key":"Strength Potion"},{"floor":7,"key":"sneckomod:MuddlingPotion"},{"floor":10,"key":"Languid Potion"},{"floor":22,"key":"Weak Potion"},{"floor":30,"key":"Death Potion"},{"floor":36,"key":"Dexterity Potion"},{"floor":40,"key":"SteroidPotion"},{"floor":44,"key":"GamblersBrew"},{"floor":47,"key":"Reflective Coating"}],"is_trial":false,"path_per_floor":["M","COS","M","M","M","R","M","E","T","M","?","M","E","?","R","B",null,"M","M","$","M","M","?","R","M","T","?","?","M","M","M","R","B",null,"M","M","M","$","?","R","?","R","T","E","T","M","?","$","R","B",null],"character_chosen":"WANDERER","items_purchased":["Anchor","Strawberry"],"campfire_rested":3,"item_purchase_floors":[20,38],"current_hp_per_floor":[62,62,62,60,56,56,59,43,43,44,44,38,38,45,68,53,77,75,68,68,49,47,41,41,41,41,41,41,26,24,25,48,37,79,79,71,69,76,76,76,76,76,76,42,42,42,65,65,86,29],"gold":34,"neow_bonus":"TRANSFORM_CARD","is_daily":false,"chose_seed":false,"campfire_upgraded":2,"win_rate":0.0,"timestamp":1609563308,"path_taken":["M","COS","M","M","M","R","M","E","T","M","?","M","E","?","R","BOSS","M","M","$","M","M","?","R","M","T","?","?","M","M","M","R","BOSS","M","M","M","?","?","R","?","R","T","E","?","M","?","$","R","BOSS"],"items_purchased_type":["Relic","Relic"],"build_version":"2020-12-22","purchased_purges":0,"victory":true,"max_hp_per_floor":[68,68,68,68,68,68,70,70,70,70,70,70,70,77,77,77,77,77,77,77,77,79,79,79,79,79,79,79,79,79,79,79,79,79,79,79,79,86,86,86,86,86,86,86,86,86,86,86,86,86],"card_choices":[{"not_picked":["stsjorbsmod:DoubleCheck","stsjorbsmod:Index"],"picked":"stsjorbsmod:TollTheDead","floor":1},{"not_picked":["stsjorbsmod:SmithingStrike","stsjorbsmod:ColorSpray"],"picked":"stsjorbsmod:Channel","floor":3},{"not_picked":["stsjorbsmod:UnseenServant","stsjorbsmod:Mania"],"picked":"stsjorbsmod:LoseGrip","floor":4},{"not_picked":["stsjorbsmod:ParryingBlow","stsjorbsmod:FindFamiliar"],"picked":"stsjorbsmod:MirrorImage","floor":5},{"not_picked":["stsjorbsmod:FlameWard","stsjorbsmod:Prepare"],"picked":"stsjorbsmod:BookOfTongues","floor":7},{"not_picked":["stsjorbsmod:Index","stsjorbsmod:Rest"],"picked":"stsjorbsmod:Inferno","floor":8},{"not_picked":["stsjorbsmod:Message","stsjorbsmod:BurningFlask"],"picked":"stsjorbsmod:RefuseToForget","floor":10},{"not_picked":["stsjorbsmod:BookOfTongues","stsjorbsmod:TollTheDead"],"picked":"stsjorbsmod:Fireball","floor":12},{"not_picked":["stsjorbsmod:Patron","stsjorbsmod:ParryingBlow"],"picked":"stsjorbsmod:Firebolt","floor":13},{"not_picked":["stsjorbsmod:Trauma","stsjorbsmod:Determination"],"picked":"stsjorbsmod:SiphonEnergy","floor":16},{"not_picked":["stsjorbsmod:Firebolt","stsjorbsmod:Index"],"picked":"stsjorbsmod:ParryingBlow+1","floor":18},{"not_picked":["stsjorbsmod:Index","stsjorbsmod:ColorSpray"],"picked":"stsjorbsmod:WeightOfMemory","floor":19},{"not_picked":["stsjorbsmod:UnseenServant","stsjorbsmod:Will","stsjorbsmod:Mending"],"picked":"SKIP","floor":21},{"not_picked":["stsjorbsmod:ChatteringStrike","stsjorbsmod:BurningFlask+1"],"picked":"stsjorbsmod:Message+1","floor":22},{"not_picked":["stsjorbsmod:Channel","stsjorbsmod:BookOfTongues"],"picked":"stsjorbsmod:ChainLightning+1","floor":25},{"not_picked":["stsjorbsmod:Hurt","stsjorbsmod:Index"],"picked":"stsjorbsmod:CorrodingBarrier","floor":29},{"not_picked":["stsjorbsmod:FindFamiliar","stsjorbsmod:ChatteringStrike"],"picked":"stsjorbsmod:MistyStep","floor":30},{"not_picked":["stsjorbsmod:Firebolt+1","stsjorbsmod:OldPocket"],"picked":"stsjorbsmod:Hurt+1","floor":31},{"not_picked":["stsjorbsmod:Determination","stsjorbsmod:Entangle"],"picked":"stsjorbsmod:Pyromancy","floor":33},{"not_picked":["stsjorbsmod:RayOfFrost+1","stsjorbsmod:UnseenServant"],"picked":"stsjorbsmod:ScorchingRay+1","floor":35},{"not_picked":["stsjorbsmod:BlackTentacles+1","stsjorbsmod:DisguiseSelf+1"],"picked":"stsjorbsmod:DeathThroes","floor":36},{"not_picked":["stsjorbsmod:BurningFlask","stsjorbsmod:Index"],"picked":"stsjorbsmod:LocateObject+1","floor":37},{"not_picked":["stsjorbsmod:ScorchingRay+1","stsjorbsmod:LocateObject+1"],"picked":"stsjorbsmod:DeathThroes","floor":44},{"not_picked":["stsjorbsmod:DoubleCheck+1","stsjorbsmod:AnimateObjects"],"picked":"stsjorbsmod:Firebolt+1","floor":46}],"player_experience":689771,"relics_obtained":[{"floor":8,"key":"Simple Rune"},{"floor":9,"key":"Chameleon Ring"},{"floor":13,"key":"Juzu Bracelet"},{"floor":16,"key":"Gensokyo:OccultBall"},{"floor":26,"key":"Pantograph"},{"floor":33,"key":"Gensokyo:OccultBall"},{"floor":43,"key":"War Paint"},{"floor":44,"key":"Gensokyo:OccultBall"},{"floor":44,"key":"Replay:Wax Seal"},{"floor":47,"key":"Turnip"}],"event_choices":[{"damage_healed":0,"gold_gain":0,"player_choice":"Joined the Cult","damage_taken":6,"max_hp_gain":0,"max_hp_loss":0,"event_name":"Nest","floor":23,"gold_loss":0,"cards_obtained":["RitualDagger"]},{"damage_healed":0,"gold_gain":0,"player_choice":"Ignored","damage_taken":0,"max_hp_gain":0,"max_hp_loss":0,"event_name":"Ghosts","floor":27,"gold_loss":0},{"damage_healed":0,"gold_gain":0,"player_choice":"Upgraded","damage_taken":0,"max_hp_gain":0,"max_hp_loss":0,"event_name":"Upgrade Shrine","floor":28,"gold_loss":0,"cards_upgraded":["stsjorbsmod:EyeOfTheStorm"]},{"cards_removed":["stsjorbsmod:Aid"],"damage_healed":0,"gold_gain":0,"player_choice":"Removed Skill","damage_taken":0,"max_hp_gain":0,"max_hp_loss":0,"event_name":"Falling","floor":41,"gold_loss":0},{"damage_healed":0,"gold_gain":0,"player_choice":"Fight","damage_taken":0,"max_hp_gain":0,"max_hp_loss":0,"event_name":"MindBloom","floor":47,"gold_loss":0}],"is_beta":false,"boss_relics":[{"not_picked":["Astrolabe","Ring of Chaos"],"picked":"Ectoplasm"},{"not_picked":["Kintsugi","Replay:Bronze Core"],"picked":"Fusion Hammer"}],"items_purged_floors":[],"is_endless":false,"potions_floor_spawned":[3,5,7,10,13,21,22,30,31,36,44,47],"ascension_level":0}}