{"host":"7sni158j623xchr2","time":1609569545,"event":{"mods":["BaseMod","Colored Map","Highlight Path","Minty Spire (QoL Compilation)","Permanent Neow","Potion Indicator Mod","Rare Cards Sparkle","Relic Sorter","Relic Stats","StSLib","everything is the same but u backflip on backflip"],"gold_per_floor":[109,109,184,194,208,208,240,240,263,281,310,310,327,338,338,443,443,458,474,246,246,246,277,288,288,315,315,340,92,107,117,117,220,270,285,285,160,210,210,210,220,220,244,255,273,303,303,303,303,303,303,303,50,77,77],"floor_reached":56,"playtime":1300,"items_purged":["Strike_G","Strike_G+1","Strike_G+1","Defend_G+1"],"score":1408,"play_id":"c8394447-1ee9-452f-b308-3a78d8b6dab5","local_time":"20210102003905","is_ascension_mode":true,"campfire_choices":[{"data":"Backstab","floor":6,"key":"SMITH"},{"data":"Adrenaline","floor":8,"key":"SMITH"},{"data":"Noxious Fumes","floor":15,"key":"SMITH"},{"data":"Catalyst","floor":25,"key":"SMITH"},{"data":"Catalyst","floor":32,"key":"SMITH"},{"floor":40,"key":"DIG"},{"floor":42,"key":"DIG"},{"floor":47,"key":"RECALL"},{"floor":49,"key":"DIG"},{"data":"Wraith Form v2","floor":52,"key":"SMITH"}],"circlet_count":0,"master_deck":["Strike_G+1","Strike_G+1","Defend_G+1","Defend_G+1","Defend_G+1","Defend_G+1","Survivor","Neutralize+1","Footwork","Backstab+1","Terror+1","Adrenaline+1","Catalyst+1","Backflip","Noxious Fumes+1","Corpse Explosion+1","CurseOfTheBell","All Out Attack+1","PiercingWail","Adrenaline+1","Catalyst+1","Poisoned Stab+1","Crippling Poison+1","Wraith Form v2+1","Sadistic Nature","Deep Breath+1","Catalyst+1","PiercingWail+1"],"relics":["Ring of the Snake","Snake Skull","Akabeko","Bronze Scales","Anchor","Calling Bell","Omamori","Matryoshka","Tingsha","DollysMirror","Turnip","PreservedInsect","Happy Flower","Enchiridion","Centennial Puzzle","OrangePellets","Tiny House","Shovel","Boot","Paper Crane","Potion Belt","War Paint","Lantern","Strawberry"],"acts_visited":["Exordium","TheCity","TheBeyond","TheEnding"],"potions_floor_usage":[7,11,23,24,41,48,55,55,55,55],"damage_taken":[{"damage":0,"enemies":"Jaw Worm","floor":1,"turns":3},{"damage":0,"enemies":"Small Slimes","floor":4,"turns":4},{"damage":0,"enemies":"Cultist","floor":5,"turns":4},{"damage":0,"enemies":"Gremlin Nob","floor":7,"turns":2},{"damage":0,"enemies":"Large Slime","floor":10,"turns":5},{"damage":3,"enemies":"3 Sentries","floor":11,"turns":8},{"damage":0,"enemies":"Red Slaver","floor":13,"turns":2},{"damage":0,"enemies":"3 Louse","floor":14,"turns":2},{"damage":19,"enemies":"Slime Boss","floor":16,"turns":8},{"damage":0,"enemies":"Chosen","floor":18,"turns":4},{"damage":0,"enemies":"3 Byrds","floor":19,"turns":1},{"damage":3,"enemies":"Book of Stabbing","floor":23,"turns":5},{"damage":7,"enemies":"Sentry and Sphere","floor":24,"turns":5},{"damage":0,"enemies":"Gremlin Leader","floor":28,"turns":4},{"damage":0,"enemies":"Snake Plant","floor":30,"turns":2},{"damage":0,"enemies":"Cultist and Chosen","floor":31,"turns":2},{"damage":0,"enemies":"Champ","floor":33,"turns":4},{"damage":0,"enemies":"Orb Walker","floor":35,"turns":2},{"damage":12,"enemies":"2 Orb Walkers","floor":38,"turns":2},{"damage":0,"enemies":"3 Darklings","floor":41,"turns":1},{"damage":5,"enemies":"Maw","floor":44,"turns":3},{"damage":3,"enemies":"Transient","floor":45,"turns":5},{"damage":7,"enemies":"Giant Head","floor":46,"turns":4},{"damage":0,"enemies":"Reptomancer","floor":48,"turns":1},{"damage":4,"enemies":"Donu and Deca","floor":50,"turns":3},{"damage":4,"enemies":"Shield and Spear","floor":54,"turns":3},{"damage":6,"enemies":"The Heart","floor":55,"turns":4}],"seed_played":"8040480035204724267","potions_obtained":[{"floor":1,"key":"ColorlessPotion"},{"floor":5,"key":"SkillPotion"},{"floor":11,"key":"Energy Potion"},{"floor":13,"key":"Fire Potion"},{"floor":14,"key":"Energy Potion"},{"floor":16,"key":"GamblersBrew"},{"floor":23,"key":"SkillPotion"},{"floor":33,"key":"SmokeBomb"},{"floor":44,"key":"Dexterity Potion"},{"floor":46,"key":"SmokeBomb"}],"is_trial":false,"path_per_floor":["M","?","?","M","M","R","E","R","T","M","E","?","M","M","R","B",null,"M","M","$","?","?","E","M","R","T","?","E","$","M","M","R","B",null,"M","?","$","?","?","R","M","R","T","M","M","E","R","E","R","B",null,"R","$","E","B",null],"character_chosen":"THE_SILENT","items_purchased":["DollysMirror","OrangePellets","ColorlessPotion","AttackPotion"],"campfire_rested":0,"item_purchase_floors":[20,29,53,53],"current_hp_per_floor":[70,70,59,59,59,59,59,59,59,59,56,56,56,56,56,37,70,70,70,70,70,70,67,60,60,60,44,44,44,44,44,44,44,75,75,65,65,53,53,53,53,53,53,48,45,38,38,38,38,34,71,71,71,74,68],"gold":77,"neow_bonus":"RANDOM_COMMON_RELIC","is_daily":false,"chose_seed":false,"campfire_upgraded":6,"win_rate":0.0,"timestamp":1609569545,"path_taken":["M","?","?","M","M","R","E","R","T","M","E","?","?","M","R","BOSS","M","M","$","?","?","E","?","R","T","?","E","$","M","M","R","BOSS","M","?","$","?","?","R","M","R","T","M","M","E","R","E","R","BOSS","R","$","E","BOSS"],"items_purchased_type":["Relic","Relic","Potion","Potion"],"build_version":"2020-12-22","purchased_purges":4,"victory":true,"max_hp_per_floor":[70,70,70,70,70,70,70,70,70,70,70,70,70,70,70,70,70,70,70,70,70,70,70,70,70,70,70,70,70,70,70,70,70,75,75,75,75,75,71,71,71,71,71,71,71,71,71,71,71,71,71,71,71,78,78],"relic_stats":{"Happy Flower":[13],"counters":[27,93],"Tingsha":[63],"Snake Skull":[103],"PreservedInsect":301,"War Paint":["Corpse Explosion","Deep Breath"],"Boot":[6],"OrangePellets":[6],"Centennial Puzzle":[21],"Shovel":3,"Bronze Scales":[178],"Turnip":[14],"obtain_stats":[{"Potion Belt":43,"Lantern":49,"Tiny House":34,"Happy Flower":26,"Enchiridion":27,"Tingsha":17,"Snake Skull":0,"PreservedInsect":26,"Omamori":17,"Paper Crane":42,"War Paint":46,"Boot":40,"Akabeko":7,"Calling Bell":17,"OrangePellets":29,"Anchor":11,"Centennial Puzzle":28,"Matryoshka":17,"Shovel":38,"DollysMirror":20,"Bronze Scales":9,"Strawberry":54,"Turnip":23,"Ring of the Snake":0},{"Potion Belt":20,"Lantern":24,"Tiny House":17,"Happy Flower":13,"Enchiridion":13,"Tingsha":9,"Snake Skull":0,"PreservedInsect":13,"Omamori":9,"Paper Crane":20,"War Paint":23,"Boot":19,"Akabeko":4,"Calling Bell":9,"OrangePellets":14,"Anchor":6,"Centennial Puzzle":14,"Matryoshka":9,"Shovel":19,"DollysMirror":11,"Bronze Scales":4,"Strawberry":26,"Turnip":12,"Ring of the Snake":0},{"Potion Belt":70,"Lantern":83,"Tiny House":65,"Happy Flower":53,"Enchiridion":53,"Tingsha":38,"Snake Skull":0,"PreservedInsect":53,"Omamori":38,"Paper Crane":70,"War Paint":82,"Boot":69,"Akabeko":13,"Calling Bell":38,"OrangePellets":57,"Anchor":26,"Centennial Puzzle":57,"Matryoshka":38,"Shovel":69,"DollysMirror":43,"Bronze Scales":13,"Strawberry":89,"Turnip":48,"Ring of the Snake":0}],"Ring of the Snake":[54]},"card_choices":[{"not_picked":["Skewer","Blur"],"picked":"Footwork","floor":1},{"not_picked":["Calculated Gamble","Backflip"],"picked":"Backstab","floor":4},{"not_picked":["Choke","Backflip"],"picked":"Terror","floor":5},{"not_picked":["Storm of Steel","Venomology"],"picked":"Adrenaline","floor":7},{"not_picked":["Acrobatics","Escape Plan"],"picked":"Catalyst","floor":10},{"not_picked":["Underhanded Strike","Deflect"],"picked":"Backflip","floor":11},{"not_picked":["Acrobatics","All Out Attack"],"picked":"Noxious Fumes","floor":13},{"not_picked":["Well Laid Plans","Quick Slash","Underhanded Strike"],"picked":"SKIP","floor":14},{"not_picked":["Glass Knife","Unload"],"picked":"Corpse Explosion","floor":16},{"not_picked":["Expertise","Finisher"],"picked":"All Out Attack+1","floor":18},{"not_picked":["Predator+1","Underhanded Strike"],"picked":"PiercingWail","floor":19},{"not_picked":["Acrobatics","Skewer","Finisher"],"picked":"SKIP","floor":23},{"not_picked":["Outmaneuver","Backstab"],"picked":"Poisoned Stab+1","floor":24},{"not_picked":["Backflip","Blade Dance","Prepared"],"picked":"SKIP","floor":28},{"not_picked":["Choke","Well Laid Plans"],"picked":"Crippling Poison","floor":30},{"not_picked":["Riddle With Holes","Slice","Cloak And Dagger+1"],"picked":"SKIP","floor":31},{"not_picked":["Night Terror","Doppelganger"],"picked":"Wraith Form v2","floor":33},{"not_picked":["Endless Agony","Bane","Underhanded Strike+1"],"picked":"SKIP","floor":35},{"not_picked":["Purity","Dramatic Entrance"],"picked":"Sadistic Nature","floor":36},{"not_picked":["Madness","HandOfGreed"],"picked":"Deep Breath","floor":36},{"not_picked":["Prepared+1","Crippling Poison","Deflect"],"picked":"SKIP","floor":41},{"not_picked":["Dash","Backstab+1","Flying Knee+1"],"picked":"SKIP","floor":44},{"not_picked":["Cloak And Dagger","Escape Plan"],"picked":"Catalyst+1","floor":45},{"not_picked":["Deflect+1","Dagger Spray+1"],"picked":"PiercingWail+1","floor":46},{"not_picked":["Concentrate+1","Endless Agony+1","Expertise"],"picked":"SKIP","floor":54}],"player_experience":1578392,"relics_obtained":[{"floor":7,"key":"Akabeko"},{"floor":9,"key":"Bronze Scales"},{"floor":11,"key":"Anchor"},{"floor":17,"key":"Omamori"},{"floor":17,"key":"Matryoshka"},{"floor":17,"key":"Tingsha"},{"floor":23,"key":"Turnip"},{"floor":26,"key":"PreservedInsect"},{"floor":26,"key":"Happy Flower"},{"floor":27,"key":"Enchiridion"},{"floor":28,"key":"Centennial Puzzle"},{"floor":38,"key":"Shovel"},{"floor":40,"key":"Boot"},{"floor":42,"key":"Paper Crane"},{"floor":43,"key":"Potion Belt"},{"floor":46,"key":"War Paint"},{"floor":49,"key":"Lantern"},{"floor":54,"key":"Strawberry"}],"event_choices":[{"damage_healed":0,"gold_gain":0,"player_choice":"Grow","damage_taken":0,"max_hp_gain":0,"max_hp_loss":0,"event_name":"Living Wall","floor":2,"gold_loss":0,"cards_upgraded":["Neutralize"]},{"damage_healed":0,"gold_gain":75,"player_choice":"Gather Gold","damage_taken":11,"max_hp_gain":0,"max_hp_loss":0,"event_name":"World of Goop","floor":3,"gold_loss":0},{"damage_healed":0,"gold_gain":0,"player_choice":"Upgraded","damage_taken":0,"max_hp_gain":0,"max_hp_loss":0,"event_name":"Upgrade Shrine","floor":12,"gold_loss":0,"cards_upgraded":["Terror"]},{"damage_healed":0,"gold_gain":0,"player_choice":"Simplicity","damage_taken":0,"max_hp_gain":0,"max_hp_loss":0,"event_name":"Back to Basics","floor":21,"gold_loss":0,"cards_upgraded":["Strike_G","Strike_G","Strike_G","Strike_G","Defend_G","Defend_G","Defend_G","Defend_G","Defend_G"]},{"damage_healed":0,"gold_gain":0,"player_choice":"Copied","damage_taken":0,"max_hp_gain":0,"max_hp_loss":0,"event_name":"Duplicator","floor":22,"gold_loss":0,"cards_obtained":["Catalyst"]},{"damage_healed":0,"gold_gain":0,"player_choice":"Obtained Book","damage_taken":16,"max_hp_gain":0,"max_hp_loss":0,"event_name":"Cursed Tome","floor":27,"gold_loss":0},{"damage_healed":0,"gold_gain":0,"player_choice":"Memory 3","damage_taken":10,"max_hp_gain":0,"max_hp_loss":0,"event_name":"SensoryStone","floor":36,"gold_loss":0},{"damage_healed":0,"gold_gain":0,"player_choice":"Fight","damage_taken":0,"max_hp_gain":0,"max_hp_loss":0,"event_name":"Mysterious Sphere","floor":38,"gold_loss":0},{"damage_healed":0,"gold_gain":0,"player_choice":"Max HP","damage_taken":0,"max_hp_gain":0,"max_hp_loss":4,"event_name":"Winding Halls","floor":39,"gold_loss":0}],"is_beta":false,"boss_relics":[{"not_picked":["Ectoplasm","Cursed Key"],"picked":"Calling Bell"},{"not_picked":["SlaversCollar","Ring of the Serpent"],"picked":"Tiny House"}],"items_purged_floors":[20,29,37,53],"is_endless":false,"potions_floor_spawned":[1,5,11,13,14,16,18,23,33,35,44,46],"ascension_level":1}}