{"host":"Jonboy","time":1609630057,"event":{"mods":["AchievementEnabler","BaseMod","Block Reminder","Colored Powertips","Minty Spire (QoL Compilation)","Relic Stats"],"gold_per_floor":[114,128,145,145,145,145,165,190,190,34,51,62,62,121,121,217,217,205,205,5,25,25,25,40,67,67,67,83,5,15,41,41,137,137,151,151,164,164,11,46,46,78,78,110,128,128,143,0,0,0],"floor_reached":51,"playtime":3072,"items_purged":["Strike_B"],"score":1265,"play_id":"31f7f456-22a4-4c28-b556-a1caafc407f8","local_time":"20210102232737","is_ascension_mode":true,"campfire_choices":[{"data":"Melter","floor":6.0,"key":"SMITH"},{"data":"Defragment","floor":15.0,"key":"SMITH"},{"data":"Buffer","floor":23.0,"key":"SMITH"},{"floor":27.0,"key":"REST"},{"data":"Defragment","floor":32.0,"key":"SMITH"},{"floor":49,"key":"REST"}],"circlet_count":0,"master_deck":["AscendersBane","Strike_B","Strike_B","Defend_B","Defend_B","Zap","Dualcast","Melter+1","Compile Driver+1","Leap","FTL","Cold Snap","Defragment+1","Consume+1","Conserve Battery+1","Buffer+1","Necronomicurse","Defragment+1","Glacier+1","Fission+1","Glacier+1","Barrage+1","Blizzard+1","Hyperbeam","Thinking Ahead+1","Flash of Steel","Reinforced Body+1","Defragment","Chill+1","Coolheaded+1","Parasite"],"relics":["Inserter","InkBottle","Toxic Egg 2","OrangePellets","PreservedInsect","Cursed Key","Necronomicon","Lee\u0027s Waffle","MealTicket","Matryoshka","Fusion Hammer","Emotion Chip","Whetstone","Meat on the Bone","Red Mask"],"acts_visited":["Exordium","TheCity","TheBeyond"],"potions_floor_usage":[42,47],"damage_taken":[{"damage":6.0,"enemies":"Jaw Worm","floor":1.0,"turns":7.0},{"damage":2.0,"enemies":"2 Louse","floor":2.0,"turns":4.0},{"damage":4.0,"enemies":"Small Slimes","floor":3.0,"turns":4.0},{"damage":0.0,"enemies":"3 Louse","floor":7.0,"turns":3.0},{"damage":37.0,"enemies":"3 Sentries","floor":8.0,"turns":8.0},{"damage":6.0,"enemies":"Large Slime","floor":11.0,"turns":7.0},{"damage":8.0,"enemies":"Exordium Thugs","floor":12.0,"turns":6.0},{"damage":10.0,"enemies":"Lagavulin Event","floor":14.0,"turns":7.0},{"damage":7.0,"enemies":"Hexaghost","floor":16.0,"turns":11.0},{"damage":19.0,"enemies":"2 Thieves","floor":18.0,"turns":4.0},{"damage":9.0,"enemies":"Chosen","floor":21.0,"turns":8.0},{"damage":35.0,"enemies":"Snake Plant","floor":24.0,"turns":8.0},{"damage":13.0,"enemies":"Gremlin Leader","floor":25.0,"turns":4.0},{"damage":0.0,"enemies":"Cultist and Chosen","floor":28.0,"turns":10.0},{"damage":3.0,"enemies":"Sentry and Sphere","floor":30.0,"turns":8.0},{"damage":5.0,"enemies":"Book of Stabbing","floor":31.0,"turns":7.0},{"damage":40.0,"enemies":"Automaton","floor":33.0,"turns":14.0},{"damage":5.0,"enemies":"Orb Walker","floor":35.0,"turns":5.0},{"damage":0.0,"enemies":"3 Darklings","floor":37.0,"turns":2.0},{"damage":2,"enemies":"Giant Head","floor":40,"turns":12},{"damage":4,"enemies":"Nemesis","floor":42,"turns":7},{"damage":0,"enemies":"Giant Head","floor":44,"turns":10},{"damage":0,"enemies":"Spire Growth","floor":45,"turns":6},{"damage":0,"enemies":"Writhing Mass","floor":47,"turns":9},{"damage":0,"enemies":"Donu and Deca","floor":50,"turns":13}],"seed_played":"8551306889712744878","potions_obtained":[{"floor":1.0,"key":"BlessingOfTheForge"},{"floor":8.0,"key":"Energy Potion"},{"floor":11.0,"key":"Regen Potion"},{"floor":14.0,"key":"Ancient Potion"},{"floor":18.0,"key":"Ancient Potion"},{"floor":25.0,"key":"SteroidPotion"},{"floor":30.0,"key":"FocusPotion"},{"floor":37.0,"key":"FearPotion"},{"floor":44,"key":"Weak Potion"}],"is_trial":false,"path_per_floor":["M","M","M","?","?","R","M","E","T","$","M","M","?","?","R","B",null,"M","?","$","M","?","R","M","E","T","R","M","$","M","E","R","B",null,"M","?","M","?","$","E","?","E","T","E","M","T","M","?","R","B",null],"character_chosen":"DEFECT","items_purchased":["OrangePellets","Lee\u0027s Waffle","PowerPotion","Glacier+1","Defragment"],"campfire_rested":2,"item_purchase_floors":[10,20,20,29,39],"current_hp_per_floor":[62,60,56,56,49,49,49,12,12,12,6,13,38,28,28,21,62,43,27,82,73,57,57,22,9,9,35,35,50,47,42,42,2,66,61,51,51,51,66,64,64,60,60,60,60,60,60,60,83,83],"gold":0,"neow_bonus":"BOSS_RELIC","is_daily":false,"chose_seed":false,"campfire_upgraded":4,"win_rate":0.0,"timestamp":1609630057,"path_taken":["M","M","M","?","?","R","M","E","T","$","M","M","?","?","R","BOSS","M","?","?","M","?","R","M","E","T","R","M","$","M","E","R","BOSS","M","?","M","?","$","E","?","E","T","E","M","?","?","?","R","BOSS"],"items_purchased_type":["Relic","Relic","Potion","Card","Card"],"build_version":"2020-12-18","purchased_purges":1,"victory":true,"max_hp_per_floor":[75,75,75,75,75,75,75,75,75,75,75,75,75,75,75,75,75,75,75,82,82,87,87,87,87,87,87,87,87,87,87,87,87,87,87,87,87,87,87,87,83,83,83,83,83,83,83,83,83,83],"relic_stats":{"Lee\u0027s Waffle":55,"Inserter":[92],"counters":[25,184],"PreservedInsect":415,"Whetstone":["Barrage","Compile Driver"],"Cursed Key":0,"OrangePellets":[8],"Emotion Chip":[4,0,4,0,0],"MealTicket":30,"Necronomicon":[7],"obtain_stats":[{"Lee\u0027s Waffle":20,"Inserter":0,"PreservedInsect":14,"Whetstone":42,"Cursed Key":17,"OrangePellets":10,"Emotion Chip":40,"Matryoshka":31,"MealTicket":25,"Fusion Hammer":34,"Necronomicon":19,"Red Mask":48,"Toxic Egg 2":9,"Cracked Core":0,"InkBottle":8,"Meat on the Bone":44},{"Lee\u0027s Waffle":10,"Inserter":0,"PreservedInsect":8,"Whetstone":21,"Cursed Key":9,"OrangePellets":5,"Emotion Chip":20,"Matryoshka":16,"MealTicket":13,"Fusion Hammer":17,"Necronomicon":10,"Red Mask":24,"Toxic Egg 2":5,"Cracked Core":0,"InkBottle":5,"Meat on the Bone":22},{"Lee\u0027s Waffle":61,"Inserter":0,"PreservedInsect":46,"Whetstone":146,"Cursed Key":57,"OrangePellets":26,"Emotion Chip":139,"Matryoshka":106,"MealTicket":81,"Fusion Hammer":120,"Necronomicon":61,"Red Mask":171,"Toxic Egg 2":26,"Cracked Core":0,"InkBottle":26,"Meat on the Bone":156}],"InkBottle":[59],"Meat on the Bone":0},"card_choices":[{"not_picked":["Leap","Rebound"],"picked":"Melter","floor":1.0},{"not_picked":["Go for the Eyes","Coolheaded"],"picked":"Compile Driver","floor":2.0},{"not_picked":["Go for the Eyes","Melter"],"picked":"Leap","floor":3.0},{"not_picked":["Gash","Rebound"],"picked":"FTL","floor":7.0},{"not_picked":["Glacier","Streamline"],"picked":"Cold Snap","floor":8.0},{"not_picked":["Glacier+1","Compile Driver"],"picked":"Defragment","floor":11.0},{"not_picked":["Meteor Strike","Scrape"],"picked":"Consume+1","floor":12.0},{"not_picked":["Go for the Eyes","Melter"],"picked":"Conserve Battery+1","floor":14.0},{"not_picked":["Machine Learning","Amplify+1"],"picked":"Buffer","floor":16.0},{"not_picked":["Cold Snap","Compile Driver","Turbo+1"],"picked":"SKIP","floor":18.0},{"not_picked":["Gash","Hello World","Conserve Battery+1"],"picked":"SKIP","floor":21.0},{"not_picked":["Hologram+1","Barrage"],"picked":"Defragment","floor":24.0},{"not_picked":["Genetic Algorithm+1","Doom and Gloom"],"picked":"Glacier+1","floor":25.0},{"not_picked":["Sweeping Beam","Barrage"],"picked":"Fission+1","floor":28.0},{"not_picked":["Turbo+1","Gash"],"picked":"Barrage","floor":30.0},{"not_picked":["Rebound","Core Surge"],"picked":"Blizzard+1","floor":31.0},{"not_picked":["Amplify+1","Machine Learning"],"picked":"Hyperbeam","floor":33.0},{"not_picked":["Aggregate+1","Barrage","Turbo+1"],"picked":"SKIP","floor":35.0},{"not_picked":["Violence+1","Dramatic Entrance"],"picked":"Thinking Ahead+1","floor":36.0},{"not_picked":["Panacea+1","Dramatic Entrance"],"picked":"Flash of Steel","floor":36.0},{"not_picked":["Hologram+1","Steam+1"],"picked":"Reinforced Body+1","floor":37.0},{"not_picked":["Conserve Battery+1","Beam Cell"],"picked":"Chill+1","floor":40},{"not_picked":["Core Surge","Leap+1","Barrage"],"picked":"SKIP","floor":42},{"not_picked":["Sweeping Beam","Auto Shields+1"],"picked":"Coolheaded+1","floor":44},{"not_picked":["Genetic Algorithm+1","Barrage","Thunder Strike"],"picked":"SKIP","floor":45},{"not_picked":["Gash+1","Barrage","Tempest+1"],"picked":"SKIP","floor":47}],"player_experience":426054,"relics_obtained":[{"floor":8.0,"key":"InkBottle"},{"floor":9.0,"key":"Toxic Egg 2"},{"floor":14.0,"key":"PreservedInsect"},{"floor":19.0,"key":"Necronomicon"},{"floor":25.0,"key":"MealTicket"},{"floor":31.0,"key":"Matryoshka"},{"floor":40,"key":"Emotion Chip"},{"floor":42,"key":"Whetstone"},{"floor":44,"key":"Meat on the Bone"}],"event_choices":[{"cards_removed":["Strike_B"],"damage_healed":0.0,"max_hp_gain":0.0,"max_hp_loss":0.0,"gold_gain":0.0,"event_name":"Living Wall","player_choice":"Forget","floor":4.0,"gold_loss":0.0,"damage_taken":0.0},{"cards_removed":["Defend_B"],"damage_healed":0.0,"max_hp_gain":0.0,"max_hp_loss":0.0,"gold_gain":0.0,"event_name":"Golden Wing","player_choice":"Card Removal","floor":5.0,"gold_loss":0.0,"damage_taken":7.0},{"damage_healed":25.0,"max_hp_gain":0.0,"max_hp_loss":0.0,"gold_gain":0.0,"event_name":"Big Fish","player_choice":"Banana","floor":13.0,"gold_loss":0.0,"damage_taken":0.0},{"damage_healed":0.0,"max_hp_gain":0.0,"max_hp_loss":0.0,"gold_gain":0.0,"event_name":"Dead Adventurer","player_choice":"Searched \u00272\u0027 times","floor":14.0,"gold_loss":0.0,"damage_taken":0.0},{"damage_healed":0.0,"max_hp_gain":0.0,"max_hp_loss":0.0,"gold_gain":0.0,"event_name":"Cursed Tome","player_choice":"Obtained Book","floor":19.0,"gold_loss":0.0,"damage_taken":16.0},{"damage_healed":0.0,"max_hp_gain":5.0,"max_hp_loss":0.0,"gold_gain":0.0,"event_name":"Forgotten Altar","player_choice":"Shed Blood","floor":22.0,"gold_loss":0.0,"damage_taken":21.0},{"damage_healed":0.0,"max_hp_gain":0.0,"max_hp_loss":0.0,"gold_gain":0.0,"event_name":"SensoryStone","player_choice":"Memory 3","floor":36.0,"gold_loss":0.0,"damage_taken":10.0},{"cards_removed":["Defend_B"],"damage_healed":0,"gold_gain":0,"player_choice":"Removed Skill","damage_taken":0,"max_hp_gain":0,"max_hp_loss":0,"event_name":"Falling","floor":38,"gold_loss":0},{"damage_healed":0,"gold_gain":0,"player_choice":"Max HP","damage_taken":0,"max_hp_gain":0,"max_hp_loss":4,"event_name":"Winding Halls","floor":41,"gold_loss":0},{"damage_healed":0,"gold_gain":0,"player_choice":"Paid","damage_taken":0,"relics_obtained":["Red Mask"],"max_hp_gain":0,"max_hp_loss":0,"event_name":"Tomb of Lord Red Mask","floor":48,"gold_loss":143}],"is_beta":true,"boss_relics":[{"not_picked":["Sozu","Astrolabe"],"picked":"Cursed Key"},{"not_picked":["SlaversCollar","Calling Bell"],"picked":"Fusion Hammer"}],"items_purged_floors":[39],"is_endless":false,"potions_floor_spawned":[1,8,11,14,18,25,30,35,37,44],"ascension_level":11}}