{"host":"anox4050deqdcqoh","time":1609599493,"event":{"mods":["BaseMod","Colored Map","Highlight Path","Minty Spire (QoL Compilation)","Quick Restart","Rare Cards Sparkle","everything is the same but u backflip on backflip"],"gold_per_floor":[115,131,145,165,185,219,219,219,219,219,252,252,66,66,66,66,66],"floor_reached":16,"playtime":667,"items_purged":["Strike_R"],"score":116,"play_id":"ff6e8be1-7498-49db-80f7-5c897e749c9f","local_time":"20210102095813","is_ascension_mode":true,"campfire_choices":[{"data":"Barricade","floor":7,"key":"SMITH"},{"floor":10,"key":"REST"},{"data":"Hemokinesis","floor":12,"key":"SMITH"},{"floor":15,"key":"REST"}],"circlet_count":0,"master_deck":["Strike_R","Strike_R","Strike_R","Strike_R","Defend_R","Defend_R","Defend_R","Defend_R","Bash","Ghostly Armor","Pommel Strike","Barricade+1","Inflame","Hemokinesis+1","Offering","Feel No Pain","Bloodletting"],"relics":["Burning Blood","Centennial Puzzle","Ginger","Lizard Tail","Golden Idol"],"acts_visited":["Exordium"],"potions_floor_usage":[4],"damage_taken":[{"damage":6,"enemies":"Cultist","floor":1,"turns":3},{"damage":8,"enemies":"Jaw Worm","floor":2,"turns":4},{"damage":1,"enemies":"2 Louse","floor":3,"turns":4},{"damage":6,"enemies":"Lots of Slimes","floor":4,"turns":2},{"damage":11,"enemies":"Large Slime","floor":5,"turns":9},{"damage":39,"enemies":"3 Sentries","floor":6,"turns":11},{"damage":30,"enemies":"Lagavulin","floor":11,"turns":11},{"damage":103,"enemies":"Hexaghost","floor":16,"turns":15}],"seed_played":"-8135490766660472354","potions_obtained":[{"floor":1,"key":"AttackPotion"},{"floor":6,"key":"Ancient Potion"}],"is_trial":false,"path_per_floor":["M","M","M","M","M","E","R","?","T","R","E","R","$","?","R","B"],"character_chosen":"IRONCLAD","items_purchased":["Feel No Pain","Bloodletting"],"campfire_rested":2,"item_purchase_floors":[13,13],"current_hp_per_floor":[88,86,88,88,83,50,50,50,50,76,52,52,52,30,56,0,0],"gold":66,"neow_bonus":"TEN_PERCENT_HP_BONUS","is_daily":false,"chose_seed":false,"campfire_upgraded":2,"win_rate":0.0,"timestamp":1609599493,"path_taken":["M","?","M","M","M","E","R","?","T","R","E","R","$","?","R","BOSS"],"items_purchased_type":["Card","Card"],"build_version":"2020-12-22","purchased_purges":1,"victory":false,"max_hp_per_floor":[88,88,88,88,88,88,88,88,88,88,88,88,88,88,88,88,88],"card_choices":[{"not_picked":["Seeing Red","Havoc","Twin Strike"],"picked":"SKIP","floor":1},{"not_picked":["Perfected Strike","Warcry"],"picked":"Ghostly Armor","floor":2},{"not_picked":["Havoc","Armaments"],"picked":"Pommel Strike","floor":3},{"not_picked":["Body Slam","Shrug It Off"],"picked":"Barricade","floor":4},{"not_picked":["Clash","True Grit"],"picked":"Inflame","floor":5},{"not_picked":["Thunderclap","Wild Strike"],"picked":"Hemokinesis","floor":6},{"not_picked":["Pommel Strike","Thunderclap"],"picked":"Offering","floor":11}],"player_experience":256111,"relics_obtained":[{"floor":6,"key":"Centennial Puzzle"},{"floor":9,"key":"Ginger"},{"floor":11,"key":"Lizard Tail"}],"event_choices":[{"damage_healed":0,"gold_gain":0,"player_choice":"Ignored","damage_taken":0,"max_hp_gain":0,"max_hp_loss":0,"event_name":"Shining Light","floor":8,"gold_loss":0},{"damage_healed":0,"gold_gain":0,"player_choice":"Take Damage","damage_taken":22,"relics_obtained":["Golden Idol"],"max_hp_gain":0,"max_hp_loss":0,"event_name":"Golden Idol","floor":14,"gold_loss":0}],"is_beta":false,"boss_relics":[],"items_purged_floors":[13],"is_endless":false,"potions_floor_spawned":[1,6],"killed_by":"Hexaghost","ascension_level":1}}