{"host":"9fh35csyvbzgxvf9","time":1609548995,"event":{"mods":["BaseMod","Block Reminder","Colored Map","DeckTracker","Minty Spire (QoL Compilation)"],"gold_per_floor":[18,36,47,61,75,100,116,116,116,96,2,15,35,45,45,150,150,150,90,90,15,15,15,15,15,15,15,15,15,15,15,15,15,15,15,15,15,15,15,15,15,15,15,15,15,15,15,15,15,15,15,15,15,15,15,15],"floor_reached":55,"playtime":6516,"items_purged":["Defend_G"],"score":761,"play_id":"c17e44b0-4853-43e3-97f7-f06327ca77d7","local_time":"20210101195635","is_ascension_mode":false,"campfire_choices":[{"data":"Outmaneuver","floor":8.0,"key":"SMITH"},{"data":"Outmaneuver","floor":15.0,"key":"SMITH"},{"data":"Neutralize","floor":23,"key":"SMITH"},{"floor":28,"key":"REST"},{"floor":32,"key":"REST"},{"floor":40,"key":"REST"},{"floor":42,"key":"REST"},{"floor":45,"key":"REST"},{"floor":49,"key":"RECALL"},{"data":"Blade Dance","floor":52,"key":"SMITH"}],"circlet_count":0,"master_deck":["Strike_G","Strike_G","Strike_G","Defend_G","Defend_G","Defend_G","Survivor","Neutralize+1","Cloak And Dagger","Leg Sweep","Backflip","Blade Dance+1","Outmaneuver+1","Acrobatics","Cloak And Dagger","Quick Slash","Sucker Punch","Blur","Quick Slash","Cloak And Dagger","Escape Plan","Outmaneuver+1","Storm of Steel","Acrobatics","Heel Hook","Finisher+1","Backflip","PiercingWail","Tools of the Trade+1","Flying Knee","Blade Dance+1","A Thousand Cuts+1","Tactician","Slice+1","Escape Plan+1","After Image+1","Accuracy+1","Madness","Madness","Slice+1","Reflex","Finisher+1"],"relics":["Ring of the Serpent","Orichalcum","Nunchaku","Ectoplasm","Frozen Egg 2","Ninja Scroll","Bronze Scales","HornCleat","Ginger","Blue Candle"],"acts_visited":["Exordium","TheCity","TheBeyond","TheEnding"],"potions_floor_usage":[19,24,25,33,33,44,48,55],"damage_taken":[{"damage":0.0,"enemies":"2 Louse","floor":1.0,"turns":4.0},{"damage":0.0,"enemies":"Cultist","floor":2.0,"turns":5.0},{"damage":7.0,"enemies":"Jaw Worm","floor":3.0,"turns":7.0},{"damage":2.0,"enemies":"2 Fungi Beasts","floor":4.0,"turns":4.0},{"damage":0.0,"enemies":"Red Slaver","floor":5.0,"turns":6.0},{"damage":4.0,"enemies":"3 Sentries","floor":6.0,"turns":12.0},{"damage":0.0,"enemies":"Blue Slaver","floor":7.0,"turns":4.0},{"damage":4.0,"enemies":"Looter","floor":12.0,"turns":3.0},{"damage":2.0,"enemies":"Large Slime","floor":13.0,"turns":8.0},{"damage":0.0,"enemies":"2 Fungi Beasts","floor":14.0,"turns":4.0},{"damage":25.0,"enemies":"Slime Boss","floor":16.0,"turns":17.0},{"damage":3,"enemies":"Shell Parasite","floor":18,"turns":7},{"damage":7,"enemies":"2 Thieves","floor":19,"turns":4},{"damage":1,"enemies":"Shelled Parasite and Fungi","floor":20,"turns":8},{"damage":37,"enemies":"Cultist and Chosen","floor":24,"turns":9},{"damage":2,"enemies":"Gremlin Leader","floor":25,"turns":7},{"damage":0,"enemies":"Snake Plant","floor":27,"turns":2},{"damage":8,"enemies":"Centurion and Healer","floor":29,"turns":6},{"damage":3,"enemies":"Snecko","floor":30,"turns":6},{"damage":20,"enemies":"Snake Plant","floor":31,"turns":3},{"damage":7,"enemies":"Champ","floor":33,"turns":13},{"damage":7,"enemies":"Orb Walker","floor":35,"turns":3},{"damage":19,"enemies":"3 Darklings","floor":36,"turns":5},{"damage":0,"enemies":"Maw","floor":37,"turns":5},{"damage":3,"enemies":"4 Shapes","floor":38,"turns":5},{"damage":13,"enemies":"Sphere and 2 Shapes","floor":39,"turns":4},{"damage":42,"enemies":"Reptomancer","floor":41,"turns":7},{"damage":0,"enemies":"Giant Head","floor":44,"turns":5},{"damage":0,"enemies":"Mind Bloom Boss Battle","floor":47,"turns":5},{"damage":0,"enemies":"Transient","floor":48,"turns":5},{"damage":22,"enemies":"Donu and Deca","floor":50,"turns":7},{"damage":33,"enemies":"Shield and Spear","floor":54,"turns":6},{"damage":38,"enemies":"The Heart","floor":55,"turns":5}],"seed_played":"315210518112259526","potions_obtained":[{"floor":3.0,"key":"FearPotion"},{"floor":5.0,"key":"PowerPotion"},{"floor":6.0,"key":"Ancient Potion"},{"floor":10.0,"key":"GhostInAJar"},{"floor":16.0,"key":"Fire Potion"},{"floor":19,"key":"Swift Potion"},{"floor":24,"key":"Block Potion"},{"floor":25,"key":"PowerPotion"},{"floor":29,"key":"SpeedPotion"},{"floor":35,"key":"FearPotion"},{"floor":41,"key":"CunningPotion"},{"floor":44,"key":"Weak Potion"},{"floor":47,"key":"AttackPotion"}],"is_trial":false,"path_per_floor":["M","M","M","M","M","E","M","R","T","?","$","M","M","M","R","B",null,"M","M","M","$","?","R","M","E","T","M","R","M","M","M","R","B",null,"M","M","M","M","M","R","E","R","T","E","R","?","?","M","R","B",null,"R","$","E","B"],"character_chosen":"THE_SILENT","items_purchased":["Blur","Quick Slash"],"campfire_rested":5,"item_purchase_floors":[11,11],"current_hp_per_floor":[70,70,63,61,61,57,57,57,57,57,57,53,51,51,51,26,70,67,60,59,59,59,59,22,20,20,20,41,33,30,10,31,24,70,63,44,44,41,28,49,7,28,28,28,49,40,40,40,40,18,70,70,70,37,0,0],"gold":15,"neow_bonus":"TRANSFORM_TWO_CARDS","is_daily":false,"chose_seed":false,"campfire_upgraded":4,"win_rate":0.0,"timestamp":1609548995,"path_taken":["M","M","M","M","M","E","M","R","T","?","$","M","M","M","R","BOSS","M","M","M","$","?","R","M","E","T","M","R","?","M","M","R","BOSS","M","M","M","M","M","R","E","R","T","E","R","?","?","M","R","BOSS","R","$","E","BOSS"],"items_purchased_type":["Card","Card"],"build_version":"2020-12-22","purchased_purges":1,"victory":false,"max_hp_per_floor":[70,70,70,70,70,70,70,70,70,70,70,70,70,70,70,70,70,70,70,70,70,70,70,70,70,70,70,70,70,70,70,70,70,70,70,70,70,70,70,70,70,70,70,70,70,70,70,70,70,70,70,70,70,70,70,70],"card_choices":[{"not_picked":["Sucker Punch","Acrobatics"],"picked":"Backflip","floor":1.0},{"not_picked":["Bane","Slice"],"picked":"Blade Dance","floor":2.0},{"not_picked":["Crippling Poison","Sucker Punch"],"picked":"Outmaneuver","floor":3.0},{"not_picked":["Outmaneuver","Backstab"],"picked":"Acrobatics","floor":4.0},{"not_picked":["Grand Finale","Endless Agony"],"picked":"Cloak And Dagger","floor":5.0},{"not_picked":["Concentrate","Bane"],"picked":"Quick Slash","floor":6.0},{"not_picked":["Tactician","Dash"],"picked":"Sucker Punch","floor":7.0},{"not_picked":["PiercingWail","Underhanded Strike"],"picked":"Cloak And Dagger","floor":12.0},{"not_picked":["Sucker Punch","Backflip"],"picked":"Escape Plan","floor":13.0},{"not_picked":["Skewer","Flying Knee"],"picked":"Outmaneuver","floor":14.0},{"not_picked":["Doppelganger","Die Die Die"],"picked":"Storm of Steel","floor":16.0},{"not_picked":["Poisoned Stab","Riddle With Holes"],"picked":"Acrobatics","floor":18},{"not_picked":["Backstab","Distraction"],"picked":"Heel Hook","floor":19},{"not_picked":["Deadly Poison","Dagger Spray"],"picked":"Finisher+1","floor":20},{"not_picked":["Setup","Dagger Spray"],"picked":"Backflip","floor":24},{"not_picked":["Outmaneuver","Malaise"],"picked":"PiercingWail","floor":25},{"not_picked":["PiercingWail+1","Poisoned Stab","Dagger Throw"],"picked":"SKIP","floor":27},{"not_picked":["Quick Slash","Sucker Punch+1"],"picked":"Tools of the Trade+1","floor":29},{"not_picked":["Underhanded Strike","Dagger Spray"],"picked":"Flying Knee","floor":30},{"not_picked":["Concentrate","Noxious Fumes+1"],"picked":"Blade Dance+1","floor":31},{"not_picked":["Tools of the Trade+1","Grand Finale"],"picked":"A Thousand Cuts+1","floor":33},{"not_picked":["Outmaneuver+1","Blade Dance+1"],"picked":"Tactician","floor":35},{"not_picked":["Flying Knee","Expertise"],"picked":"Slice+1","floor":36},{"not_picked":["Heel Hook+1","Sucker Punch","Dagger Spray"],"picked":"SKIP","floor":37},{"not_picked":["Blade Dance+1","Backstab","PiercingWail"],"picked":"SKIP","floor":38},{"not_picked":["Dodge and Roll","Sucker Punch"],"picked":"Escape Plan+1","floor":39},{"not_picked":["Dagger Spray","Heel Hook"],"picked":"After Image+1","floor":41},{"not_picked":["Flying Knee","Die Die Die"],"picked":"Accuracy+1","floor":44},{"not_picked":["Blur","Cloak And Dagger"],"picked":"Slice+1","floor":47},{"not_picked":["Deflect+1","Dagger Spray"],"picked":"Reflex","floor":48},{"not_picked":["Poisoned Stab","Riddle With Holes+1"],"picked":"Finisher+1","floor":54}],"player_experience":270491,"relics_obtained":[{"floor":6.0,"key":"Orichalcum"},{"floor":9.0,"key":"Nunchaku"},{"floor":25,"key":"Frozen Egg 2"},{"floor":26,"key":"Ninja Scroll"},{"floor":41,"key":"Bronze Scales"},{"floor":44,"key":"HornCleat"},{"floor":47,"key":"Ginger"},{"floor":54,"key":"Blue Candle"}],"event_choices":[{"damage_healed":0.0,"max_hp_gain":0.0,"max_hp_loss":0.0,"gold_gain":0.0,"event_name":"The Woman in Blue","player_choice":"Bought 1 Potion","floor":10.0,"gold_loss":0.0,"damage_taken":0.0},{"cards_removed":["Defend_G"],"damage_healed":0,"gold_gain":0,"player_choice":"Offered Basic","damage_taken":0,"max_hp_gain":0,"max_hp_loss":0,"event_name":"Bonfire Elementals","floor":22,"gold_loss":0},{"damage_healed":0,"gold_gain":0,"player_choice":"Embrace Madness","damage_taken":9,"max_hp_gain":0,"max_hp_loss":0,"event_name":"Winding Halls","floor":46,"gold_loss":0,"cards_obtained":["Madness","Madness"]},{"damage_healed":0,"gold_gain":0,"player_choice":"Fight","damage_taken":0,"max_hp_gain":0,"max_hp_loss":0,"event_name":"MindBloom","floor":47,"gold_loss":0}],"is_beta":false,"boss_relics":[{"not_picked":["Runic Dome","Fusion Hammer"],"picked":"Ectoplasm"},{"not_picked":["Sozu","SacredBark"],"picked":"Ring of the Serpent"}],"items_purged_floors":[21],"is_endless":false,"potions_floor_spawned":[3,5,6,13,14,16,19,24,25,29,35,41,44,47],"killed_by":"The Heart","ascension_level":0}}