{"host":"aewhn2fld106mlky","time":1609564995,"event":{"mods":["Act Like it!","BaseMod","Downfall","GungeonMod","Koishi","KomeijiMod","Minty Spire (QoL Compilation)","Quick Restart","Relic Stats","Spicy Shops","StSLib","The Jungle","The Mystic"],"gold_per_floor":[129,229,239,252,62,62,97,115,167,167,33,66,66,76,76,176,176,195,37,37,37,37,37,37],"floor_reached":23,"playtime":629,"items_purged":["DemoMod:Strike_Huntress","DemoMod:Defend_Huntress"],"score":187,"play_id":"074c75b6-251b-4abb-9028-d31dd1189e75","local_time":"20210102132315","is_ascension_mode":false,"campfire_choices":[{"data":"DemoMod:PotionOfGunFriendShip","floor":6.0,"key":"SMITH"},{"data":"DemoMod:ChanceBullets","floor":10.0,"key":"SMITH"},{"floor":13.0,"key":"REST"},{"floor":15.0,"key":"REST"}],"circlet_count":0,"master_deck":["DemoMod:Roll","DemoMod:ManualReload","DemoMod:RustySidearm","DemoMod:CrossBow","DemoMod:PotionOfGunFriendShip+1","DemoMod:CursedBullets","DemoMod:ChanceBullets+1","DemoMod:BlankBullets","DemoMod:HungryBullets","DemoMod:AbyssalTentacle","DemoMod:AbyssalTentacle","DemoMod:BlankBullets","DemoMod:PotionOfGunFriendShip+1","DemoMod:Gungine+1","DemoMod:SkilledReload+1","DemoMod:ShadowBullets","DemoMod:DirectionalPad","DemoMod:ChanceBullets"],"relics":["DemoMod:Dog","Omamori","Membership Card","Potion Belt","DemoMod:HoleyGrail","NitorisBag","DemoMod:GnawedKey","Blood Vial","Happy Flower","Astrolabe","DemoMod:GlassGuonStoneRelic","MealTicket","Sling","DemoMod:Ammonomicon"],"acts_visited":["Exordium","TheCity"],"potions_floor_usage":[],"damage_taken":[{"damage":10.0,"enemies":"Small Slimes","floor":1.0,"turns":4.0},{"damage":0.0,"enemies":"Cultist","floor":3.0,"turns":4.0},{"damage":7.0,"enemies":"2 Louse","floor":4.0,"turns":2.0},{"damage":18.0,"enemies":"Lagavulin","floor":7.0,"turns":7.0},{"damage":16.0,"enemies":"Large Slime","floor":8.0,"turns":4.0},{"damage":10.0,"enemies":"2 Fungi Beasts","floor":12.0,"turns":5.0},{"damage":18.0,"enemies":"2 Fungi Beasts","floor":14.0,"turns":4.0},{"damage":24.0,"enemies":"Slime Boss","floor":16.0,"turns":7.0},{"damage":66,"enemies":"2 Thieves","floor":18,"turns":4},{"damage":8,"enemies":"Shell Parasite","floor":23,"turns":1}],"seed_played":"-8367770679476405142","potions_obtained":[{"floor":4.0,"key":"Weak Potion"},{"floor":7.0,"key":"SpeedPotion"}],"is_trial":false,"path_per_floor":["M","?","M","M","$","R","E","M","T","R","$","?","R","M","R","B",null,"M","$","?","?","?","M"],"character_chosen":"HUNTRESS","items_purchased":["Membership Card","NitorisBag","DemoMod:GnawedKey","MealTicket","Sling"],"campfire_rested":2,"item_purchase_floors":[5,11,11,19,19],"current_hp_per_floor":[60,60,60,53,53,53,35,19,19,19,19,9,30,14,35,13,70,4,4,4,4,4,0,0],"gold":37,"neow_bonus":"RANDOM_COMMON_RELIC","is_daily":false,"chose_seed":false,"campfire_upgraded":2,"win_rate":0.0,"timestamp":1609564995,"path_taken":["M","?","M","?","$","R","E","M","T","R","?","?","R","M","R","BOSS","M","$","?","?","?","M"],"items_purchased_type":["Relic","Relic","Relic","Relic","Relic"],"build_version":"2020-12-22","purchased_purges":2,"victory":false,"max_hp_per_floor":[70,70,70,70,70,70,70,70,70,70,70,70,70,70,70,70,70,70,70,70,70,70,70,70],"relic_stats":{"Blood Vial":6,"Happy Flower":[4],"counters":[10,41],"Astrolabe":["DemoMod:PotionOfGunFriendShip","DemoMod:Gungine","DemoMod:SkilledReload"],"MealTicket":0,"obtain_stats":[{"Potion Belt":7,"DemoMod:Ammonomicon":21,"DemoMod:Dog":0,"Happy Flower":14,"DemoMod:HoleyGrail":9,"Astrolabe":17,"DemoMod:GlassGuonStoneRelic":12,"Omamori":0,"Sling":19,"Blood Vial":12,"NitorisBag":11,"MealTicket":19,"DemoMod:GnawedKey":11,"Membership Card":5},{"Potion Belt":4,"DemoMod:Ammonomicon":9,"DemoMod:Dog":0,"Happy Flower":7,"DemoMod:HoleyGrail":5,"Astrolabe":8,"DemoMod:GlassGuonStoneRelic":6,"Omamori":0,"Sling":9,"Blood Vial":6,"NitorisBag":5,"MealTicket":9,"DemoMod:GnawedKey":5,"Membership Card":3},{"Potion Belt":17,"DemoMod:Ammonomicon":40,"DemoMod:Dog":0,"Happy Flower":30,"DemoMod:HoleyGrail":21,"Astrolabe":36,"DemoMod:GlassGuonStoneRelic":26,"Omamori":0,"Sling":40,"Blood Vial":26,"NitorisBag":21,"MealTicket":40,"DemoMod:GnawedKey":21,"Membership Card":10}]},"card_choices":[{"not_picked":["DemoMod:TeaPot","DemoMod:JK47"],"picked":"DemoMod:PotionOfGunFriendShip","floor":1.0},{"not_picked":["DemoMod:Unmoved","DemoMod:FastSwitch","DemoMod:AC15"],"picked":"SKIP","floor":3.0},{"not_picked":["DemoMod:HardPowerCard","DemoMod:DirectionalPad"],"picked":"DemoMod:CursedBullets","floor":4.0},{"not_picked":["DemoMod:Ejector","DemoMod:Rummage"],"picked":"DemoMod:ChanceBullets","floor":7.0},{"not_picked":["DemoMod:AC15","DemoMod:BoxingGlove"],"picked":"DemoMod:BlankBullets","floor":8.0},{"not_picked":["DemoMod:Ejector","DemoMod:AC15"],"picked":"DemoMod:HungryBullets","floor":8.0},{"not_picked":["DemoMod:DirectionalPad","DemoMod:ConditionalReflex"],"picked":"DemoMod:AbyssalTentacle","floor":12.0},{"not_picked":["DemoMod:HuntsMan","DemoMod:ConditionalReflex"],"picked":"DemoMod:AbyssalTentacle","floor":14.0},{"not_picked":["DemoMod:Gungine","DemoMod:SuppressiveFire"],"picked":"DemoMod:BlankBullets","floor":16.0},{"not_picked":["DemoMod:PotionOfGunFriendShip","DemoMod:DirectionalPad"],"picked":"DemoMod:ShadowBullets","floor":18}],"player_experience":38938,"relics_obtained":[{"floor":7.0,"key":"Potion Belt"},{"floor":9.0,"key":"DemoMod:HoleyGrail"},{"floor":12.0,"key":"Blood Vial"},{"floor":14.0,"key":"Happy Flower"}],"event_choices":[{"damage_healed":0.0,"max_hp_gain":0.0,"max_hp_loss":0.0,"gold_gain":100.0,"event_name":"Wheel of Change","player_choice":"Gold","floor":2.0,"gold_loss":0.0,"damage_taken":0.0},{"damage_healed":0,"gold_gain":0,"cards_transformed":["DemoMod:Defend_Huntress","DemoMod:Defend_Huntress"],"player_choice":"Became Test Subject","damage_taken":0,"max_hp_gain":0,"max_hp_loss":0,"event_name":"Drug Dealer","floor":20,"gold_loss":0,"cards_obtained":["DemoMod:DirectionalPad","DemoMod:ChanceBullets"]}],"is_beta":false,"boss_relics":[{"not_picked":["Coffee Dripper","Fusion Hammer"],"picked":"Astrolabe"}],"items_purged_floors":[5,19],"is_endless":false,"potions_floor_spawned":[4,7],"killed_by":"Shell Parasite","ascension_level":0}}