{"host":"36ls4ricihodphgx","time":1609626620,"event":{"mods":["AchievementEnabler","BaseMod","Colored Map","Downfall","Hermit","HololiveMod","Marisa????????","Minty Spire (QoL Compilation)","Replay The Spire","Shop Mod","StSLib","SuperFastMode","The Animator","The Bug Knight","The Cursed","The Servant 0.9.4"],"gold_per_floor":[116,116,128,403,423,435,455,327,354,354,429,491,504,514,514,613,663,680,605,605,424,442,474,474,474,474,486,502,502,502,515,515,515,515],"floor_reached":33,"playtime":967,"items_purged":["Regret","Reflex"],"score":259,"play_id":"017a238a-80f3-4c1b-a599-a17b9becc9cc","local_time":"20210102153020","is_ascension_mode":false,"campfire_choices":[{"floor":15,"key":"REST"},{"floor":29,"key":"REST"},{"floor":32,"key":"REST"}],"circlet_count":0,"master_deck":["Strike_G+1","Strike_G+1","Strike_G+1","Defend_G+1","Defend_G+1","Survivor","Neutralize","Poisoned Stab+1","Flying Knee+1","Poisoned Stab+1","Adrenaline","Dodge and Roll","Dodge and Roll","Deadly Poison","Poison Darts","Caltrops","Noxious Fumes","Envenom","Writhe","Bane+1","Distraction+1"],"relics":["Ring of the Snake","Ancient Tea Set","Whetstone","Tiny House","Centennial Puzzle","MealTicket","Gremlin Horn"],"acts_visited":["Exordium","TheCity"],"potions_floor_usage":[16,27,33,33],"damage_taken":[{"damage":0,"enemies":"Jaw Worm","floor":1,"turns":4},{"damage":0,"enemies":"Cultist","floor":3,"turns":3},{"damage":0,"enemies":"Small Slimes","floor":5,"turns":2},{"damage":12,"enemies":"Blue Slaver","floor":6,"turns":3},{"damage":7,"enemies":"Looter","floor":7,"turns":3},{"damage":28,"enemies":"Lagavulin Event","floor":12,"turns":6},{"damage":6,"enemies":"Large Slime","floor":13,"turns":5},{"damage":7,"enemies":"3 Louse","floor":14,"turns":4},{"damage":14,"enemies":"The Guardian","floor":16,"turns":9},{"damage":4,"enemies":"3 Byrds","floor":18,"turns":5},{"damage":0,"enemies":"Spheric Guardian","floor":22,"turns":3},{"damage":39,"enemies":"Book of Stabbing","floor":23,"turns":6},{"damage":19,"enemies":"Centurion and Healer","floor":27,"turns":6},{"damage":11,"enemies":"Snecko","floor":28,"turns":5},{"damage":14,"enemies":"3 Cultists","floor":31,"turns":4},{"damage":57,"enemies":"Pondfish","floor":33,"turns":7}],"seed_played":"9057569704362367215","potions_obtained":[{"floor":3,"key":"Elixir"},{"floor":6,"key":"BlessingOfTheForge"},{"floor":7,"key":"Dexterity Potion"},{"floor":17,"key":"LiquidBronze"},{"floor":28,"key":"Strength Potion"}],"is_trial":false,"path_per_floor":["M","?","M","?","M","M","M","$","T","?","?","?","M","M","R","B",null,"M","?","?","$","M","E","?","?","T","M","M","R","?","M","R","B"],"character_chosen":"THE_SILENT","items_purchased":["Dodge and Roll","Noxious Fumes"],"campfire_rested":3,"item_purchase_floors":[8,21],"current_hp_per_floor":[49,49,49,49,49,37,30,30,30,53,42,14,8,1,22,8,75,71,71,71,71,71,32,32,57,57,38,27,49,49,35,57,0,0],"gold":515,"neow_bonus":"REMOVE_TWO","is_daily":false,"chose_seed":false,"campfire_upgraded":0,"win_rate":0.0,"timestamp":1609626620,"path_taken":["M","?","?","?","?","M","M","$","T","?","?","?","M","M","R","BOSS","M","?","?","$","M","E","?","?","T","M","M","R","?","M","R","BOSS"],"items_purchased_type":["Card","Card"],"build_version":"2020-12-22","purchased_purges":2,"victory":false,"max_hp_per_floor":[70,70,70,70,70,70,70,70,70,70,70,70,70,70,70,70,75,75,75,75,75,75,75,75,75,75,75,75,75,75,75,75,75,75],"card_choices":[{"not_picked":["Underhanded Strike","Blade Dance"],"picked":"Poisoned Stab","floor":1},{"not_picked":["Blur","Expertise"],"picked":"Flying Knee","floor":3},{"not_picked":["Prepared","Sneak Up"],"picked":"Poisoned Stab","floor":5},{"not_picked":["Sneak Up","Acrobatics"],"picked":"Adrenaline","floor":6},{"not_picked":["Sucker Punch","Quick Slash"],"picked":"Dodge and Roll","floor":7},{"not_picked":["Blade Dance","All Out Attack"],"picked":"Deadly Poison","floor":12},{"not_picked":["ReplayTheSpireMod:The Works","Glass Knife","All Out Attack"],"picked":"SKIP","floor":13},{"not_picked":["Distraction","Deadly Poison","Calculated Gamble"],"picked":"SKIP","floor":14},{"not_picked":["Night Terror","After Image"],"picked":"Poison Darts","floor":16},{"not_picked":["Eviscerate","PiercingWail","Dash"],"picked":"SKIP","floor":18},{"not_picked":["Dagger Spray","All Out Attack","Poisoned Stab"],"picked":"SKIP","floor":22},{"not_picked":["Hidden Blade","Prepared"],"picked":"Envenom","floor":23},{"not_picked":["Sucker Punch+1","Skewer","Flying Knee"],"picked":"SKIP","floor":27},{"not_picked":["PiercingWail","Acrobatics"],"picked":"Bane+1","floor":28},{"not_picked":["Acrobatics","ReplayTheSpireMod:Shiv Toss"],"picked":"Distraction+1","floor":31}],"player_experience":38144,"relics_obtained":[{"floor":9,"key":"Ancient Tea Set"},{"floor":12,"key":"Whetstone"},{"floor":23,"key":"Centennial Puzzle"},{"floor":26,"key":"Gremlin Horn"}],"event_choices":[{"damage_healed":0,"gold_gain":0,"player_choice":"Upgraded","damage_taken":0,"max_hp_gain":0,"max_hp_loss":0,"event_name":"Upgrade Shrine","floor":2,"gold_loss":0,"cards_upgraded":["Poisoned Stab"]},{"damage_healed":0,"gold_gain":275,"player_choice":"Desecrate","damage_taken":0,"max_hp_gain":0,"max_hp_loss":0,"event_name":"Golden Shrine","floor":4,"gold_loss":0,"cards_obtained":["Regret"]},{"damage_healed":23,"gold_gain":0,"player_choice":"Banana","damage_taken":0,"max_hp_gain":0,"max_hp_loss":0,"event_name":"Big Fish","floor":10,"gold_loss":0},{"damage_healed":0,"gold_gain":75,"player_choice":"Gather Gold","damage_taken":11,"max_hp_gain":0,"max_hp_loss":0,"event_name":"World of Goop","floor":11,"gold_loss":0},{"damage_healed":0,"gold_gain":0,"player_choice":"Searched \u00271\u0027 times","damage_taken":0,"max_hp_gain":0,"max_hp_loss":0,"event_name":"Dead Adventurer","floor":12,"gold_loss":0},{"cards_removed":["Defend_G"],"damage_healed":0,"gold_gain":0,"player_choice":"Gave Gold","damage_taken":0,"max_hp_gain":0,"max_hp_loss":0,"event_name":"Beggar","floor":19,"gold_loss":75},{"damage_healed":0,"gold_gain":0,"cards_transformed":["Strike_G","Defend_G"],"player_choice":"Became Test Subject","damage_taken":0,"max_hp_gain":0,"max_hp_loss":0,"event_name":"Drug Dealer","floor":20,"gold_loss":0,"cards_obtained":["Caltrops","Reflex"]},{"damage_healed":0,"gold_gain":0,"player_choice":"Opened","damage_taken":0,"relics_obtained":["MealTicket"],"max_hp_gain":0,"max_hp_loss":0,"event_name":"The Mausoleum","floor":24,"gold_loss":0,"cards_obtained":["Writhe"]},{"damage_healed":25,"gold_gain":0,"player_choice":"Heal","damage_taken":0,"max_hp_gain":0,"max_hp_loss":0,"event_name":"The Library","floor":25,"gold_loss":0},{"damage_healed":0,"gold_gain":0,"player_choice":"Simplicity","damage_taken":0,"max_hp_gain":0,"max_hp_loss":0,"event_name":"Back to Basics","floor":30,"gold_loss":0,"cards_upgraded":["Strike_G","Strike_G","Defend_G","Defend_G"]}],"is_beta":false,"boss_relics":[{"not_picked":["Ectoplasm","Fusion Hammer"],"picked":"Tiny House"}],"items_purged_floors":[8,21],"is_endless":false,"potions_floor_spawned":[3,6,7,13,18,28],"killed_by":"Pondfish","ascension_level":0}}