{"host":"0c61l48zxvai1g68","time":1609579077,"event":{"mods":["2.2 Compatiblity","Act Like it!","Arknights The Spire","BaseMod","Challenge The Spire","Hallownest","HololiveMod","KinomotoSakuraMod(木之本樱)","KomeijiMod","Luminous","Minty Spire (QoL Compilation)","MostiFishMod","Prisma Mod","Quick Restart","Replay The Spire","RumiaBox-露米娅的神秘盒子","StSLib","The Alterego","The Animator","UnlockEverythingMod","Waifu the Spire","WarShipGirlsR/战舰少女R mod","Yakumo Yukari mod","【功能Mod】混沌之环修复补丁","【遗物卡牌】REMEMod"],"gold_per_floor":[109,125,142,158,158,168,196,196,196,196,214,225,225,256,256,256,256],"floor_reached":16,"playtime":1179,"items_purged":[],"score":114,"play_id":"b58c5ae3-82db-4e05-80ff-87467c45241e","local_time":"20210102171757","is_ascension_mode":false,"campfire_choices":[{"floor":13,"key":"REST"},{"data":"ats:LN2 Cannon","floor":15,"key":"SMITH"}],"circlet_count":0,"master_deck":["ats:Strike C","ats:Strike G","ats:Strike S","ats:Strike V","ats:Armor Crushing Shot","ats:Defend","ats:Defend","ats:Defend","ats:Defend","ats:Emotion Absorption+1","ats:Hammer On","ats:Leaping Hammer","ats:Magnetic Hammer","Replay:Sssssssssstrike","ats:LN2 Cannon+1","ats:Closed Bolt Burst Fire","ats:Ambush","ats:Healing Drone","ats:Consecutive Shot Auto","ats:Explosion Area Strengthen"],"relics":["ats:Sanity","DaveBox","REME_ComplimentaryCards","NeowsBlessing","SynthV:TestCard","BloodWine","ats:Originium","Replay:Wax Seal","Potion Belt","Replay:Accelerometer"],"acts_visited":["Hallownest:Greenpath"],"potions_floor_usage":[7,16,16],"damage_taken":[{"damage":0,"enemies":"Hallownest:2_MossCreeps","floor":1,"turns":1},{"damage":0,"enemies":"Hallownest:2_Baldur","floor":2,"turns":1},{"damage":0,"enemies":"Hallownest:monsterHuskGuard","floor":3,"turns":1},{"damage":0,"enemies":"Hallownest:monsterAspidMother","floor":4,"turns":9},{"damage":3,"enemies":"Hallownest:Wandering_and_Horned","floor":6,"turns":5},{"damage":9,"enemies":"Hallownest:eliteCrystalGuardian","floor":7,"turns":4},{"damage":1,"enemies":"Hallownest:2_Tiktiks_1_Baldur_1_Crawlid","floor":11,"turns":3},{"damage":1,"enemies":"Hallownest:1_Baldur_1_Crawlid_1_Warrior","floor":12,"turns":6},{"damage":17,"enemies":"Hallownest:eliteVengeflyKing","floor":14,"turns":9},{"damage":92,"enemies":"Hallownest:BossHornet","floor":16,"turns":13}],"seed_played":"4836357717008948014","potions_obtained":[{"floor":4,"key":"LifebloodPotion"},{"floor":6,"key":"LifebloodPotion"},{"floor":11,"key":"Languid Potion"},{"floor":12,"key":"SpeedPotion"}],"is_trial":false,"path_per_floor":["M","M","M","M","?","M","E","$","T","T","M","M","R","E","R","B"],"character_chosen":"DOCTOR_CLASS","items_purchased":[],"campfire_rested":1,"item_purchase_floors":[],"current_hp_per_floor":[72,72,72,72,72,69,60,60,60,60,59,64,72,70,70,17,17],"gold":256,"neow_bonus":"THREE_ENEMY_KILL","is_daily":false,"chose_seed":false,"campfire_upgraded":1,"win_rate":0.0,"timestamp":1609579077,"path_taken":["M","M","M","M","?","M","E","$","T","?","M","M","R","E","R","BOSS"],"items_purchased_type":[],"build_version":"2020-12-22","purchased_purges":0,"victory":false,"max_hp_per_floor":[72,72,72,72,72,72,72,72,72,72,72,72,72,72,72,72,72],"card_choices":[{"not_picked":["ats:Cat Scratch","ats:Consecutive Shot Auto"],"picked":"ats:Hammer On","floor":1},{"not_picked":["ats:Apocalypse","ats:Cat Scratch","ats:Curse Doll","ats:Flame Of Heaven"],"picked":"ats:Leaping Hammer","floor":2},{"not_picked":["ats:Guardian Obelisk","ats:Flame Of Heaven","ats:Overload","ats:Volcano"],"picked":"ats:Magnetic Hammer","floor":3},{"not_picked":["ats:Healing Strengthening","ats:Childhood Dance","ats:Ignite","ats:Explosion Area Strengthen"],"picked":"ats:LN2 Cannon","floor":4},{"not_picked":["ats:Poison Spread","ats:Cat Scratch","ats:Ignite","ats:Explosion Area Strengthen"],"picked":"ats:Closed Bolt Burst Fire","floor":6},{"not_picked":["ats:Poison Spread","ats:Apocalypse","ats:Encircling Forest","ats:Support Order"],"picked":"ats:Ambush","floor":7},{"not_picked":["ats:Powerful Strike","ats:Curse Doll","ats:Consecutive Shot Auto","ats:Shell Defense"],"picked":"ats:Healing Drone","floor":11},{"not_picked":["ats:Healing Strengthening","ats:Leaping Hammer","ats:Song Of Battle","ats:Mental Burst"],"picked":"ats:Consecutive Shot Auto","floor":12},{"not_picked":["ats:Ambush","ats:Blood Oath","ats:Consecutive Shot Auto","ats:Childhood Dance"],"picked":"ats:Explosion Area Strengthen","floor":14}],"player_experience":131163,"relics_obtained":[{"floor":1,"key":"SynthV:TestCard"},{"floor":7,"key":"ats:Originium"},{"floor":7,"key":"Replay:Wax Seal"},{"floor":10,"key":"Potion Belt"},{"floor":14,"key":"ats:Originium"},{"floor":14,"key":"Replay:Accelerometer"}],"event_choices":[],"is_beta":false,"boss_relics":[],"items_purged_floors":[],"is_endless":false,"potions_floor_spawned":[4,6,11,12],"killed_by":"Hallownest:BossHornet","ascension_level":0}}