{"host":"igj4vwc42ivwqexo","time":1609622908,"event":{"mods":["BaseMod","Better Third Choice","Koishi","Marisa????????","Minty Spire (QoL Compilation)","Shop Mod","StSLib","The Blue Laboratory","The Disciple","The Hierophant","The Servant 0.9.4"],"gold_per_floor":[115,125,125,139,29,64,64,64,64],"floor_reached":8,"playtime":819,"items_purged":[],"score":67,"play_id":"e6a088b8-f5b6-47fa-979d-8ff393e228a2","local_time":"20210102222828","is_ascension_mode":true,"campfire_choices":[{"data":"Zap","floor":7,"key":"SMITH"}],"circlet_count":0,"master_deck":["Strike_B","Strike_B","Strike_B","Strike_B","Defend_B","Defend_B","Defend_B","Defend_B","Zap+1","Dualcast","Secret Weapon","Double Energy+1","Scrape","Rainbow","BootSequence","Fusion","Steam Power"],"relics":["Cracked Core","Molten Egg 2"],"acts_visited":["Exordium"],"potions_floor_usage":[8],"damage_taken":[{"damage":1,"enemies":"Cultist","floor":1,"turns":4},{"damage":0,"enemies":"2 Louse","floor":2,"turns":3},{"damage":3,"enemies":"Small Slimes","floor":4,"turns":3},{"damage":35,"enemies":"Lagavulin","floor":6,"turns":8},{"damage":29,"enemies":"3 Sentries","floor":8,"turns":5}],"seed_played":"-618960800177691782","potions_obtained":[{"floor":2,"key":"blueLaboratory:PolymorphPotion"},{"floor":6,"key":"FearPotion"}],"is_trial":false,"path_per_floor":["M","M","?","M","$","E","R","E"],"character_chosen":"DEFECT","items_purchased":["BootSequence","Fusion"],"campfire_rested":0,"item_purchase_floors":[5,5],"current_hp_per_floor":[67,67,67,64,64,29,29,0,0],"gold":64,"neow_bonus":"RANDOM_COLORLESS_2","is_daily":false,"chose_seed":false,"campfire_upgraded":1,"win_rate":0.0,"timestamp":1609622908,"path_taken":["M","M","?","M","?","E","R","E"],"items_purchased_type":["Card","Card"],"build_version":"2020-12-22","purchased_purges":0,"victory":false,"max_hp_per_floor":[68,68,68,68,68,68,68,68,68],"card_choices":[{"not_picked":["Magnetism","Metamorphosis"],"picked":"Secret Weapon","floor":0},{"not_picked":["Cold Snap","Conserve Battery"],"picked":"Double Energy","floor":1},{"not_picked":["Rip and Tear","Leap"],"picked":"Scrape","floor":2},{"not_picked":["Ball Lightning","Capacitor"],"picked":"Rainbow","floor":4},{"not_picked":["Stack","Gash+1"],"picked":"Steam Power","floor":6}],"player_experience":308252,"relics_obtained":[{"floor":6,"key":"Molten Egg 2"}],"event_choices":[{"damage_healed":0,"gold_gain":0,"player_choice":"Upgraded","damage_taken":0,"max_hp_gain":0,"max_hp_loss":0,"event_name":"Upgrade Shrine","floor":3,"gold_loss":0,"cards_upgraded":["Double Energy"]}],"is_beta":false,"boss_relics":[],"items_purged_floors":[],"is_endless":false,"potions_floor_spawned":[2,6],"killed_by":"3 Sentries","ascension_level":4}}