{"host":"wbjiqg83duq292na","time":1609563299,"event":{"mods":["BaseMod","Minty Spire (QoL Compilation)"],"gold_per_floor":[109,129,142,158,171,171,186,216,240,240,240,240,240,258,258,258,258],"floor_reached":16,"playtime":564,"items_purged":[],"score":114,"play_id":"e399bcb1-05a8-4f21-9962-62a9de4c1604","local_time":"20210102025459","is_ascension_mode":true,"campfire_choices":[{"floor":6,"key":"REST"},{"floor":13,"key":"REST"},{"floor":15,"key":"REST"}],"circlet_count":0,"master_deck":["Strike_B","Strike_B","Strike_B","Strike_B","Defend_B","Defend_B","Defend_B","Defend_B","Zap","Dualcast","Seek","Self Repair","Melter","Rebound","Cold Snap","Cold Snap","Redo","Compile Driver","Injury","Ball Lightning"],"relics":["Cracked Core","Art of War","Golden Idol","Anchor","Bottled Tornado"],"acts_visited":["Exordium"],"potions_floor_usage":[8,8,8],"damage_taken":[{"damage":2,"enemies":"Jaw Worm","floor":1,"turns":3},{"damage":16,"enemies":"2 Louse","floor":2,"turns":3},{"damage":5,"enemies":"Cultist","floor":3,"turns":4},{"damage":21,"enemies":"Blue Slaver","floor":4,"turns":4},{"damage":22,"enemies":"Large Slime","floor":5,"turns":5},{"damage":8,"enemies":"3 Louse","floor":7,"turns":3},{"damage":27,"enemies":"Gremlin Nob","floor":8,"turns":4},{"damage":14,"enemies":"Exordium Thugs","floor":14,"turns":5},{"damage":73,"enemies":"Hexaghost","floor":16,"turns":11}],"seed_played":"8633278302380774600","potions_obtained":[{"floor":2,"key":"Explosive Potion"},{"floor":3,"key":"Strength Potion"},{"floor":4,"key":"PotionOfCapacity"},{"floor":7,"key":"DistilledChaos"}],"is_trial":false,"path_per_floor":["M","M","M","M","M","R","M","E","T","?","?","T","R","M","R","B"],"character_chosen":"DEFECT","items_purchased":[],"campfire_rested":3,"item_purchase_floors":[],"current_hp_per_floor":[73,64,66,52,37,59,58,38,38,38,35,35,57,50,72,0,0],"gold":258,"neow_bonus":"ONE_RANDOM_RARE_CARD","is_daily":false,"chose_seed":false,"campfire_upgraded":0,"win_rate":0.0,"timestamp":1609563299,"path_taken":["M","M","M","M","M","R","M","E","T","?","?","?","R","M","R","BOSS"],"items_purchased_type":[],"build_version":"2020-12-22","purchased_purges":0,"victory":false,"max_hp_per_floor":[75,75,75,75,75,75,75,75,75,75,75,75,75,75,75,75,75],"card_choices":[{"not_picked":["Steam","Auto Shields"],"picked":"Self Repair","floor":1},{"not_picked":["Conserve Battery","Reinforced Body"],"picked":"Melter","floor":2},{"not_picked":["Steam","Go for the Eyes"],"picked":"Rebound","floor":3},{"not_picked":["Steam Power","Glacier"],"picked":"Cold Snap","floor":4},{"not_picked":["Streamline","Multi-Cast"],"picked":"Cold Snap","floor":5},{"not_picked":["Heatsinks","Rebound"],"picked":"Redo","floor":7},{"not_picked":["Melter","Leap"],"picked":"Compile Driver","floor":8},{"not_picked":["Rebound","Barrage"],"picked":"Ball Lightning","floor":14}],"player_experience":308277,"relics_obtained":[{"floor":8,"key":"Art of War"},{"floor":12,"key":"Bottled Tornado"}],"event_choices":[{"damage_healed":0,"gold_gain":0,"player_choice":"Take Wound","damage_taken":0,"relics_obtained":["Golden Idol"],"max_hp_gain":0,"max_hp_loss":0,"event_name":"Golden Idol","floor":10,"gold_loss":0,"cards_obtained":["Injury"]},{"damage_healed":0,"gold_gain":0,"player_choice":"Success","damage_taken":3,"relics_obtained":["Anchor"],"max_hp_gain":0,"max_hp_loss":0,"event_name":"Scrap Ooze","floor":11,"gold_loss":0}],"is_beta":false,"boss_relics":[],"items_purged_floors":[],"is_endless":false,"potions_floor_spawned":[2,3,4,7],"killed_by":"Hexaghost","ascension_level":2}}