{"host":"0ydzwspkajt4brzd","time":1609581048,"event":{"mods":["AchievementEnabler","BaseMod","Colored Map","DeckTracker","Googly Eyes","Highlight Path","Minty Spire (QoL Compilation)","Quick Restart","Random Character Button","Rare Cards Sparkle"],"gold_per_floor":[109,124,136,146,166,201,201,230,230,230,259,273,289,305,305,410,410,410,410],"floor_reached":18,"playtime":1094,"items_purged":[],"score":288,"play_id":"69674dcf-c7de-4deb-8d34-972299e6c7bb","local_time":"20210102015048","is_ascension_mode":true,"campfire_choices":[{"floor":7.0,"key":"REST"},{"data":"Berserk","floor":10.0,"key":"SMITH"},{"floor":15.0,"key":"REST"}],"circlet_count":0,"master_deck":["AscendersBane","Strike_R","Strike_R","Strike_R","Strike_R","Strike_R","Defend_R","Defend_R","Defend_R","Defend_R","Bash","True Grit","Clash","Twin Strike","Combust","Headbutt","Hemokinesis","Ghostly Armor","Berserk+1","Second Wind","Entrench","Dark Embrace","Feed"],"relics":["Burning Blood","Nunchaku","Darkstone Periapt","Mango","Bottled Tornado","Runic Cube"],"acts_visited":["Exordium","TheCity"],"potions_floor_usage":[18],"damage_taken":[{"damage":14.0,"enemies":"Jaw Worm","floor":1.0,"turns":4.0},{"damage":3.0,"enemies":"Small Slimes","floor":2.0,"turns":3.0},{"damage":0.0,"enemies":"2 Louse","floor":3.0,"turns":2.0},{"damage":25.0,"enemies":"Exordium Wildlife","floor":4.0,"turns":5.0},{"damage":9.0,"enemies":"Looter","floor":5.0,"turns":3.0},{"damage":39.0,"enemies":"3 Sentries","floor":6.0,"turns":8.0},{"damage":23.0,"enemies":"Lagavulin","floor":8.0,"turns":8.0},{"damage":16.0,"enemies":"Gremlin Nob","floor":11.0,"turns":3.0},{"damage":7.0,"enemies":"2 Fungi Beasts","floor":12.0,"turns":3.0},{"damage":14.0,"enemies":"3 Louse","floor":13.0,"turns":3.0},{"damage":5.0,"enemies":"Exordium Thugs","floor":14.0,"turns":4.0},{"damage":45.0,"enemies":"The Guardian","floor":16.0,"turns":14.0},{"damage":45,"enemies":"Chosen","floor":18,"turns":5}],"seed_played":"-991039634242635472","potions_obtained":[{"floor":1.0,"key":"Weak Potion"},{"floor":5.0,"key":"Ancient Potion"},{"floor":8.0,"key":"SpeedPotion"},{"floor":16,"key":"AttackPotion"}],"is_trial":false,"path_per_floor":["M","M","M","M","M","E","R","E","T","R","E","M","M","M","R","B",null,"M"],"character_chosen":"IRONCLAD","items_purchased":[],"campfire_rested":2,"item_purchase_floors":[],"current_hp_per_floor":[64,67,73,54,51,18,42,25,39,39,29,28,20,21,49,10,73,28,28],"gold":410,"neow_bonus":"THREE_CARDS","is_daily":false,"chose_seed":false,"campfire_upgraded":1,"win_rate":0.0,"timestamp":1609581048,"path_taken":["M","M","M","M","M","E","R","E","T","R","E","M","M","M","R","BOSS","BOSS","M"],"items_purchased_type":[],"build_version":"2020-12-22","purchased_purges":0,"victory":false,"max_hp_per_floor":[80,80,80,80,80,80,80,80,94,94,94,94,94,94,94,94,94,94,94],"card_choices":[{"not_picked":["Clothesline","Feel No Pain"],"picked":"True Grit","floor":0.0},{"not_picked":["Metallicize","Infernal Blade"],"picked":"Clash","floor":1.0},{"not_picked":["True Grit","Havoc"],"picked":"Twin Strike","floor":2.0},{"not_picked":["Uppercut","Sentinel"],"picked":"Combust","floor":3.0},{"not_picked":["Wild Strike","Clash"],"picked":"Headbutt","floor":4.0},{"not_picked":["Body Slam","Rupture"],"picked":"Hemokinesis","floor":5.0},{"not_picked":["Infernal Blade","Carnage"],"picked":"Ghostly Armor","floor":6.0},{"not_picked":["Flex","Anger"],"picked":"Berserk","floor":8.0},{"not_picked":["Wild Strike","Flex"],"picked":"Second Wind","floor":11.0},{"not_picked":["Wild Strike","Warcry"],"picked":"Entrench","floor":12.0},{"not_picked":["Flex","Perfected Strike","Reckless Charge"],"picked":"SKIP","floor":13.0},{"not_picked":["Heavy Blade","Armaments"],"picked":"Dark Embrace","floor":14.0},{"not_picked":["Juggernaut","Impervious"],"picked":"Feed","floor":16}],"player_experience":424336,"relics_obtained":[{"floor":6.0,"key":"Nunchaku"},{"floor":8.0,"key":"Darkstone Periapt"},{"floor":9.0,"key":"Mango"},{"floor":11.0,"key":"Bottled Tornado"}],"event_choices":[],"is_beta":false,"boss_relics":[{"not_picked":["Coffee Dripper","Snecko Eye"],"picked":"Runic Cube"}],"items_purged_floors":[],"is_endless":false,"potions_floor_spawned":[1,5,8,12,16],"killed_by":"Chosen","ascension_level":11}}