{"host":"37dk0reb6x0du8wx","time":1609585004,"event":{"mods":["BaseMod","Colored Map","DeckTracker","Minty Spire (QoL Compilation)","Quick Restart","StSLib","The Dragon Tamer"],"gold_per_floor":[115,187,197,215,215,215,228,228,228,153,181,212,197,213,213,317,317,336,44,44,44,60,60,60,60,60],"floor_reached":25,"playtime":868,"items_purged":["Strike_B","Strike_B"],"score":221,"play_id":"8bcf2634-4e82-42d6-a29b-5545beeb2449","local_time":"20210102195644","is_ascension_mode":true,"campfire_choices":[{"data":"Zap","floor":6,"key":"SMITH"},{"data":"Consume","floor":8,"key":"SMITH"},{"floor":15,"key":"REST"},{"floor":23,"key":"REST"}],"circlet_count":0,"master_deck":["Strike_B","Strike_B","Defend_B","Defend_B+1","Defend_B","Defend_B+1","Zap+1","Dualcast","Consume+1","Conserve Battery","Conserve Battery","Defragment","Defragment","Leap","Loop","Self Repair","Auto Shields","Bandage Up","Leap+1"],"relics":["Cracked Core","Lantern","Question Card","Odd Mushroom","Toy Ornithopter","SlaversCollar","MutagenicStrength","Nloth\u0027s Gift"],"acts_visited":["Exordium","TheCity"],"potions_floor_usage":[11,13,13,25],"damage_taken":[{"damage":1,"enemies":"Cultist","floor":1,"turns":3},{"damage":0,"enemies":"Small Slimes","floor":3,"turns":3},{"damage":4,"enemies":"2 Louse","floor":4,"turns":3},{"damage":0,"enemies":"Exordium Wildlife","floor":7,"turns":2},{"damage":11,"enemies":"The Mushroom Lair","floor":11,"turns":4},{"damage":30,"enemies":"Gremlin Nob","floor":12,"turns":4},{"damage":0,"enemies":"Exordium Thugs","floor":13,"turns":4},{"damage":0,"enemies":"Large Slime","floor":14,"turns":3},{"damage":15,"enemies":"The Guardian","floor":16,"turns":12},{"damage":56,"enemies":"3 Byrds","floor":18,"turns":5},{"damage":24,"enemies":"Spheric Guardian","floor":22,"turns":6},{"damage":63,"enemies":"Gremlin Leader","floor":25,"turns":8}],"seed_played":"-1600121031637376969","potions_obtained":[{"floor":4,"key":"FocusPotion"},{"floor":7,"key":"EssenceOfSteel"},{"floor":11,"key":"AttackPotion"},{"floor":13,"key":"FairyPotion"},{"floor":22,"key":"ColorlessPotion"}],"is_trial":false,"path_per_floor":["M","T","M","M","?","R","M","R","T","$","?","E","M","M","R","B",null,"M","$","?","?","M","R","$","E"],"character_chosen":"DEFECT","items_purchased":["Self Repair","Auto Shields","Bandage Up"],"campfire_rested":2,"item_purchase_floors":[19,19,19],"current_hp_per_floor":[74,74,74,70,55,55,55,55,55,55,44,14,24,24,46,31,75,19,19,19,19,29,51,51,0,0],"gold":60,"neow_bonus":"RANDOM_COMMON_RELIC","is_daily":false,"chose_seed":false,"campfire_upgraded":2,"win_rate":0.0,"timestamp":1609585004,"path_taken":["M","?","M","M","?","R","M","R","T","$","?","E","?","M","R","BOSS","M","$","?","?","M","R","$","E"],"items_purchased_type":["Card","Card","Card"],"build_version":"2020-12-22","purchased_purges":2,"victory":false,"max_hp_per_floor":[75,75,75,75,75,75,75,75,75,75,75,75,75,75,75,75,75,75,75,75,75,75,75,75,75,75],"card_choices":[{"not_picked":["Streamline","Go for the Eyes","Rip and Tear"],"picked":"SKIP","floor":1},{"not_picked":["Coolheaded","Rebound","Sweeping Beam"],"picked":"Consume","floor":3},{"not_picked":["Rebound","Rainbow","Darkness"],"picked":"Conserve Battery","floor":4},{"not_picked":["Coolheaded","Skim","FTL"],"picked":"Conserve Battery","floor":7},{"not_picked":["Ball Lightning+1","Static Discharge","Sweeping Beam+1"],"picked":"Defragment","floor":12},{"not_picked":["Sweeping Beam+1","Lockon+1","Stack"],"picked":"Defragment","floor":13},{"not_picked":["Sunder+1","Streamline+1","Double Energy"],"picked":"Leap","floor":14},{"not_picked":["Go for the Eyes+1","Reinforced Body","Leap+1"],"picked":"Loop","floor":18},{"not_picked":["Steam","Fusion","Lockon"],"picked":"Leap+1","floor":22}],"player_experience":117148,"relics_obtained":[{"floor":2,"key":"Question Card"},{"floor":9,"key":"Molten Egg 2"},{"floor":11,"key":"Odd Mushroom"},{"floor":12,"key":"Toy Ornithopter"}],"event_choices":[{"damage_healed":0,"gold_gain":0,"player_choice":"Entered Light","damage_taken":15,"max_hp_gain":0,"max_hp_loss":0,"event_name":"Shining Light","floor":5,"gold_loss":0,"cards_upgraded":["Defend_B","Defend_B"]},{"damage_healed":0,"gold_gain":0,"player_choice":"Fought Mushrooms","damage_taken":0,"max_hp_gain":0,"max_hp_loss":0,"event_name":"Mushrooms","floor":11,"gold_loss":0},{"damage_healed":0,"gold_gain":0,"player_choice":"Inject Mutagens","damage_taken":0,"relics_obtained":["MutagenicStrength"],"max_hp_gain":0,"max_hp_loss":0,"event_name":"Drug Dealer","floor":20,"gold_loss":0},{"damage_healed":0,"gold_gain":0,"player_choice":"Traded Relic","damage_taken":0,"relics_obtained":["Nloth\u0027s Gift"],"max_hp_gain":0,"max_hp_loss":0,"event_name":"N\u0027loth","floor":21,"relics_lost":["Molten Egg 2"],"gold_loss":0}],"is_beta":false,"boss_relics":[{"not_picked":["Astrolabe","Nuclear Battery"],"picked":"SlaversCollar"}],"items_purged_floors":[10,19],"is_endless":false,"potions_floor_spawned":[4,7,11,13,22],"killed_by":"Gremlin Leader","ascension_level":2}}