{"host":"cmxkjr0hek4mqvmn","time":1609619254,"event":{"mods":["BaseMod","Beaked The Cultist","Better Match","Better Skull","Better Third Choice","BetterRewards","Clawfect","Colored Map","Displayed Cursed Tome","Duelist Mod","GifTheSpireLib","Hermit","Hubris","JesterMod","Mimic Mod","Minty Spire (QoL Compilation)","Quick Restart","Robot Space Explorer","StSLib","The Bladedancer","The Blue Laboratory","The Cursed","Thieving Mod","Waifu the Spire"],"gold_per_floor":[110,124,135,95,111,138,151,151,151,151,181,194,42,54,54,150,150,167,183,183,195,214,214,233,233,233,233,233,245,265,299,299,402,402,419,419,419],"floor_reached":36,"playtime":4344,"items_purged":[],"score":449,"play_id":"86f7cce4-6a9c-4a53-86cd-ada6c7219666","local_time":"20210102152734","is_ascension_mode":true,"campfire_choices":[{"data":"Static Discharge","floor":8.0,"key":"SMITH"},{"data":"Self Repair","floor":10.0,"key":"SMITH"},{"floor":15.0,"key":"REST"},{"floor":23,"key":"REST"},{"floor":25,"key":"REST"},{"floor":28,"key":"REST"},{"floor":32,"key":"REST"}],"circlet_count":0,"master_deck":["Gash","Gash","Gash","Gash","Gash","Defend_B","Defend_B","Defend_B","Defend_B","Defend_B","Clawfect:ClawCell","Capacitor","Clawfect:Clawter","Self Repair+1","Clawfect:Clawrage","Static Discharge+1","hubris:PowerSurge","Clawfect:ClawLightning","Genetic Algorithm","Amplify","Clawfect:Clawrage","Fusion+1","Static Discharge+1","Steam","hubris:PowerSurge","BootSequence","Writhe","Clawfect:Clawrage","Conserve Battery","Clawfect:Clawrage","Buffer","FTL+1"],"relics":["Clawfect:DRClaw","Gremlin Horn","hubris:CrystalStatue","Calipers","Inserter","Centennial Puzzle","hubris:SoftwareUpdate","Velvet Choker"],"acts_visited":["Exordium","TheCity","TheBeyond"],"potions_floor_usage":[22,24],"damage_taken":[{"damage":0.0,"enemies":"Cultist","floor":1.0,"turns":3.0},{"damage":5.0,"enemies":"Jaw Worm","floor":2.0,"turns":4.0},{"damage":1.0,"enemies":"Small Slimes","floor":3.0,"turns":4.0},{"damage":0.0,"enemies":"2 Fungi Beasts","floor":5.0,"turns":4.0},{"damage":22.0,"enemies":"Lagavulin","floor":6.0,"turns":6.0},{"damage":13.0,"enemies":"Blue Slaver","floor":7.0,"turns":5.0},{"damage":34.0,"enemies":"Gremlin Nob","floor":11.0,"turns":5.0},{"damage":18.0,"enemies":"Exordium Thugs","floor":12.0,"turns":4.0},{"damage":10.0,"enemies":"Looter","floor":14.0,"turns":2.0},{"damage":11.0,"enemies":"Hexaghost","floor":16.0,"turns":7.0},{"damage":34.0,"enemies":"3 Byrds","floor":18.0,"turns":4.0},{"damage":0,"enemies":"Spheric Guardian","floor":19,"turns":3},{"damage":44,"enemies":"Centurion and Healer","floor":21,"turns":6},{"damage":14,"enemies":"Snake Plant","floor":22,"turns":2},{"damage":14,"enemies":"Cultist and Chosen","floor":24,"turns":4},{"damage":23,"enemies":"Shelled Parasite and Fungi","floor":29,"turns":3},{"damage":11,"enemies":"Chosen and Byrds","floor":30,"turns":5},{"damage":11,"enemies":"Snecko","floor":31,"turns":6},{"damage":67,"enemies":"hubris:MusketHawk","floor":33,"turns":7},{"damage":50,"enemies":"3 Shapes","floor":35,"turns":4},{"damage":42,"enemies":"Mind Bloom Boss Battle","floor":36,"turns":5}],"seed_played":"-8159320317482039208","potions_obtained":[{"floor":2.0,"key":"Explosive Potion"},{"floor":4.0,"key":"blueLaboratory:PhilterOfMotion"},{"floor":4.0,"key":"blueLaboratory:PhilterOfMotion"},{"floor":5.0,"key":"blueLaboratory:PolymorphPotion"},{"floor":6.0,"key":"blueLaboratory:RelayPotion"},{"floor":11.0,"key":"blueLaboratory:RelayPotion"},{"floor":14.0,"key":"blueLaboratory:StoneskinPotion"},{"floor":16.0,"key":"AttackPotion"},{"floor":21,"key":"SneckoOil"},{"floor":22,"key":"Fire Potion"},{"floor":33,"key":"blueLaboratory:PhilterOfMotion"}],"is_trial":false,"path_per_floor":["M","M","M","?","M","E","M","R","T","R","E","M","$","M","R","B",null,"M","M","?","M","M","R","M","R","T","?","R","M","M","MIM","R","B",null,"M","?"],"character_chosen":"DEFECT","items_purchased":["Energy Potion","Fire Potion","PowerPotion"],"campfire_rested":5,"item_purchase_floors":[13,13,13],"current_hp_per_floor":[82,77,76,76,76,61,55,55,55,55,31,23,23,13,37,26,82,58,58,58,24,10,34,30,54,54,54,78,65,64,63,82,25,82,42,0,0],"gold":419,"neow_bonus":"TEN_PERCENT_HP_BONUS","is_daily":false,"chose_seed":false,"campfire_upgraded":2,"win_rate":0.0,"timestamp":1609619254,"path_taken":["M","M","?","?","?","E","M","R","T","R","E","M","$","M","R","BOSS","M","M","?","?","M","R","M","R","T","?","R","M","M","?","R","BOSS","M","?"],"items_purchased_type":["Potion","Potion","Potion"],"build_version":"2020-12-22","purchased_purges":0,"victory":false,"max_hp_per_floor":[82,82,82,82,82,82,82,82,82,82,82,82,82,82,82,82,82,82,82,82,82,82,82,82,82,82,82,82,82,82,82,82,82,82,82,82,82],"card_choices":[{"not_picked":["Recycle","Clawfect:Clawrage"],"picked":"Clawfect:ClawCell","floor":1.0},{"not_picked":["Hologram","Consume"],"picked":"Capacitor","floor":2.0},{"not_picked":["Reprogram","Clawfect:ScrapingClaw"],"picked":"Clawfect:Clawter","floor":3.0},{"not_picked":["Clawfect:Clawrage","Clawfect:ClawAndGloom"],"picked":"Self Repair","floor":5.0},{"not_picked":["Fission","Clawfect:ScrapingClaw"],"picked":"Clawfect:Clawrage","floor":6.0},{"not_picked":["Clawfect:Clawter","Blizzard"],"picked":"Static Discharge","floor":7.0},{"not_picked":["White Noise","Leap"],"picked":"hubris:PowerSurge","floor":11.0},{"not_picked":["Clawfect:ClawForTheEyes","Hologram"],"picked":"Clawfect:ClawLightning","floor":12.0},{"not_picked":["Clawfect:ClawCell","Electrodynamics"],"picked":"Genetic Algorithm","floor":14.0},{"not_picked":["Rainbow","Hyperbeam"],"picked":"Amplify","floor":16.0},{"not_picked":["Double Energy","Clawfect:Clawline"],"picked":"Clawfect:Clawrage","floor":18.0},{"not_picked":["Stack","Hello World"],"picked":"Fusion+1","floor":19},{"not_picked":["Blizzard+1","Darkness+1"],"picked":"Steam","floor":21},{"not_picked":["Clawfect:ClawpileDriver+1","Self Repair"],"picked":"hubris:PowerSurge","floor":22},{"not_picked":["Storm","Rebound"],"picked":"BootSequence","floor":24},{"not_picked":["Recycle","Clawfect:ClawAndTear+1"],"picked":"Clawfect:Clawrage","floor":29},{"not_picked":["Echo Form","Hello World+1"],"picked":"Conserve Battery","floor":30},{"not_picked":["Clawfect:ScrapingClaw+1","Redo"],"picked":"Clawfect:Clawrage","floor":31},{"not_picked":["Rainbow","Fission"],"picked":"Buffer","floor":33},{"not_picked":["Conserve Battery","Clawfect:ClawCell"],"picked":"FTL+1","floor":35}],"player_experience":563779,"relics_obtained":[{"floor":6.0,"key":"Gremlin Horn"},{"floor":9.0,"key":"hubris:CrystalStatue"},{"floor":11.0,"key":"Calipers"},{"floor":31,"key":"hubris:SoftwareUpdate"}],"event_choices":[{"damage_healed":0.0,"max_hp_gain":0.0,"max_hp_loss":0.0,"gold_gain":0.0,"event_name":"The Woman in Blue","player_choice":"Bought 3 Potions","floor":4.0,"gold_loss":0.0,"damage_taken":0.0},{"damage_healed":0,"gold_gain":0,"player_choice":"Copied","damage_taken":0,"max_hp_gain":0,"max_hp_loss":0,"event_name":"Duplicator","floor":20,"gold_loss":0,"cards_obtained":["Static Discharge"]},{"damage_healed":0,"gold_gain":0,"player_choice":"Opened","damage_taken":0,"relics_obtained":["Centennial Puzzle"],"max_hp_gain":0,"max_hp_loss":0,"event_name":"The Mausoleum","floor":27,"gold_loss":0,"cards_obtained":["Writhe"]},{"damage_healed":0,"gold_gain":0,"player_choice":"Fight","damage_taken":0,"max_hp_gain":0,"max_hp_loss":0,"event_name":"MindBloom","floor":36,"gold_loss":0}],"is_beta":false,"boss_relics":[{"not_picked":["Philosopher\u0027s Stone","Ectoplasm"],"picked":"Inserter"},{"not_picked":["Coffee Dripper","hubris:GrandSneckoEye"],"picked":"Velvet Choker"}],"items_purged_floors":[],"is_endless":false,"potions_floor_spawned":[2,5,6,11,14,16,21,22,33],"killed_by":"Mind Bloom Boss Battle","ascension_level":1}}