{"host":"emut9mh212kd9b86","time":1609587184,"event":{"mods":["ATMod(阿瑾Mod)","Act Like it!","BaseMod","Better Vampires","Downfall","Koishi","KomeijiMod","Minty Spire (QoL Compilation)","MostiFishMod","Shop Mod","Spicy Shops","StSLib","TestMod","Waifu the Spire","noobMod","【遗物卡牌】REMEMod"],"gold_per_floor":[460,471,471,489,489,664,713,747,797,830,1366,1291,1250,762,774,876,876,876,896,908,928,1028,772,799,833,833,858,869,887,887,892,889,985,985,1285,1305,1318,1318,1318,1318,1318,1345,1075,1092,1092,1118,1118,1135,1152,1152],"floor_reached":51,"playtime":4369,"items_purged":["Doubt","Strike_Remiria","Strike_Remiria","Strike_Remiria","Strike_Remiria+1"],"score":1313,"play_id":"4571daa2-d2dd-4e94-abff-64828451a1a8","local_time":"20210102193304","is_ascension_mode":true,"campfire_choices":[{"floor":1,"key":"RECALL"},{"data":"Impatience","floor":12,"key":"SMITH"},{"data":"Defend_Remirira","floor":18,"key":"SMITH"},{"data":"RedtheNightlessCastle","floor":35,"key":"SMITH"},{"data":"Absorbed","floor":40,"key":"SMITH"},{"data":"Defend_Remirira","floor":47,"key":"SMITH"}],"circlet_count":0,"master_deck":["Defend_Remirira+1","Defend_Remirira+1","Defend_Remirira+1","Defend_Remirira+1","Absorbed+1","Scratch+1","AT_DiedThrough+1","Well Laid Plans+1","StigmaNizer+1","VampireKiss_Remiria+1","RedtheNightlessCastle+1","Impatience+1"],"relics":["ThirstyCrossSpe","testmod-TestBox","ice","DaveBox","AT_ATBox","REME_ComplimentaryCards","testmod-BloodSacrificeSpiritualization","Centennial Puzzle","AT_DeathDance","downfall:ShatteredFragment","testmod-Motorcycle","Happy Flower","Nunchaku","MerchantsRug","AT_BellDemon","testmod-AssaultLearning","AT_SeraphEmbrace","REME_OnlineShoppingPlatform","Dodecahedron","downfall:HeartBlessingRed","Tiny Chest","testmod-InfectionSource","PreservedInsect","testmod-DreamHouse","Lantern","downfall:GremlinWheel","Bag of Marbles","testmod-TurbochargingSystem","Omamori","AT_RedTearstoneRing","DianDianMeat","Oddly Smooth Stone","Question Card","testmod-HeartOfStrike","PatriotShield","Unceasing Top","Shuriken","TungstenRod","Toolbox","ImprovedEquipment","Vajra","Frozen Egg 2","Pear"],"acts_visited":["Exordium","TheCity","TheBeyond"],"potions_floor_usage":[11,11,13,13,13,23,31,32],"damage_taken":[{"damage":16,"enemies":"Cultist","floor":2,"turns":3},{"damage":20,"enemies":"2 Louse","floor":4,"turns":3},{"damage":35,"enemies":"3 Sentries","floor":8,"turns":7},{"damage":23,"enemies":"Lagavulin","floor":10,"turns":4},{"damage":0,"enemies":"downfall:FleeingMerchant","floor":11,"turns":4},{"damage":0,"enemies":"Jaw Worm","floor":13,"turns":2},{"damage":6,"enemies":"downfall:FleeingMerchant","floor":14,"turns":4},{"damage":13,"enemies":"Red Slaver","floor":15,"turns":2},{"damage":13,"enemies":"downfall:Silent","floor":16,"turns":5},{"damage":0,"enemies":"Spheric Guardian","floor":19,"turns":1},{"damage":0,"enemies":"Chosen","floor":20,"turns":3},{"damage":4,"enemies":"Shelled Parasite and Fungi","floor":21,"turns":3},{"damage":5,"enemies":"Shelled Parasite and Fungi","floor":22,"turns":3},{"damage":8,"enemies":"downfall:FleeingMerchant","floor":23,"turns":4},{"damage":31,"enemies":"REME_1_Revenger","floor":25,"turns":3},{"damage":2,"enemies":"Gremlin Leader","floor":27,"turns":2},{"damage":0,"enemies":"Centurion and Healer","floor":28,"turns":4},{"damage":0,"enemies":"Chosen and Byrds","floor":29,"turns":3},{"damage":2,"enemies":"Slavers","floor":31,"turns":3},{"damage":0,"enemies":"3 Cultists","floor":32,"turns":3},{"damage":11,"enemies":"downfall:Ironclad","floor":33,"turns":4},{"damage":0,"enemies":"3 Darklings","floor":36,"turns":2},{"damage":0,"enemies":"3 Shapes","floor":37,"turns":2},{"damage":10,"enemies":"Giant Head","floor":42,"turns":2},{"damage":0,"enemies":"Transient","floor":44,"turns":3},{"damage":0,"enemies":"Reptomancer","floor":46,"turns":1},{"damage":10,"enemies":"Spire Growth","floor":48,"turns":1},{"damage":10,"enemies":"Writhing Mass","floor":49,"turns":2},{"damage":10,"enemies":"downfall:Defect","floor":50,"turns":3}],"seed_played":"4023264006653845496","potions_obtained":[{"floor":10,"key":"PowerPotion"}],"is_trial":false,"path_per_floor":["R","M","?","M","?","?","T","E","T","E","$","R","M","$","M","B",null,"R","M","M","M","?","$","T","E","?","E","M","M","T","E","M","B",null,"R","M","M","?","?","R","T","E","$","M","T","E","R","M","M","B",null],"character_chosen":"RemiriaScarlet","items_purchased":["MerchantsRug","AT_BellDemon","testmod-AssaultLearning","AT_ArchangelStaff","REME_OnlineShoppingPlatform","Dodecahedron","Impatience","Tiny Chest","testmod-InfectionSource","PreservedInsect","Bag of Marbles","testmod-TurbochargingSystem","Toolbox","ImprovedEquipment","Vajra"],"campfire_rested":0,"item_purchase_floors":[11,11,11,11,11,11,11,14,14,14,23,23,43,43,43],"current_hp_per_floor":[100,84,81,61,61,61,61,26,26,3,14,14,29,29,16,9,81,81,81,87,89,84,82,82,57,57,61,67,73,73,78,84,79,99,99,106,106,106,106,106,106,106,106,108,108,118,118,118,118,118],"gold":1152,"neow_bonus":"RANDOM_COMMON_RELIC","is_daily":false,"chose_seed":false,"campfire_upgraded":5,"win_rate":0.0,"timestamp":1609587184,"path_taken":["R","M","?","M","?","?","T","E","?","E","$","R","?","?","M","BOSS","R","M","M","M","?","?","T","E","?","E","M","M","?","E","M","BOSS","R","M","M","?","?","R","T","E","$","?","?","E","R","M","M","BOSS"],"items_purchased_type":["Relic","Relic","Relic","Relic","Relic","Relic","Card","Relic","Relic","Relic","Relic","Relic","Relic","Relic","Relic"],"build_version":"2020-12-22","purchased_purges":5,"victory":true,"max_hp_per_floor":[100,100,100,100,100,100,100,100,100,100,105,105,105,105,105,105,105,105,105,105,105,105,105,105,105,105,105,105,105,105,106,106,106,106,106,106,106,106,106,106,106,106,106,108,108,118,118,118,118,118],"card_choices":[{"not_picked":["DemonsDinnerFork_Remiria","BloodCollect","SeparateFleshBlood"],"picked":"SKIP","floor":2},{"not_picked":["DamonLordCradle_Remiria","DoubleEdge"],"picked":"StigmaNizer","floor":4},{"not_picked":["DamonLordCradle_Remiria","BodyStrengthen"],"picked":"VampireKiss_Remiria","floor":8},{"not_picked":["Cripple","Warpath","Rewrite"],"picked":"SKIP","floor":10},{"not_picked":["Impregnable","Warpath"],"picked":"RedtheNightlessCastle","floor":11},{"not_picked":["FierceSweep","Tearing","BloodySuit"],"picked":"SKIP","floor":13},{"not_picked":["BloodySuit","DemonLordWalk","LifeBreak"],"picked":"SKIP","floor":14},{"not_picked":["BodyStrengthen","FastHealing","Warpath"],"picked":"SKIP","floor":15},{"not_picked":["RocketKickup","DoubleEdge","ServantFlier"],"picked":"SKIP","floor":19},{"not_picked":["FastHealing+1","BloodySuit+1","Tepes"],"picked":"SKIP","floor":20},{"not_picked":["FastHealing+1","Cripple","StigmaNizer"],"picked":"SKIP","floor":21},{"not_picked":["PainBurst+1","BloodySuit","Rewrite"],"picked":"SKIP","floor":23},{"not_picked":["BodyStrengthen","FateEnsemble+1","VampirishNight"],"picked":"SKIP","floor":25},{"not_picked":["Coercion","ThePrice","TricksterDevil+1"],"picked":"SKIP","floor":27},{"not_picked":["SealingFear+1","Feint+1","FateCollect"],"picked":"SKIP","floor":28},{"not_picked":["Warpath","StigmaNizer","Paradox"],"picked":"SKIP","floor":29},{"not_picked":["SealingFear","ServantFlier","CruelSlaughter+1"],"picked":"YoungDemonLord","floor":31},{"not_picked":["Feint","DemonsDinnerFork_Remiria","DemonLordWalk","ServantFlier"],"picked":"SKIP","floor":32},{"not_picked":["DoubleEdge","BloodCollect","ThePrice","FastHealing+1"],"picked":"SKIP","floor":36},{"not_picked":["RocketKickup+1","DemonLordWalk","ServantFlier","DemonsDinnerFork_Remiria"],"picked":"SKIP","floor":37},{"not_picked":["Septette","RedtheNightlessCastle","Warpath+1","LifeBreak+1"],"picked":"SKIP","floor":42},{"not_picked":["FierceSweep+1","Feint+1","Paradox+1"],"picked":"Tepes+1","floor":44},{"not_picked":["FitfulNightmare+1","BloodCollect+1","FierceSweep+1","BathedInBlood+1"],"picked":"SKIP","floor":46},{"not_picked":["Paradox+1","FierceSweep+1","RocketKickup","Warpath"],"picked":"SKIP","floor":48},{"not_picked":["FateCollect+1","FierceSweep+1","BloodSurge","BloodCleaner"],"picked":"SKIP","floor":49}],"player_experience":412837,"relics_obtained":[{"floor":7,"key":"Whetstone"},{"floor":8,"key":"testmod-Motorcycle"},{"floor":9,"key":"Happy Flower"},{"floor":10,"key":"Nunchaku"},{"floor":22,"key":"downfall:GremlinWheel"},{"floor":24,"key":"Omamori"},{"floor":25,"key":"AT_RedTearstoneRing"},{"floor":27,"key":"Oddly Smooth Stone"},{"floor":30,"key":"Question Card"},{"floor":31,"key":"testmod-HeartOfStrike"},{"floor":39,"key":"Unceasing Top"},{"floor":41,"key":"Shuriken"},{"floor":42,"key":"TungstenRod"},{"floor":45,"key":"Frozen Egg 2"},{"floor":46,"key":"Pear"}],"event_choices":[{"damage_healed":0,"gold_gain":0,"player_choice":"Success","damage_taken":3,"relics_obtained":["AT_DeathDance"],"max_hp_gain":0,"max_hp_loss":0,"event_name":"Scrap Ooze","floor":3,"gold_loss":0},{"damage_healed":0,"gold_gain":300,"player_choice":"Gold","damage_taken":0,"max_hp_gain":0,"max_hp_loss":0,"event_name":"Wheel of Change","floor":35,"gold_loss":0},{"damage_healed":0,"gold_gain":0,"player_choice":"Ignored","damage_taken":0,"max_hp_gain":0,"max_hp_loss":0,"event_name":"给自己的盒子","floor":38,"gold_loss":0}],"is_beta":false,"boss_relics":[{"not_picked":["xbg","OneHitWonderSystem"],"picked":"testmod-DreamHouse"},{"not_picked":["Transparent","SacredBark"],"picked":"PatriotShield"}],"items_purged_floors":[11,11,14,23,23],"is_endless":false,"potions_floor_spawned":[10,13,15,16,20,21,25,27,28,37,42,49],"ascension_level":5}}