{"host":"15dd7v8o90xso62x","time":1609611323,"event":{"mods":["BaseMod","Minty Spire (QoL Compilation)","Quick Restart","StSLib","SuperFastMode"],"gold_per_floor":[119,138,149,61,78,111,111,128,128,147,178,103,129,149,149,223,223,237,237,257,268,4,4,31,31,31,65,94,112,140,160,160,160,160],"floor_reached":33,"playtime":1358,"items_purged":["Strike_R"],"score":798,"play_id":"80c1fb7b-c02c-44c4-900d-8f6b5898cf61","local_time":"20210103031523","is_ascension_mode":true,"campfire_choices":[{"data":"Wild Strike","floor":7.0,"key":"SMITH"},{"data":"Fire Breathing","floor":15.0,"key":"SMITH"},{"data":"Apotheosis","floor":23.0,"key":"SMITH"},{"floor":32.0,"key":"RECALL"}],"circlet_count":0,"master_deck":["AscendersBane","Strike_R","Strike_R","Strike_R","Defend_R","Defend_R","Defend_R","Defend_R","Bash+1","Fire Breathing+1","Feel No Pain","Pommel Strike+1","Wild Strike+1","Pummel","Reckless Charge+1","Power Through","Feed","CurseOfTheBell","True Grit","Body Slam","Apotheosis+1","Impervious"],"relics":["Burning Blood","Bronze Scales","Meat on the Bone","Shuriken","Pantograph","Calling Bell","PreservedInsect","White Beast Statue","WingedGreaves","Art of War","Ornamental Fan","Bottled Lightning","Blue Candle","Whetstone"],"acts_visited":["Exordium","TheCity"],"potions_floor_usage":[33,33],"damage_taken":[{"damage":9.0,"enemies":"Jaw Worm","floor":1.0,"turns":3.0},{"damage":6.0,"enemies":"Cultist","floor":2.0,"turns":3.0},{"damage":14.0,"enemies":"Small Slimes","floor":3.0,"turns":4.0},{"damage":21.0,"enemies":"3 Louse","floor":5.0,"turns":2.0},{"damage":20.0,"enemies":"3 Sentries","floor":6.0,"turns":5.0},{"damage":13.0,"enemies":"2 Fungi Beasts","floor":8.0,"turns":3.0},{"damage":7.0,"enemies":"Looter","floor":10.0,"turns":3.0},{"damage":8.0,"enemies":"Gremlin Nob","floor":11.0,"turns":3.0},{"damage":17.0,"enemies":"3 Sentries","floor":13.0,"turns":5.0},{"damage":16.0,"enemies":"3 Louse","floor":14.0,"turns":2.0},{"damage":0.0,"enemies":"Slime Boss","floor":16.0,"turns":6.0},{"damage":34.0,"enemies":"2 Thieves","floor":18.0,"turns":4.0},{"damage":22.0,"enemies":"Spheric Guardian","floor":20.0,"turns":4.0},{"damage":37.0,"enemies":"Snecko","floor":21.0,"turns":5.0},{"damage":35.0,"enemies":"Slavers","floor":24.0,"turns":4.0},{"damage":15.0,"enemies":"Gremlin Leader","floor":27.0,"turns":8.0},{"damage":12.0,"enemies":"Book of Stabbing","floor":28.0,"turns":4.0},{"damage":31.0,"enemies":"Centurion and Healer","floor":29.0,"turns":5.0},{"damage":1.0,"enemies":"Gremlin Leader","floor":30.0,"turns":5.0},{"damage":4.0,"enemies":"3 Cultists","floor":31.0,"turns":4.0},{"damage":97,"enemies":"Champ","floor":33,"turns":11}],"seed_played":"-4213328957611090888","potions_obtained":[{"floor":1.0,"key":"AttackPotion"},{"floor":5.0,"key":"Ancient Potion"},{"floor":11.0,"key":"DistilledChaos"},{"floor":16.0,"key":"SpeedPotion"},{"floor":18.0,"key":"PowerPotion"},{"floor":20.0,"key":"ColorlessPotion"},{"floor":21.0,"key":"Explosive Potion"},{"floor":24.0,"key":"SpeedPotion"},{"floor":27.0,"key":"EntropicBrew"},{"floor":28.0,"key":"Fire Potion"},{"floor":29.0,"key":"SpeedPotion"},{"floor":30.0,"key":"AttackPotion"},{"floor":31.0,"key":"LiquidBronze"}],"is_trial":false,"path_per_floor":["M","M","M","$","M","E","R","M","T","M","E","?","E","M","R","B",null,"M","?","M","M","$","R","E","$","T","E","E","M","E","M","R","B"],"character_chosen":"IRONCLAD","items_purchased":["Feel No Pain","Apotheosis"],"campfire_rested":0,"item_purchase_floors":[4,22],"current_hp_per_floor":[65,65,57,57,42,28,28,21,21,32,42,42,43,45,45,75,75,47,75,62,46,46,46,29,29,29,32,38,29,46,60,60,0,0],"gold":160,"neow_bonus":"UPGRADE_CARD","is_daily":false,"chose_seed":false,"campfire_upgraded":3,"win_rate":0.0,"timestamp":1609611323,"path_taken":["M","M","M","$","M","E","R","M","T","M","E","?","E","M","R","BOSS","M","?","?","M","$","R","E","?","T","E","E","M","E","M","R","BOSS"],"items_purchased_type":["Card","Card"],"build_version":"2020-12-22","purchased_purges":1,"victory":false,"max_hp_per_floor":[75,75,75,75,75,75,75,75,75,75,75,75,75,75,75,75,75,75,75,78,81,81,81,81,81,81,81,81,85,85,85,85,85,85],"card_choices":[{"not_picked":["Rage","Armaments"],"picked":"Inflame","floor":1.0},{"not_picked":["Warcry","Inflame"],"picked":"Fire Breathing","floor":2.0},{"not_picked":["Disarm","Body Slam","Combust"],"picked":"SKIP","floor":3.0},{"not_picked":["Hemokinesis","Burning Pact"],"picked":"Pommel Strike","floor":5.0},{"not_picked":["Dropkick","Shockwave"],"picked":"Wild Strike","floor":6.0},{"not_picked":["Blood for Blood","Perfected Strike","Feel No Pain"],"picked":"SKIP","floor":8.0},{"not_picked":["Sword Boomerang","Combust"],"picked":"Pummel","floor":10.0},{"not_picked":["Pommel Strike","Clash","Twin Strike"],"picked":"SKIP","floor":11.0},{"not_picked":["Feel No Pain","Brutality"],"picked":"Reckless Charge","floor":13.0},{"not_picked":["Flex","Disarm"],"picked":"Power Through","floor":14.0},{"not_picked":["Bludgeon","Demon Form"],"picked":"Feed","floor":16.0},{"not_picked":["Rage","Shrug It Off"],"picked":"True Grit","floor":18.0},{"not_picked":["Feel No Pain","Intimidate+1"],"picked":"Body Slam","floor":20.0},{"not_picked":["Seeing Red","Heavy Blade","Anger"],"picked":"SKIP","floor":21.0},{"not_picked":["Pummel","Bludgeon","Flex"],"picked":"SKIP","floor":24.0},{"not_picked":["Whirlwind+1","Wild Strike+1","Flex"],"picked":"SKIP","floor":27.0},{"not_picked":["Wild Strike","Havoc","Twin Strike"],"picked":"SKIP","floor":28.0},{"not_picked":["Anger","Blood for Blood"],"picked":"Impervious","floor":29.0},{"not_picked":["Pommel Strike","Clothesline","Heavy Blade"],"picked":"SKIP","floor":30.0},{"not_picked":["Anger","Pommel Strike","Perfected Strike"],"picked":"SKIP","floor":31.0}],"player_experience":990403,"relics_obtained":[{"floor":6.0,"key":"Bronze Scales"},{"floor":9.0,"key":"Meat on the Bone"},{"floor":11.0,"key":"Shuriken"},{"floor":13.0,"key":"Pantograph"},{"floor":17.0,"key":"PreservedInsect"},{"floor":17.0,"key":"White Beast Statue"},{"floor":17.0,"key":"WingedGreaves"},{"floor":24.0,"key":"Art of War"},{"floor":26.0,"key":"Ornamental Fan"},{"floor":27.0,"key":"Bottled Lightning"},{"floor":28.0,"key":"Blue Candle"},{"floor":30.0,"key":"Whetstone"}],"event_choices":[{"cards_removed":["Strike_R"],"damage_healed":0.0,"max_hp_gain":0.0,"max_hp_loss":0.0,"gold_gain":0.0,"event_name":"The Cleric","player_choice":"Card Removal","floor":12.0,"gold_loss":75.0,"damage_taken":0.0},{"cards_removed":["Inflame"],"damage_healed":28.0,"max_hp_gain":0.0,"max_hp_loss":0.0,"gold_gain":0.0,"event_name":"Bonfire Elementals","player_choice":"Offered Uncommon","floor":19.0,"gold_loss":0.0,"damage_taken":0.0}],"is_beta":false,"boss_relics":[{"not_picked":["Velvet Choker","Philosopher\u0027s Stone"],"picked":"Calling Bell"}],"items_purged_floors":[22],"is_endless":false,"potions_floor_spawned":[1,5,11,13,16,18,20,21,24,27,28,29,30,31],"killed_by":"Champ","ascension_level":20}}