{"host":"c95txy58ipbu969e","time":1609567233,"event":{"mods":["Act Like it!","BaseMod","Downfall","Minty Spire (QoL Compilation)","Quick Restart","Replay The Spire","StSLib","vexMod"],"gold_per_floor":[99,99,155,155,173,173,200,214,214,214,225,252,252,283,297,396,396,396,396,255,255,255,255,255,255,255,255,255,255,255,255,255,255,255],"floor_reached":33,"playtime":2291,"items_purged":[],"score":425,"play_id":"9c209a1a-0587-46ba-bcf4-4f2b3cb49948","local_time":"20210102140033","is_ascension_mode":true,"campfire_choices":[{"data":"sneckomod:Unknown","floor":1.0,"key":"SMITH"},{"data":"sneckomod:UnknownX","floor":10.0,"key":"SMITH"},{"data":"sneckomod:DiceBoulder","floor":18.0,"key":"SMITH"},{"data":"sneckomod:Nope","floor":25.0,"key":"SMITH"},{"data":"sneckomod:Restock","floor":28.0,"key":"SMITH"}],"circlet_count":0,"master_deck":["sneckomod:Strike","sneckomod:Strike","sneckomod:Strike","sneckomod:Defend","sneckomod:Defend","sneckomod:Defend","sneckomod:TailWhip","sneckomod:SnekBite","sneckomod:Unknown+1","sneckomod:Unknown+1","sneckomod:UnknownX+1","sneckomod:UnknownStrike","sneckomod:UnknownDexterity","sneckomod:UnknownBlock","sneckomod:WideSting","sneckomod:Nope+1","sneckomod:DiceBoulder+1","sneckomod:UnknownRarePower","sneckomod:Restock+1","sneckomod:UnknownWeak","sneckomod:UnknownDexterity+1","Replay:SS_hec_2","sneckomod:UnknownUncommonPower","sneckomod:SlitherStrike","sneckomod:SoulRoll","sneckomod:PureSnecko","sneckomod:RainOfDice+1","sneckomod:UnknownStrength+1","sneckomod:SerpentIdol"],"relics":["sneckomod:SneckoSoul","downfall:HeartsMalice","vexMod:PlasmaPancake","Bag of Marbles","Mango","Question Card","downfall:Hecktoplasm","downfall:HeartBlessingGreen","Ring of Searing","downfall:HeartBlessingBlue","Art of War","MutagenicStrength"],"acts_visited":["Exordium","TheCity"],"potions_floor_usage":[33],"damage_taken":[{"damage":0.0,"enemies":"Jaw Worm","floor":2.0,"turns":1.0},{"damage":0.0,"enemies":"Gremlin Nob","floor":3.0,"turns":1.0},{"damage":0.0,"enemies":"2 Louse","floor":4.0,"turns":1.0},{"damage":0.0,"enemies":"Cultist","floor":5.0,"turns":2.0},{"damage":0.0,"enemies":"2 Fungi Beasts","floor":8.0,"turns":1.0},{"damage":0.0,"enemies":"Exordium Wildlife","floor":11.0,"turns":3.0},{"damage":5.0,"enemies":"3 Sentries","floor":12.0,"turns":3.0},{"damage":0.0,"enemies":"Gremlin Nob","floor":14.0,"turns":2.0},{"damage":8.0,"enemies":"Blue Slaver","floor":15.0,"turns":2.0},{"damage":83.0,"enemies":"downfall:Defect","floor":16.0,"turns":11.0},{"damage":7.0,"enemies":"3 Byrds","floor":19.0,"turns":3.0},{"damage":0.0,"enemies":"downfall:FleeingMerchant","floor":20.0,"turns":4.0},{"damage":13.0,"enemies":"Snecko","floor":21.0,"turns":4.0},{"damage":0.0,"enemies":"Chosen and Byrds","floor":22.0,"turns":1.0},{"damage":50.0,"enemies":"Gremlin Leader","floor":26.0,"turns":6.0},{"damage":1.0,"enemies":"Centurion and Healer","floor":27.0,"turns":5.0},{"damage":0.0,"enemies":"Snecko","floor":30.0,"turns":3.0},{"damage":1.0,"enemies":"Sentry and Sphere","floor":32.0,"turns":3.0},{"damage":62,"enemies":"downfall:Silent","floor":33,"turns":7}],"seed_played":"-5727555277291140364","potions_obtained":[{"floor":3.0,"key":"champ:CounterPotion"},{"floor":8.0,"key":"FearPotion"},{"floor":12.0,"key":"Energy Potion"},{"floor":15.0,"key":"FearPotion"},{"floor":26.0,"key":"hexamod:EctoCoolerPotion"},{"floor":27.0,"key":"Regen Potion"}],"is_trial":false,"path_per_floor":["R","M","?","M","M","?","T","M","?","R","M","E","?","E","M","B",null,"R","M","$","M","M","?","T","R","E","M","R","?","M","?","M","B"],"character_chosen":"THE_SNECKO","items_purchased":["Replay:SS_hec_2","sneckomod:UnknownUncommonPower"],"campfire_rested":0,"item_purchase_floors":[20,20],"current_hp_per_floor":[90,91,98,99,100,100,100,100,100,100,100,109,109,109,102,19,91,91,85,87,74,74,74,74,84,48,47,47,47,48,48,47,0,0],"gold":255,"neow_bonus":"THREE_ENEMY_KILL","is_daily":false,"chose_seed":false,"campfire_upgraded":5,"win_rate":0.0,"timestamp":1609567233,"path_taken":["R","M","?","M","M","?","T","?","?","R","M","E","?","E","M","BOSS","R","M","$","M","M","?","T","R","E","M","R","?","M","?","M","BOSS"],"items_purchased_type":["Card","Card"],"build_version":"2020-12-22","purchased_purges":0,"victory":false,"max_hp_per_floor":[90,91,98,99,100,100,100,100,100,100,100,114,114,114,115,115,115,115,116,118,118,118,118,118,128,128,128,128,128,129,129,129,129,129],"card_choices":[{"not_picked":["sneckomod:QuickMove","sneckomod:UnknownClassGREEN"],"picked":"sneckomod:UnknownX","floor":2.0},{"not_picked":["sneckomod:PureSnecko","sneckomod:UnknownEthereal"],"picked":"sneckomod:UnknownStrike","floor":3.0},{"not_picked":["sneckomod:UnknownClassBLUE","sneckomod:QuickMove"],"picked":"sneckomod:UnknownDexterity","floor":4.0},{"not_picked":["sneckomod:CheapStock","sneckomod:UnknownClassPURPLE"],"picked":"sneckomod:UnknownBlock","floor":5.0},{"not_picked":["sneckomod:QuickMove","sneckomod:Mudshield"],"picked":"sneckomod:WideSting","floor":8.0},{"not_picked":["sneckomod:Unknown2Cost","sneckomod:UnknownCommonAttack","sneckomod:CheapStock"],"picked":"SKIP","floor":11.0},{"not_picked":["sneckomod:UnknownClassGREEN","sneckomod:UnknownClassSLIMEBOUND"],"picked":"sneckomod:Nope","floor":12.0},{"not_picked":["sneckomod:UnknownVulnerable","sneckomod:QuickMove"],"picked":"sneckomod:DiceBoulder","floor":14.0},{"not_picked":["sneckomod:UnknownClassPURPLE","sneckomod:UnknownX","sneckomod:SlitherStrike"],"picked":"sneckomod:UnknownRarePower","floor":15.0},{"not_picked":["sneckomod:Unknown3Cost","sneckomod:DangerNoodle","sneckomod:UnknownRareSkill"],"picked":"sneckomod:Restock","floor":16.0},{"not_picked":["sneckomod:DiceBoulder","sneckomod:SoulCleanse","sneckomod:ImprovisedGuard"],"picked":"sneckomod:UnknownWeak","floor":19.0},{"not_picked":["sneckomod:UnknownBlock+1","sneckomod:DiceBlock+1","sneckomod:UnknownWeak+1"],"picked":"sneckomod:UnknownDexterity+1","floor":20.0},{"not_picked":["sneckomod:UnknownCommonSkill+1","sneckomod:Unknown1Cost","sneckomod:UnknownClassGREEN"],"picked":"sneckomod:SlitherStrike","floor":21.0},{"not_picked":["sneckomod:Mudshield","sneckomod:Unknown1Cost+1","sneckomod:UnknownClassPURPLE"],"picked":"sneckomod:SoulRoll","floor":22.0},{"not_picked":["sneckomod:GlitteringGambit","sneckomod:UnknownClassGREEN","sneckomod:UnknownClassHEXA_GHOST_PURPLE+1"],"picked":"sneckomod:PureSnecko","floor":26.0},{"not_picked":["sneckomod:UnknownX","sneckomod:DiceCrush","sneckomod:UnknownBlock+1"],"picked":"sneckomod:RainOfDice+1","floor":27.0},{"not_picked":["sneckomod:UnknownCommonAttack","sneckomod:DiceBlock","sneckomod:RainOfDice"],"picked":"sneckomod:UnknownStrength+1","floor":30.0},{"not_picked":["sneckomod:UnknownX","sneckomod:UnknownUncommonSkill","sneckomod:RainOfDice+1"],"picked":"sneckomod:SerpentIdol","floor":32.0}],"player_experience":476393,"relics_obtained":[{"floor":3.0,"key":"vexMod:PlasmaPancake"},{"floor":7.0,"key":"Bag of Marbles"},{"floor":12.0,"key":"Mango"},{"floor":14.0,"key":"Question Card"},{"floor":23.0,"key":"Ring of Searing"},{"floor":26.0,"key":"Art of War"}],"event_choices":[{"damage_healed":0.0,"max_hp_gain":0.0,"max_hp_loss":0.0,"gold_gain":0.0,"event_name":"Upgrade Shrine","player_choice":"Upgraded","floor":6.0,"gold_loss":0.0,"damage_taken":0.0,"cards_upgraded":["sneckomod:Unknown"]},{"damage_healed":0.0,"max_hp_gain":0.0,"max_hp_loss":0.0,"gold_gain":0.0,"event_name":"Scrap Ooze","player_choice":"Fled","floor":13.0,"gold_loss":0.0,"damage_taken":0.0},{"damage_healed":0.0,"max_hp_gain":0.0,"max_hp_loss":0.0,"gold_gain":0.0,"event_name":"Drug Dealer","player_choice":"Inject Mutagens","floor":31.0,"gold_loss":0.0,"damage_taken":0.0,"relics_obtained":["MutagenicStrength"]}],"is_beta":false,"boss_relics":[{"not_picked":["Tiny House","ChewingGum"],"picked":"downfall:Hecktoplasm"}],"items_purged_floors":[],"is_endless":false,"potions_floor_spawned":[3,8,12,15,16,26,27,30],"killed_by":"downfall:Silent","ascension_level":5}}