{"host":"p7j7o00jacnw7qzt","time":1609560940,"event":{"mods":["BaseMod","Colored Map","Colored Powertips","DeckTracker","Highlight Path","Minty Spire (QoL Compilation)","Relic Stats"],"gold_per_floor":[116,116,132,132,132,170,170,188,211,234,269,283,283,316,316,409,409,427,427,427,352,352,352,371,371,371,391,291,291,315,27,27,27,27],"floor_reached":33,"playtime":1189,"items_purged":["Strike_R","Strike_R"],"score":576,"play_id":"09773282-a31c-4555-abce-a93c077fdcd2","local_time":"20210101231540","is_ascension_mode":true,"campfire_choices":[{"data":"Armaments","floor":7.0,"key":"SMITH"},{"data":"Body Slam","floor":13.0,"key":"SMITH"},{"data":"True Grit","floor":15.0,"key":"SMITH"},{"data":"Fiend Fire","floor":23.0,"key":"SMITH"},{"floor":25.0,"key":"RECALL"},{"data":"Shrug It Off","floor":29.0,"key":"SMITH"},{"data":"Bash","floor":32.0,"key":"SMITH"}],"circlet_count":0,"master_deck":["AscendersBane","Strike_R","Strike_R","Defend_R","Defend_R","Defend_R","Defend_R","Bash+1","Armaments+1","Shrug It Off+1","Body Slam+1","Ghostly Armor","True Grit+1","Fiend Fire+1"],"relics":["Burning Blood","NeowsBlessing","Golden Idol","Anchor","Toy Ornithopter","Art of War","Champion Belt","Runic Pyramid","Bag of Marbles","Mercury Hourglass","Sundial"],"acts_visited":["Exordium","TheCity"],"potions_floor_usage":[33],"damage_taken":[{"damage":0.0,"enemies":"2 Louse","floor":1.0,"turns":1.0},{"damage":0.0,"enemies":"Small Slimes","floor":3.0,"turns":1.0},{"damage":0.0,"enemies":"Gremlin Nob","floor":6.0,"turns":1.0},{"damage":12.0,"enemies":"Jaw Worm","floor":8.0,"turns":4.0},{"damage":1.0,"enemies":"Lots of Slimes","floor":10.0,"turns":6.0},{"damage":18.0,"enemies":"Lagavulin","floor":11.0,"turns":8.0},{"damage":1.0,"enemies":"Large Slime","floor":12.0,"turns":6.0},{"damage":31.0,"enemies":"Gremlin Nob","floor":14.0,"turns":4.0},{"damage":21.0,"enemies":"The Guardian","floor":16.0,"turns":15.0},{"damage":2.0,"enemies":"2 Thieves","floor":18.0,"turns":4.0},{"damage":0.0,"enemies":"Chosen","floor":24.0,"turns":3.0},{"damage":0.0,"enemies":"Snake Plant","floor":27.0,"turns":2.0},{"damage":11.0,"enemies":"3 Cultists","floor":30.0,"turns":5.0},{"damage":113,"enemies":"Champ","floor":33,"turns":19}],"seed_played":"-8572051393105393830","potions_obtained":[{"floor":1.0,"key":"ColorlessPotion"},{"floor":3.0,"key":"Strength Potion"},{"floor":6.0,"key":"AttackPotion"},{"floor":10.0,"key":"SteroidPotion"},{"floor":14.0,"key":"Weak Potion"},{"floor":18.0,"key":"Weak Potion"},{"floor":24.0,"key":"ElixirPotion"}],"is_trial":false,"path_per_floor":["M","?","M","?","?","E","R","M","T","M","E","M","R","E","R","B",null,"M","?","?","$","T","R","M","R","T","M","$","R","M","$","R","B"],"character_chosen":"IRONCLAD","items_purchased":["Sundial"],"campfire_rested":0,"item_purchase_floors":[31],"current_hp_per_floor":[74,79,80,73,45,51,51,45,45,55,43,48,48,28,28,13,63,72,72,72,72,72,72,78,78,78,80,80,80,75,75,75,0,0],"gold":27,"neow_bonus":"THREE_ENEMY_KILL","is_daily":false,"chose_seed":false,"campfire_upgraded":6,"win_rate":0.0,"timestamp":1609560940,"path_taken":["M","?","M","?","?","E","R","M","T","M","E","M","R","E","R","BOSS","M","?","?","$","?","R","?","R","T","M","$","R","M","$","R","BOSS"],"items_purchased_type":["Relic"],"build_version":"2020-12-22","purchased_purges":2,"victory":false,"max_hp_per_floor":[75,80,80,80,80,80,80,80,80,80,80,80,80,80,80,80,80,80,80,80,80,80,80,80,80,80,80,80,80,80,80,80,80,80],"relic_stats":{"counters":[14,79],"Golden Idol":70,"Sundial":[22],"Art of War":[5],"Champion Belt":[11],"obtain_stats":[{"Anchor":6,"NeowsBlessing":0,"Golden Idol":5,"Sundial":31,"Art of War":11,"Bag of Marbles":22,"Champion Belt":14,"Burning Blood":0,"Toy Ornithopter":9,"Runic Pyramid":17,"Mercury Hourglass":26},{"Anchor":3,"NeowsBlessing":0,"Golden Idol":2,"Sundial":13,"Art of War":6,"Bag of Marbles":10,"Champion Belt":8,"Burning Blood":0,"Toy Ornithopter":4,"Runic Pyramid":9,"Mercury Hourglass":11},{"Anchor":3,"NeowsBlessing":0,"Golden Idol":2,"Sundial":60,"Art of War":21,"Bag of Marbles":50,"Champion Belt":31,"Burning Blood":0,"Toy Ornithopter":7,"Runic Pyramid":46,"Mercury Hourglass":53}],"Burning Blood":69,"Toy Ornithopter":20,"Mercury Hourglass":[45]},"card_choices":[{"not_picked":["Sentinel","Perfected Strike","Uppercut"],"picked":"SKIP","floor":1.0},{"not_picked":["Wild Strike","Twin Strike","True Grit"],"picked":"SKIP","floor":3.0},{"not_picked":["Searing Blow","Reckless Charge"],"picked":"Armaments","floor":6.0},{"not_picked":["Armaments","Rage"],"picked":"Shrug It Off","floor":8.0},{"not_picked":["Havoc","True Grit"],"picked":"Body Slam","floor":10.0},{"not_picked":["Clothesline","Clash"],"picked":"Ghostly Armor","floor":11.0},{"not_picked":["Havoc","Rupture"],"picked":"True Grit","floor":12.0},{"not_picked":["Wild Strike","Perfected Strike","Metallicize"],"picked":"SKIP","floor":14.0},{"not_picked":["Bludgeon","Berserk"],"picked":"Fiend Fire","floor":16.0},{"not_picked":["Metallicize+1","Heavy Blade","Searing Blow"],"picked":"SKIP","floor":18.0},{"not_picked":["Flex","Searing Blow","Anger"],"picked":"SKIP","floor":24.0},{"not_picked":["Body Slam","Headbutt","Searing Blow"],"picked":"SKIP","floor":27.0},{"not_picked":["Thunderclap","Whirlwind","Corruption"],"picked":"SKIP","floor":30.0}],"player_experience":918334,"relics_obtained":[{"floor":6.0,"key":"Anchor"},{"floor":9.0,"key":"Toy Ornithopter"},{"floor":11.0,"key":"Art of War"},{"floor":14.0,"key":"Champion Belt"},{"floor":22.0,"key":"Bag of Marbles"},{"floor":26.0,"key":"Mercury Hourglass"}],"event_choices":[{"damage_healed":0.0,"max_hp_gain":5.0,"max_hp_loss":0.0,"gold_gain":0.0,"event_name":"Big Fish","player_choice":"Donut","floor":2.0,"gold_loss":0.0,"damage_taken":0.0},{"cards_removed":["Strike_R"],"damage_healed":0.0,"max_hp_gain":0.0,"max_hp_loss":0.0,"gold_gain":0.0,"event_name":"Golden Wing","player_choice":"Card Removal","floor":4.0,"gold_loss":0.0,"damage_taken":7.0},{"damage_healed":0.0,"max_hp_gain":0.0,"max_hp_loss":0.0,"gold_gain":0.0,"event_name":"Golden Idol","player_choice":"Take Damage","floor":5.0,"gold_loss":0.0,"damage_taken":28.0,"relics_obtained":["Golden Idol"]},{"damage_healed":0.0,"max_hp_gain":0.0,"max_hp_loss":0.0,"gold_gain":0.0,"event_name":"The Mausoleum","player_choice":"Ignored","floor":19.0,"gold_loss":0.0,"damage_taken":0.0},{"damage_healed":0.0,"max_hp_gain":0.0,"max_hp_loss":0.0,"gold_gain":0.0,"event_name":"Vampires","player_choice":"Ignored","floor":20.0,"gold_loss":0.0,"damage_taken":0.0}],"is_beta":false,"boss_relics":[{"not_picked":["Tiny House","Empty Cage"],"picked":"Runic Pyramid"}],"items_purged_floors":[21,28],"is_endless":false,"potions_floor_spawned":[1,3,6,10,14,18,24],"killed_by":"Champ","ascension_level":20}}