{"host":"uv231blk40vjdojr","time":1609579878,"event":{"mods":["BaseMod","Minty Spire (QoL Compilation)","Relic Stats"],"gold_per_floor":[362,8,25,41,53,53,87,87,87,105,117,117,117,117,117,210,210,234,234,159,159,159,159,180,180,180],"floor_reached":25,"playtime":788,"items_purged":["Writhe"],"score":386,"play_id":"b677441f-0cb2-4f9a-9078-2a82ad9fabf9","local_time":"20210102103118","is_ascension_mode":true,"campfire_choices":[{"data":"Apotheosis","floor":6.0,"key":"SMITH"},{"floor":8,"key":"REST"},{"data":"Blood for Blood","floor":15,"key":"SMITH"},{"data":"Spot Weakness","floor":23,"key":"SMITH"}],"circlet_count":0,"master_deck":["AscendersBane","Strike_R+1","Strike_R+1","Strike_R+1","Strike_R+1","Defend_R+1","Defend_R+1","Defend_R+1","Defend_R+1","Bash","Shockwave","Apotheosis+1","Blood for Blood+1","Sword Boomerang","Reaper","Cleave","Spot Weakness+1"],"relics":["Burning Blood","Akabeko","Kunai","Golden Idol","Mark of Pain"],"acts_visited":["Exordium","TheCity"],"potions_floor_usage":[13,16,24],"damage_taken":[{"damage":7.0,"enemies":"2 Louse","floor":1.0,"turns":3.0},{"damage":10.0,"enemies":"Small Slimes","floor":3.0,"turns":3.0},{"damage":9.0,"enemies":"Jaw Worm","floor":4.0,"turns":3.0},{"damage":29.0,"enemies":"Blue Slaver","floor":5.0,"turns":6.0},{"damage":30,"enemies":"3 Sentries","floor":7,"turns":11},{"damage":16,"enemies":"Large Slime","floor":10,"turns":5},{"damage":8,"enemies":"3 Louse","floor":11,"turns":4},{"damage":0,"enemies":"Exordium Wildlife","floor":13,"turns":1},{"damage":23,"enemies":"Slime Boss","floor":16,"turns":9},{"damage":28,"enemies":"Shell Parasite","floor":18,"turns":5},{"damage":22,"enemies":"2 Thieves","floor":24,"turns":4},{"damage":24,"enemies":"Snake Plant","floor":25,"turns":1}],"seed_played":"-7673161740497579342","potions_obtained":[{"floor":1.0,"key":"SmokeBomb"},{"floor":10,"key":"DistilledChaos"},{"floor":16,"key":"AttackPotion"},{"floor":24,"key":"Energy Potion"}],"is_trial":false,"path_per_floor":["M","$","M","M","M","R","E","R","T","M","M","?","M","?","R","B",null,"M","?","?","?","?","R","M","M"],"character_chosen":"IRONCLAD","items_purchased":["Apotheosis","Blood for Blood"],"campfire_rested":1,"item_purchase_floors":[2,2],"current_hp_per_floor":[67,67,63,60,37,37,13,35,35,25,23,23,29,29,29,12,54,39,39,39,39,39,39,24,0,0],"gold":180,"neow_bonus":"TWO_FIFTY_GOLD","is_daily":false,"chose_seed":false,"campfire_upgraded":3,"win_rate":0.0,"timestamp":1609579878,"path_taken":["M","$","M","M","M","R","E","R","T","M","M","?","M","?","R","BOSS","M","?","?","?","?","R","M","M"],"items_purchased_type":["Card","Card"],"build_version":"2020-12-22","purchased_purges":1,"victory":false,"max_hp_per_floor":[75,75,75,75,75,75,75,75,75,75,75,75,75,68,68,68,68,68,68,68,68,68,68,68,68,68],"relic_stats":{"counters":[12,55],"Golden Idol":28,"Kunai":[7],"obtain_stats":[{"Golden Idol":14,"Mark of Pain":17,"Kunai":9,"Burning Blood":0,"Akabeko":7},{"Golden Idol":8,"Mark of Pain":9,"Kunai":5,"Burning Blood":0,"Akabeko":5},{"Golden Idol":36,"Mark of Pain":45,"Kunai":26,"Burning Blood":0,"Akabeko":26}],"Burning Blood":66},"card_choices":[{"not_picked":["True Grit","Power Through"],"picked":"Shockwave","floor":1.0},{"not_picked":["Anger","Clash","Feel No Pain"],"picked":"SKIP","floor":3.0},{"not_picked":["Infernal Blade","Armaments","Wild Strike"],"picked":"SKIP","floor":4.0},{"not_picked":["Body Slam","Sever Soul","Heavy Blade"],"picked":"SKIP","floor":5.0},{"not_picked":["Juggernaut","Anger","Dual Wield"],"picked":"SKIP","floor":7},{"not_picked":["Armaments","Thunderclap"],"picked":"Sword Boomerang","floor":10},{"not_picked":["Iron Wave","Flex","Sever Soul"],"picked":"SKIP","floor":11},{"not_picked":["Fiend Fire","Impervious"],"picked":"Reaper","floor":16},{"not_picked":["Perfected Strike","Hemokinesis+1"],"picked":"Cleave","floor":18},{"not_picked":["Perfected Strike","Metallicize","Inflame"],"picked":"SKIP","floor":24}],"player_experience":552744,"relics_obtained":[{"floor":7,"key":"Akabeko"},{"floor":9,"key":"Kunai"}],"event_choices":[{"damage_healed":0,"gold_gain":0,"player_choice":"Ignored","damage_taken":0,"max_hp_gain":0,"max_hp_loss":0,"event_name":"Liars Game","floor":12,"gold_loss":0},{"damage_healed":0,"gold_gain":0,"player_choice":"Lose Max HP","damage_taken":0,"relics_obtained":["Golden Idol"],"max_hp_gain":0,"max_hp_loss":7,"event_name":"Golden Idol","floor":14,"gold_loss":0},{"damage_healed":0,"gold_gain":0,"player_choice":"Simplicity","damage_taken":0,"max_hp_gain":0,"max_hp_loss":0,"event_name":"Back to Basics","floor":19,"gold_loss":0,"cards_upgraded":["Strike_R","Strike_R","Strike_R","Strike_R","Strike_R","Defend_R","Defend_R","Defend_R","Defend_R"]},{"cards_removed":["Strike_R"],"damage_healed":0,"gold_gain":0,"player_choice":"Gave Gold","damage_taken":0,"max_hp_gain":0,"max_hp_loss":0,"event_name":"Beggar","floor":20,"gold_loss":75},{"damage_healed":0,"gold_gain":0,"player_choice":"Ignored","damage_taken":0,"max_hp_gain":0,"max_hp_loss":0,"event_name":"Ghosts","floor":21,"gold_loss":0},{"damage_healed":0,"gold_gain":0,"player_choice":"Read","damage_taken":0,"max_hp_gain":0,"max_hp_loss":0,"event_name":"The Library","floor":22,"gold_loss":0,"cards_obtained":["Spot Weakness"]}],"is_beta":false,"boss_relics":[{"not_picked":["Busted Crown","Runic Cube"],"picked":"Mark of Pain"}],"items_purged_floors":[2],"is_endless":false,"potions_floor_spawned":[1,10,11,16,24],"killed_by":"Snake Plant","ascension_level":18}}