{"host":"tva948ojjycf0txh","time":1609576715,"event":{"mods":["BaseMod","GifTheSpireLib","Minty Spire (QoL Compilation)","Replay The Spire","StSLib"],"gold_per_floor":[110,129,142,161,176,176,205,205,253,253,48,60,60,14,14,14,14],"floor_reached":16,"playtime":1125,"items_purged":[],"score":102,"play_id":"2fdfe3b1-d91d-4a35-854e-067ca72b8ec8","local_time":"20210102163835","is_ascension_mode":false,"campfire_choices":[{"data":"Battle Trance","floor":6,"key":"SMITH"},{"data":"Infernal Blade","floor":8,"key":"SMITH"}],"circlet_count":0,"master_deck":["Strike_R","Strike_R","Strike_R","Strike_R","Strike_R","Defend_R","Defend_R","Defend_R","Defend_R","Bash","Heavy Blade","Battle Trance+1","Wild Strike","Ghostly Armor","Ghostly Armor","Infernal Blade+1","Armaments","Replay:Many Hands","Shrug It Off"],"relics":["Burning Blood","NeowsBlessing","Oddly Smooth Stone","Replay:Mystery Machine","Replay:Kaleidoscope","Medical Kit","Ring of Hypnosis"],"acts_visited":["Exordium"],"potions_floor_usage":[7,7,7],"damage_taken":[{"damage":0,"enemies":"Cultist","floor":1,"turns":1},{"damage":0,"enemies":"2 Louse","floor":2,"turns":1},{"damage":0,"enemies":"Jaw Worm","floor":3,"turns":1},{"damage":12,"enemies":"3 Louse","floor":4,"turns":5},{"damage":11,"enemies":"Blue Slaver","floor":5,"turns":4},{"damage":18,"enemies":"3 Sentries","floor":7,"turns":11},{"damage":10,"enemies":"Lots of Slimes","floor":12,"turns":4},{"damage":0,"enemies":"Hexaghost","floor":16,"turns":1}],"seed_played":"1258915984402655439","potions_obtained":[{"floor":2,"key":"Elixir"},{"floor":4,"key":"LifebloodPotion"},{"floor":5,"key":"Toxic Potion"},{"floor":7,"key":"LiquidMemories"}],"is_trial":false,"path_per_floor":["M","M","M","M","M","R","E","R","T","T","$","M","?","$","R","B"],"character_chosen":"IRONCLAD","items_purchased":["Medical Kit","Armaments","Shrug It Off"],"campfire_rested":0,"item_purchase_floors":[11,11,14],"current_hp_per_floor":[80,80,80,74,69,69,57,57,57,57,57,53,53,53,53,53,53],"gold":14,"neow_bonus":"THREE_ENEMY_KILL","is_daily":false,"chose_seed":false,"campfire_upgraded":2,"win_rate":0.0,"timestamp":1609576715,"path_taken":["M","M","M","M","M","R","E","R","T","?","$","M","?","?","R","BOSS"],"items_purchased_type":["Relic","Card","Card"],"build_version":"2020-12-22","purchased_purges":0,"victory":false,"max_hp_per_floor":[80,80,80,80,80,80,80,80,80,80,80,80,80,80,80,80,80],"card_choices":[{"not_picked":["Perfected Strike","Clash"],"picked":"Heavy Blade","floor":1},{"not_picked":["Warcry","Sword Boomerang"],"picked":"Battle Trance","floor":2},{"not_picked":["Twin Strike","ReplayTheSpireMod:LeadingStrike"],"picked":"Wild Strike","floor":3},{"not_picked":["ReplayTheSpireMod:Strike From Hell","Heavy Blade"],"picked":"Ghostly Armor","floor":4},{"not_picked":["Massacre","Battle Trance"],"picked":"Ghostly Armor","floor":5},{"not_picked":["Clothesline","ReplayTheSpireMod:LeadingStrike"],"picked":"Infernal Blade","floor":7},{"not_picked":["Warcry","Bloodletting"],"picked":"Replay:Many Hands","floor":12}],"player_experience":37522,"relics_obtained":[{"floor":7,"key":"Oddly Smooth Stone"},{"floor":9,"key":"Replay:Mystery Machine"},{"floor":10,"key":"Replay:Kaleidoscope"},{"floor":13,"key":"Ring of Hypnosis"}],"event_choices":[],"is_beta":false,"boss_relics":[],"items_purged_floors":[],"is_endless":false,"potions_floor_spawned":[2,4,5,7],"killed_by":"Hexaghost","ascension_level":0}}