{"host":"m4gez01cdgxblqzl","time":1609617053,"event":{"mods":["2.2 Compatiblity","AchievementEnabler","Act Like it!","Aspiration","BaseMod","Better Altar","Better Match","Better Note","Better Sensory Stone","Better Skull","Better Third Choice","Better Vampires","BetterRewards","Block Reminder","CCEM","Challenge The Spire","Clawfect","Colored Powertips","Conspire","Curses Come First","Downfall","Energized Spire","Friendly Minions","GifTheSpireLib","Glutton Mod","Halation","Hermit","Hubris","Infinite Spire","Jedi Mod","Marked Mod","Minty Spire (QoL Compilation)","Permanent Neow","Practice Mode","Quick Restart","READ ME - Guardian Mod","Rare Cards Sparkle","RatMod","Relic Sorter","Relic Stats","Replay The Spire","Reworked Bosses","Shade Mod","Shop Mod","Spicy Shops","Spikes Relics","StSLib","Stuff the Spire","SuperFastMode","Synergy Search","The Blue Laboratory","The Construct","The Jungle","The Problem Sleuth","The Runesmith","The Spell Scribe","Thieving Mod","Trackpad","Unceasing Turn Reminder","Unknown Chances","everything is the same but u backflip on backflip","vexMod","??????REMEMod"],"gold_per_floor":[109,119,310,322,334,334,334,57,110,125,125,300,300,330,330,430,430,443,193,193,193,36,36,61,74,74,86,96,46,80,97,97,197,197,208,221,221,232,252,252,277,277,277],"floor_reached":42,"playtime":4204,"items_purged":[],"score":617,"play_id":"f487a9f9-9cff-4cca-b437-b66c4f42ced3","local_time":"20210102135053","is_ascension_mode":true,"campfire_choices":[{"data":"jedi:harder","floor":6.0,"key":"SMITH"},{"data":"jedi:MakeshiftSword","floor":11.0,"key":"SMITH"},{"data":"Invigoration","floor":13.0,"key":"SMITH"},{"floor":15.0,"key":"REST"},{"floor":23,"key":"REST"},{"floor":32,"key":"DIG"},{"floor":40,"key":"REST"}],"circlet_count":0,"master_deck":["Strike_R","Strike_R+1","Strike_R","Strike_R+1","Strike_R","Defend_R","Defend_R","Defend_R","Bash+1","jedi:harder+1","jedi:fear+1","LessonLearned+1","jedi:fear","ReplayTheSpireMod:Splinters","Intimidate","jedi:MakeshiftSword+1","jedi:fear","BarbarianYell","jedi:fear","Invigoration+1","infinitespire:OneForAll","Doubt","Clothesline","Bludgeon","Metallicize","GremboGang+1","Infernal Blade","Reckless Charge","Rage","Armaments","jedi:MakeshiftSword","Wild Strike","jedi:bloodyhammer","Iron Wave+1","hubris:SharpeningStone","Massacre","Rupture+1","Parasite","Iron Wave+1","ReplayReversal"],"relics":["Burning Blood","REME_ComplimentaryCards","trackpad:SneckoScepter","trackpad:IceCube","Lantern","aspiration:RitualDagger","halation:EternalFortune","Blood Vial","construct:RocketBooster","ReplayFunnel","REME_HandOfSuture","HornCleat","vexMod:TanglingVine","infinitespire:BottledMercury"],"acts_visited":["Exordium","TheCity","TheBeyond"],"potions_floor_usage":[27,31,33,33,35,38,39,41],"damage_taken":[{"damage":11.0,"enemies":"2 Louse","floor":1.0,"turns":4.0},{"damage":10.0,"enemies":"Small Slimes","floor":2.0,"turns":4.0},{"damage":3.0,"enemies":"Cultist","floor":4.0,"turns":5.0},{"damage":17.0,"enemies":"Blue Slaver","floor":5.0,"turns":4.0},{"damage":0.0,"enemies":"Large Slime","floor":10.0,"turns":2.0},{"damage":11.0,"enemies":"3 Sentries","floor":14.0,"turns":4.0},{"damage":36.0,"enemies":"Hexaghost","floor":16.0,"turns":7.0},{"damage":66,"enemies":"Shell Parasite","floor":18,"turns":6},{"damage":74,"enemies":"Slavers","floor":24,"turns":5},{"damage":7,"enemies":"conspire:FuzzyDice","floor":25,"turns":2},{"damage":27,"enemies":"Sentry and Sphere","floor":27,"turns":5},{"damage":30,"enemies":"Centurion and Healer","floor":28,"turns":4},{"damage":33,"enemies":"Gremlin Leader","floor":30,"turns":6},{"damage":17,"enemies":"conspire:HollyBat","floor":31,"turns":5},{"damage":48,"enemies":"bossMod:newCollector","floor":33,"turns":8},{"damage":50,"enemies":"3 Shapes","floor":35,"turns":4},{"damage":11,"enemies":"Orb Walker","floor":36,"turns":3},{"damage":35,"enemies":"Jaw Worm Horde","floor":38,"turns":5},{"damage":38,"enemies":"Writhing Mass","floor":39,"turns":5},{"damage":90,"enemies":"Giant Head","floor":41,"turns":8},{"damage":19,"enemies":"4 Shapes","floor":42,"turns":1}],"seed_played":"3199476947430853187","potions_obtained":[{"floor":2.0,"key":"blueLaboratory:IronCompound"},{"floor":5.0,"key":"Energy Potion"},{"floor":14.0,"key":"Strength Potion"},{"floor":16.0,"key":"construct:ShiftPotion"},{"floor":24,"key":"champ:CounterPotion"},{"floor":28,"key":"blueLaboratory:BottleOfRum"},{"floor":30,"key":"ColorlessPotion"},{"floor":31,"key":"ColorlessPotion"},{"floor":33,"key":"EssenceOfSteel"},{"floor":35,"key":"Toxic Potion"},{"floor":36,"key":"blueLaboratory:StoneskinPotion"},{"floor":41,"key":"BlessingOfTheForge"}],"is_trial":false,"path_per_floor":["M","M","?","M","M","R","?","$","T","M","R","?","R","E","R","B",null,"M","?","?","?","$","R","E","M","T","M","M","?","E","M","R","B",null,"M","M","?","M","M","R","E","M"],"character_chosen":"IRONCLAD","items_purchased":["trackpad:SneckoScepter","jedi:fear","Invigoration","Blood Vial"],"campfire_rested":3,"item_purchase_floors":[8,8,8,22],"current_hp_per_floor":[75,71,71,74,63,63,63,63,63,69,69,69,69,64,80,50,80,20,20,23,23,23,47,81,83,83,71,67,67,74,75,75,80,83,48,54,54,39,26,50,17,0,0],"gold":277,"neow_bonus":"ONE_RANDOM_RARE_CARD","is_daily":false,"chose_seed":false,"campfire_upgraded":3,"win_rate":0.0,"timestamp":1609617053,"path_taken":["M","M","?","?","M","R","?","$","T","M","R","?","R","E","R","BOSS","M","?","?","?","$","R","E","?","T","M","M","?","E","M","R","BOSS","M","?","?","?","M","R","E","?"],"items_purchased_type":["Relic","Card","Card","Relic"],"build_version":"2020-12-22","purchased_purges":0,"victory":false,"max_hp_per_floor":[80,80,80,80,80,80,80,80,80,80,80,80,80,80,80,80,80,80,80,83,83,83,83,83,83,83,83,83,83,83,83,83,83,83,83,83,83,83,83,83,83,83,83],"relic_stats":{"Blood Vial":22,"counters":[21,97],"obtain_stats":[{"ReplayFunnel":26,"infinitespire:BottledMercury":41,"Lantern":14,"construct:RocketBooster":24,"trackpad:IceCube":9,"vexMod:TanglingVine":34,"Burning Blood":0,"trackpad:SneckoScepter":8,"Blood Vial":22,"HornCleat":32,"halation:EternalFortune":20,"REME_HandOfSuture":30,"aspiration:RitualDagger":17,"REME_ComplimentaryCards":0},{"ReplayFunnel":10,"infinitespire:BottledMercury":20,"Lantern":6,"construct:RocketBooster":9,"trackpad:IceCube":4,"vexMod:TanglingVine":15,"Burning Blood":0,"trackpad:SneckoScepter":4,"Blood Vial":8,"HornCleat":14,"halation:EternalFortune":8,"REME_HandOfSuture":13,"aspiration:RitualDagger":7,"REME_ComplimentaryCards":0},{"ReplayFunnel":43,"infinitespire:BottledMercury":96,"Lantern":23,"construct:RocketBooster":41,"trackpad:IceCube":17,"vexMod:TanglingVine":71,"Burning Blood":0,"trackpad:SneckoScepter":17,"Blood Vial":36,"HornCleat":63,"halation:EternalFortune":36,"REME_HandOfSuture":58,"aspiration:RitualDagger":30,"REME_ComplimentaryCards":0}],"Burning Blood":114},"card_choices":[{"not_picked":["Run Through","StuffTheSpire:Slingshot"],"picked":"jedi:fear","floor":1.0},{"not_picked":["Warcry","Armaments"],"picked":"jedi:fear","floor":2.0},{"not_picked":["Clash","Run Through"],"picked":"Intimidate","floor":3.0},{"not_picked":["StuffTheSpire:RagingBull","Barricade"],"picked":"jedi:MakeshiftSword","floor":4.0},{"not_picked":["Heavy Blade","Burning Pact"],"picked":"jedi:fear","floor":5.0},{"not_picked":["StuffTheSpire:Slingshot","Warcry"],"picked":"infinitespire:OneForAll","floor":10.0},{"not_picked":["Pommel Strike","Headbutt"],"picked":"Clothesline","floor":14.0},{"not_picked":["Corruption","REME_ACTH"],"picked":"Bludgeon","floor":16.0},{"not_picked":["Blood for Blood","Twin Strike"],"picked":"Metallicize","floor":18},{"not_picked":["StuffTheSpire:RockThrow","Whirlwind"],"picked":"Infernal Blade","floor":24},{"not_picked":["Body Slam","StuffTheSpire:Pyroclast"],"picked":"Reckless Charge","floor":25},{"not_picked":["Blood for Blood","Perfected Strike"],"picked":"Rage","floor":27},{"not_picked":["conspire:Charge+1","ReplayTheSpireMod:Strike From Hell"],"picked":"Armaments","floor":28},{"not_picked":["Shrug It Off","Armaments+1"],"picked":"jedi:MakeshiftSword","floor":30},{"not_picked":["Dark Embrace","Thunderclap+1"],"picked":"Wild Strike","floor":31},{"not_picked":["Brutality","Reaper"],"picked":"jedi:bloodyhammer","floor":33},{"not_picked":["REME_SingleHolding","Defy Death+1"],"picked":"Iron Wave+1","floor":35},{"not_picked":["True Grit","Havoc+1"],"picked":"hubris:SharpeningStone","floor":36},{"not_picked":["Cleave","StuffTheSpire:RockThrow+1"],"picked":"Rupture+1","floor":38},{"not_picked":["Cleave","Dark Embrace+1"],"picked":"Iron Wave+1","floor":39},{"not_picked":["Iron Wave","rat:Decimate"],"picked":"ReplayReversal","floor":41}],"player_experience":57571,"relics_obtained":[{"floor":9.0,"key":"trackpad:IceCube"},{"floor":14.0,"key":"Lantern"},{"floor":24,"key":"construct:RocketBooster"},{"floor":26,"key":"ReplayFunnel"},{"floor":30,"key":"REME_HandOfSuture"},{"floor":32,"key":"HornCleat"},{"floor":41,"key":"infinitespire:BottledMercury"}],"event_choices":[{"damage_healed":0.0,"max_hp_gain":0.0,"max_hp_loss":0.0,"gold_gain":175.0,"event_name":"betterThird:BetterSerpent","player_choice":"AGREE","floor":12.0,"gold_loss":0.0,"damage_taken":125.0},{"damage_healed":0,"gold_gain":0,"player_choice":"Upgraded","damage_taken":0,"max_hp_gain":0,"max_hp_loss":0,"event_name":"Upgrade Shrine","floor":21,"gold_loss":0,"cards_upgraded":["GremboGang"]},{"damage_healed":0,"gold_gain":0,"player_choice":"Bet on Murderer","damage_taken":0,"max_hp_gain":0,"max_hp_loss":0,"event_name":"The Joust","floor":29,"gold_loss":50},{"damage_healed":0,"gold_gain":0,"cards_transformed":["Defend_R"],"player_choice":"Transformed","damage_taken":0,"max_hp_gain":0,"max_hp_loss":0,"event_name":"Transmorgrifier","floor":37,"gold_loss":0,"cards_obtained":["Massacre"]}],"is_beta":false,"boss_relics":[{"not_picked":["REME_ChargedStone","Empty Cage"],"picked":"aspiration:RitualDagger"},{"not_picked":["hubris:BlackHole","energizedSpire:MagnifyingGlass"],"picked":"vexMod:TanglingVine"}],"items_purged_floors":[],"is_endless":false,"potions_floor_spawned":[2,5,14,16,24,28,30,31,33,35,36,41],"killed_by":"4 Shapes","ascension_level":3}}