{"host":"6b00v7211em4ihns","time":1609575839,"event":{"mods":["BaseMod","Bestiary","Better Match","Minty Spire (QoL Compilation)","Relic Stats","Spicy Shops","StSLib"],"gold_per_floor":[110,110,128,145,161,161,161],"floor_reached":6,"playtime":375,"items_purged":[],"score":76,"play_id":"a2994c83-db16-46c1-9809-8aadaba31e0c","local_time":"20210102082359","daily_mods":["Blue Cards"],"is_ascension_mode":true,"campfire_choices":[],"circlet_count":0,"master_deck":["AscendersBane","Strike_P","Strike_P","Strike_P","Strike_P","Defend_P","Defend_P","Defend_P","Defend_P","Eruption","Vigilance","White Noise","Sunder","Sweeping Beam"],"relics":["PureWater","Tiny Chest"],"acts_visited":["Exordium"],"potions_floor_usage":[],"damage_taken":[{"damage":6,"enemies":"Jaw Worm","floor":1,"turns":6},{"damage":6,"enemies":"Small Slimes","floor":3,"turns":6},{"damage":0,"enemies":"Cultist","floor":4,"turns":3},{"damage":18,"enemies":"Exordium Thugs","floor":5,"turns":4},{"damage":35,"enemies":"3 Sentries","floor":6,"turns":9}],"seed_played":"-613303197078162898","potions_obtained":[{"floor":4,"key":"Strength Potion"},{"floor":5,"key":"Weak Potion"}],"is_trial":true,"path_per_floor":["M","?","M","M","M","E"],"character_chosen":"WATCHER","items_purchased":[],"campfire_rested":0,"item_purchase_floors":[],"current_hp_per_floor":[55,50,44,44,26,0,0],"gold":161,"neow_bonus":"","is_daily":false,"chose_seed":false,"campfire_upgraded":0,"win_rate":0.0,"timestamp":1609575839,"path_taken":["M","?","M","M","M","E"],"items_purchased_type":[],"build_version":"2020-12-22","purchased_purges":0,"victory":false,"max_hp_per_floor":[68,68,68,68,68,68,68],"relic_stats":{"counters":[5,28],"Tiny Chest":0,"obtain_stats":[{"Tiny Chest":2,"PureWater":0},{"Tiny Chest":1,"PureWater":0},{"Tiny Chest":6,"PureWater":0}]},"card_choices":[{"not_picked":["Halt","Go for the Eyes","Chaos"],"picked":"SKIP","floor":1},{"not_picked":["SashWhip","Crescendo"],"picked":"White Noise","floor":3},{"not_picked":["White Noise","Blizzard"],"picked":"Sunder","floor":4},{"not_picked":["Worship","WreathOfFlame"],"picked":"Sweeping Beam","floor":5}],"player_experience":2477853,"relics_obtained":[],"event_choices":[{"damage_healed":0,"gold_gain":0,"player_choice":"Success","damage_taken":5,"relics_obtained":["Tiny Chest"],"max_hp_gain":0,"max_hp_loss":0,"event_name":"Scrap Ooze","floor":2,"gold_loss":0}],"is_beta":false,"boss_relics":[],"items_purged_floors":[],"is_endless":false,"potions_floor_spawned":[4,5],"killed_by":"3 Sentries","ascension_level":20}}