{"host":"s6t38s6k4widkzbu","time":1609611597,"event":{"mods":["ATMod(°¢èªMod)","Aspiration","BaseMod","Conspire","Downfall","Googly Eyes","Hermit","Highlight Path","Hunter ÁÔÈË","KinomotoSakuraMod(Ä¾Ö®±¾Ó£)","KomeijiMod","Marisa£¨ìFÓê¡¡Ä§ÀíÉ³£©","Minty Spire (QoL Compilation)","Permanent Neow","Prisma Mod","Quick Restart","READ ME - Guardian Mod","Reimu£¨²©ÀöÁéÃÎ£©","Remilia£¨ÀÙÃ×ÀòÑÇ£©","Replay The Spire","RumiaBox-Â¶Ã×æ«µÄÉñÃØºÐ×Ó","StSLib","The Animator","The Bladedancer","The Bug Knight","The Cursed","The Gatherer","The Jungle","The Mystic","The Runesmith","The Servant 0.9.4","Youmu£¨»êÆÇÑýÃÎ£©","Yuyuko","¡¾ÒÅÎï¿¨ÅÆ¡¿REMEMod","óô»ðÖ¸ÄÏ"],"gold_per_floor":[149,224,237,45,59,59,59,59,108,33,83,83,111,111,111,242,242,258,311,321,321,335,335,137,178,178,128,128,128,128,162,162,296,296,313,188,231,231,266,266,277,277,300,300,300,45,45,65,65,65,65],"floor_reached":50,"playtime":5366,"items_purged":["Defend_Giant","Defend_Giant","Discover Pet+1","Ready_Giant+1"],"score":538,"play_id":"06b0ac78-15d7-4d92-8295-7c7af62b62c3","local_time":"20210103021957","is_ascension_mode":false,"campfire_choices":[{"data":"Apotheosis","floor":6.0,"key":"SMITH"},{"data":"Sacrifice Summons","floor":8.0,"key":"SMITH"},{"data":"Drunk Grant","floor":12.0,"key":"SMITH"},{"data":"Protect_Giant","floor":15.0,"key":"SMITH"},{"data":"Bloody Giant","floor":23.0,"key":"SMITH"},{"data":"Infinite Combo","floor":28.0,"key":"SMITH"},{"data":"Discover Pet","floor":32.0,"key":"SMITH"},{"floor":40,"key":"RECALL"},{"floor":49,"key":"REST"}],"circlet_count":0,"master_deck":["Strike_Giant","CultistPetCall","EagleFirst","EagleSecond","Heal Wind","Retain Combo","HealerPetCall+1","Apotheosis+1","Sacrifice Summons+1","Drunk Grant+1","Protect_Giant+1","GhostForm_Giant","Random Death Rattle","Death Explode+1","Combo Recycle","HealerPetCall","Bloody Giant+1","The End Giant","EagleSecond","Infinite Combo+1","Blood Defend","Forethought","EagleThird","conspire:SpireCoStock","theJungle:Gourd","theJungle:Gourd","theJungle:Gourd","theJungle:Gourd","theJungle:Gourd","GremlinNobPetCall","Mana Growth+1","Pummel Giant","Resurrection Giant","Meditate Giant","Combo Form","Pummel Giant","Pummel Giant","EagleSecond","MultiTurn_Giant","Blood Defend+1"],"relics":["GiantSoulBox","REME_ComplimentaryCards","AT_ATBox","aspiration:Nostalgia","PureWater","Shuriken","Nunchaku","SoulBox","Gremlin Food","BargainBundle","GiantSoulStone","Runesmith:Nanobots","Philosopher\u0027s Stone","Pet Ghost","HoshigumaDish","Art of War"],"acts_visited":["Exordium","Exordium","TheBeyond"],"potions_floor_usage":[37,39,39],"damage_taken":[{"damage":0.0,"enemies":"2 Louse","floor":1.0,"turns":2.0},{"damage":8.0,"enemies":"Jaw Worm","floor":3.0,"turns":3.0},{"damage":1.0,"enemies":"Cultist","floor":5.0,"turns":3.0},{"damage":11.0,"enemies":"Red Slaver","floor":11.0,"turns":3.0},{"damage":35.0,"enemies":"Lagavulin","floor":13.0,"turns":6.0},{"damage":14.0,"enemies":"The Guardian","floor":16.0,"turns":11.0},{"damage":27.0,"enemies":"theJungle:GiantWrat","floor":18.0,"turns":6.0},{"damage":35.0,"enemies":"theJungle:MUSHROOMGANG","floor":20.0,"turns":5.0},{"damage":39.0,"enemies":"theJungle:2_Snecko_Cultists","floor":22.0,"turns":4.0},{"damage":24.0,"enemies":"theJungle:Lyon","floor":25.0,"turns":6.0},{"damage":22.0,"enemies":"theJungle:SlimyTreeVines","floor":31.0,"turns":7.0},{"damage":21,"enemies":"theJungle:FunGuy","floor":33,"turns":9},{"damage":28,"enemies":"3 Shapes","floor":35,"turns":4},{"damage":34,"enemies":"Orb Walker","floor":37,"turns":6},{"damage":27,"enemies":"3 Darklings","floor":39,"turns":6},{"damage":30,"enemies":"Writhing Mass","floor":41,"turns":6},{"damage":95,"enemies":"Spire Growth","floor":48,"turns":7},{"damage":91,"enemies":"Donu and Deca","floor":50,"turns":4}],"seed_played":"578133315287578972","potions_obtained":[{"floor":3.0,"key":"Death Potion"},{"floor":11.0,"key":"Regen Potion"},{"floor":19.0,"key":"Ancient Potion"},{"floor":20.0,"key":"Doom Potion"},{"floor":30.0,"key":"REME_GoldPotion"},{"floor":30.0,"key":"PowerPotion"},{"floor":30.0,"key":"Strength Potion"},{"floor":33,"key":"Regen Potion"},{"floor":39,"key":"Cursed Concoction"},{"floor":48,"key":"FearPotion"}],"is_trial":false,"path_per_floor":["M","?","M","$","M","R","?","R","T","$","M","R","E","T","R","B",null,"M","?","M","?","M","R","$","M","T","?","R","?","?","M","R","B",null,"M","$","M","T","M","R","M","?","T","?","T","$","?","M","R","B"],"character_chosen":"Giant","items_purchased":["Apotheosis","BargainBundle","The End Giant","EagleSecond","Infinite Combo","Ready_Giant+1","Blood Defend","Forethought","Explosive Potion","Combo Form","Pummel Giant"],"campfire_rested":1,"item_purchase_floors":[4,24,24,24,24,24,24,24,24,46,46],"current_hp_per_floor":[65,54,52,52,51,51,44,44,44,44,38,38,35,35,35,58,75,66,48,56,71,69,69,69,62,62,62,62,62,62,75,75,85,85,63,63,57,57,71,71,68,68,68,68,68,68,68,2,27,0,0],"gold":65,"neow_bonus":"NOSTALGIA","is_daily":false,"chose_seed":false,"campfire_upgraded":7,"win_rate":0.0,"timestamp":1609611597,"path_taken":["M","?","M","$","M","R","?","R","T","?","?","R","E","?","R","BOSS","M","?","M","?","M","R","?","?","T","?","R","?","?","M","R","BOSS","M","$","M","?","M","R","?","?","T","?","?","$","?","?","R","BOSS"],"items_purchased_type":["Card","Relic","Card","Card","Card","Card","Card","Card","Potion","Card","Card"],"build_version":"2020-12-22","purchased_purges":4,"victory":false,"max_hp_per_floor":[65,65,65,65,65,65,65,65,65,65,70,70,70,70,70,75,75,75,75,75,75,75,75,75,80,80,80,80,80,80,80,80,85,85,85,85,85,85,85,85,85,85,85,85,85,85,85,85,85,85,85],"card_choices":[{"not_picked":["Backward Giant","Bloody Giant"],"picked":"Retain Combo","floor":1.0},{"not_picked":["Pummel Giant","Up Up Up"],"picked":"HealerPetCall","floor":3.0},{"not_picked":["Fanatic Cultist","HPGrowth_Giant"],"picked":"Sacrifice Summons","floor":5.0},{"not_picked":["HPGrowth_Giant","Struggle Attack"],"picked":"Drunk Grant","floor":11.0},{"not_picked":["Revenge Attack","Drunk Grant"],"picked":"Protect_Giant","floor":13.0},{"not_picked":["Double Mana","TakeAll_Giant"],"picked":"GhostForm_Giant","floor":16.0},{"not_picked":["Sacrifice Summons","Trace_Giant+1"],"picked":"Random Death Rattle","floor":18.0},{"not_picked":["EagleSecond+1","Random Death Rattle+1"],"picked":"Death Explode+1","floor":19.0},{"not_picked":["Backflip Giant","Combo Defend"],"picked":"Combo Recycle","floor":19.0},{"not_picked":["EagleSecond","GhostForm_Giant"],"picked":"HealerPetCall","floor":20.0},{"not_picked":["Pummel Giant","HPGrowth_Giant"],"picked":"Bloody Giant","floor":22.0},{"not_picked":["EagleSecond","Backflip Giant"],"picked":"EagleThird","floor":25.0},{"not_picked":["Blood Defend","CultistForm+1"],"picked":"Discover Pet","floor":31.0},{"not_picked":["Upgrade_Giant","One Blood"],"picked":"GremlinNobPetCall","floor":33},{"not_picked":["Death Prophecy","The End Giant"],"picked":"Mana Growth+1","floor":35},{"not_picked":["Combo Recycle","Up Up Up"],"picked":"Pummel Giant","floor":37},{"not_picked":["Combo Defend+1","Echo Defend Giant"],"picked":"Resurrection Giant","floor":39},{"not_picked":["Ready_Giant","Echo Attack"],"picked":"Meditate Giant","floor":41},{"not_picked":["EagleSecond+1","Sacrifice Summons"],"picked":"Blood Defend+1","floor":48}],"player_experience":382876,"relics_obtained":[{"floor":13.0,"key":"Shuriken"},{"floor":14.0,"key":"Nunchaku"},{"floor":19.0,"key":"Gremlin Food"},{"floor":25.0,"key":"GiantSoulStone"},{"floor":26.0,"key":"Runesmith:Nanobots"},{"floor":38,"key":"Pet Ghost"},{"floor":43,"key":"HoshigumaDish"},{"floor":45,"key":"Art of War"}],"event_choices":[{"damage_healed":0.0,"max_hp_gain":0.0,"max_hp_loss":0.0,"gold_gain":75.0,"event_name":"World of Goop","player_choice":"Gather Gold","floor":2.0,"gold_loss":0.0,"damage_taken":11.0},{"cards_removed":["Strike_Giant"],"damage_healed":0.0,"max_hp_gain":0.0,"max_hp_loss":0.0,"gold_gain":0.0,"event_name":"Golden Wing","player_choice":"Card Removal","floor":7.0,"gold_loss":0.0,"damage_taken":7.0},{"damage_healed":0.0,"max_hp_gain":0.0,"max_hp_loss":0.0,"gold_gain":0.0,"event_name":"conspire:Investor","player_choice":"Invest 1","floor":27.0,"gold_loss":0.0,"damage_taken":0.0},{"damage_healed":0.0,"max_hp_gain":0.0,"max_hp_loss":0.0,"gold_gain":0.0,"event_name":"Lab","player_choice":"Got Potions","floor":30.0,"gold_loss":0.0,"damage_taken":0.0},{"cards_removed":["EagleFirst"],"damage_healed":0,"gold_gain":0,"player_choice":"Removed Attack","damage_taken":0,"max_hp_gain":0,"max_hp_loss":0,"event_name":"Falling","floor":42,"gold_loss":0},{"damage_healed":0,"gold_gain":0,"player_choice":"Ignored","damage_taken":0,"max_hp_gain":0,"max_hp_loss":0,"event_name":"Tomb of Lord Red Mask","floor":44,"gold_loss":0},{"damage_healed":0,"gold_gain":0,"player_choice":"2 cards matched","damage_taken":0,"max_hp_gain":0,"max_hp_loss":0,"event_name":"Match and Keep!","floor":47,"gold_loss":0,"cards_obtained":["EagleSecond","MultiTurn_Giant"]}],"is_beta":false,"boss_relics":[{"not_picked":["ChewingGum","REME_LowDesire"],"picked":"SoulBox"},{"not_picked":["Empty Cage","aspiration:RunesmithSkillbook"],"picked":"Philosopher\u0027s Stone"}],"items_purged_floors":[10,24,36,46],"is_endless":false,"potions_floor_spawned":[3,11,20,31,33,35,39,48],"killed_by":"Donu and Deca","ascension_level":0}}