{"host":"w9yruvs4bqht6bhw","time":1609547582,"event":{"mods":["BaseMod","Colored Powertips","Minty Spire (QoL Compilation)"],"gold_per_floor":[117,135,38,55,71,102,102,127,127,140,140,153,153,171,171,171,171],"floor_reached":16,"playtime":590,"items_purged":[],"score":143,"play_id":"10419409-046f-4340-9d96-801b87d4d8e0","local_time":"20210101193302","is_ascension_mode":true,"campfire_choices":[{"data":"Cleave","floor":7,"key":"SMITH"},{"floor":11,"key":"REST"},{"floor":13,"key":"REST"},{"data":"Perfected Strike","floor":15,"key":"SMITH"}],"circlet_count":0,"master_deck":["Strike_R","Strike_R","Strike_R","Strike_R","Strike_R","Defend_R","Defend_R","Defend_R","Defend_R","Bash","Juggernaut","Cleave","Headbutt","Perfected Strike+1","Entrench","Cleave","Reaper","Cleave+1","Wild Strike","Twin Strike","Wild Strike","Wild Strike"],"relics":["Burning Blood","Singing Bowl","Charon\u0027s Ashes","Turnip"],"acts_visited":["Exordium"],"potions_floor_usage":[5,6,8,16],"damage_taken":[{"damage":1,"enemies":"2 Louse","floor":1,"turns":3},{"damage":0,"enemies":"Small Slimes","floor":2,"turns":3},{"damage":7,"enemies":"Jaw Worm","floor":4,"turns":3},{"damage":7,"enemies":"Exordium Wildlife","floor":5,"turns":3},{"damage":52,"enemies":"Lagavulin","floor":6,"turns":7},{"damage":20,"enemies":"3 Sentries","floor":8,"turns":5},{"damage":17,"enemies":"Exordium Thugs","floor":10,"turns":3},{"damage":0,"enemies":"2 Fungi Beasts","floor":12,"turns":2},{"damage":8,"enemies":"Blue Slaver","floor":14,"turns":3},{"damage":80,"enemies":"The Guardian","floor":16,"turns":12}],"seed_played":"3201875244135797228","potions_obtained":[{"floor":2,"key":"SpeedPotion"},{"floor":4,"key":"SkillPotion"},{"floor":6,"key":"AttackPotion"},{"floor":10,"key":"AttackPotion"},{"floor":14,"key":"ElixirPotion"}],"is_trial":false,"path_per_floor":["M","M","$","M","M","E","R","E","T","M","R","M","R","M","R","B"],"character_chosen":"IRONCLAD","items_purchased":["Perfected Strike","Entrench"],"campfire_rested":2,"item_purchase_floors":[3,3],"current_hp_per_floor":[80,80,80,79,78,32,32,30,30,19,43,52,76,74,74,0,0],"gold":171,"neow_bonus":"ONE_RANDOM_RARE_CARD","is_daily":false,"chose_seed":false,"campfire_upgraded":2,"win_rate":0.0,"timestamp":1609547582,"path_taken":["M","M","$","M","M","E","R","E","T","M","R","M","R","M","R","BOSS"],"items_purchased_type":["Card","Card"],"build_version":"2020-12-22","purchased_purges":0,"victory":false,"max_hp_per_floor":[80,80,80,80,80,80,80,80,80,80,80,80,80,80,80,80,80],"card_choices":[{"not_picked":["Flex","Armaments"],"picked":"Cleave","floor":1},{"not_picked":["Havoc","Iron Wave"],"picked":"Headbutt","floor":2},{"not_picked":["Infernal Blade","Anger"],"picked":"Cleave","floor":4},{"not_picked":["Metallicize","Reckless Charge"],"picked":"Reaper","floor":5},{"not_picked":["Infernal Blade","True Grit"],"picked":"Cleave","floor":6},{"not_picked":["Havoc","Intimidate"],"picked":"Wild Strike","floor":8},{"not_picked":["Clothesline","Body Slam"],"picked":"Twin Strike","floor":10},{"not_picked":["Heavy Blade","Cleave"],"picked":"Wild Strike","floor":12},{"not_picked":["Corruption","Armaments"],"picked":"Wild Strike","floor":14}],"player_experience":242221,"relics_obtained":[{"floor":6,"key":"Singing Bowl"},{"floor":8,"key":"Charon\u0027s Ashes"},{"floor":9,"key":"Turnip"}],"event_choices":[],"is_beta":false,"boss_relics":[],"items_purged_floors":[],"is_endless":false,"potions_floor_spawned":[2,4,6,10,14],"killed_by":"The Guardian","ascension_level":5}}