{"host":"lhth1efayex2023z","time":1609548787,"event":{"mods":["BaseMod","Colored Map","Googly Eyes","Minty Spire (QoL Compilation)","StSLib"],"gold_per_floor":[117,128,128,139,157,184,198,198,198,198,198,209,229,260,260,334,334,353,353,325,335,65,65,65],"floor_reached":23,"playtime":1103,"items_purged":[],"score":363,"play_id":"ffea1026-1aa2-445b-baf4-ffd8f82fe9ad","local_time":"20210101175307","is_ascension_mode":true,"campfire_choices":[{"data":"Berserk","floor":8,"key":"SMITH"},{"data":"Flame Barrier","floor":11,"key":"SMITH"},{"data":"Body Slam","floor":15,"key":"SMITH"}],"circlet_count":0,"master_deck":["AscendersBane","Strike_R","Strike_R","Strike_R","Strike_R","Strike_R","Defend_R","Defend_R","Defend_R","Defend_R","Bash","Sword Boomerang","Thunderclap","Twin Strike","Flame Barrier+1","Berserk+1","Shrug It Off","Body Slam+1","Armaments","Battle Trance","Barricade","Entrench","Impervious","True Grit"],"relics":["Burning Blood","Centennial Puzzle","InkBottle","Molten Egg 2","Black Star","Strawberry"],"acts_visited":["Exordium","TheCity"],"potions_floor_usage":[5,6,14,14,20,23],"damage_taken":[{"damage":4.0,"enemies":"Jaw Worm","floor":1.0,"turns":5.0},{"damage":9.0,"enemies":"2 Louse","floor":2.0,"turns":3.0},{"damage":1,"enemies":"Cultist","floor":4,"turns":3},{"damage":0,"enemies":"3 Louse","floor":5,"turns":5},{"damage":54,"enemies":"Lagavulin","floor":6,"turns":13},{"damage":18,"enemies":"Gremlin Gang","floor":7,"turns":4},{"damage":7,"enemies":"Looter","floor":12,"turns":4},{"damage":0,"enemies":"3 Louse","floor":13,"turns":3},{"damage":6,"enemies":"3 Sentries","floor":14,"turns":6},{"damage":29,"enemies":"The Guardian","floor":16,"turns":12},{"damage":13,"enemies":"Spheric Guardian","floor":18,"turns":7},{"damage":36,"enemies":"2 Thieves","floor":20,"turns":5},{"damage":41,"enemies":"Centurion and Healer","floor":21,"turns":11},{"damage":58,"enemies":"Gremlin Leader","floor":23,"turns":6}],"seed_played":"1820761533582729131","potions_obtained":[{"floor":2.0,"key":"HeartOfIron"},{"floor":4,"key":"SpeedPotion"},{"floor":7,"key":"Fire Potion"},{"floor":13,"key":"EssenceOfSteel"},{"floor":19,"key":"FairyPotion"},{"floor":19,"key":"SteroidPotion"},{"floor":19,"key":"Explosive Potion"},{"floor":21,"key":"DuplicationPotion"}],"is_trial":false,"path_per_floor":["M","M","?","M","M","E","M","R","T","?","R","M","M","E","R","B",null,"M","?","M","M","$","E"],"character_chosen":"IRONCLAD","items_purchased":["Impervious","Strawberry","True Grit"],"campfire_rested":0,"item_purchase_floors":[22,22,22],"current_hp_per_floor":[82,79,84,89,93,45,33,33,33,33,33,32,38,38,38,15,74,67,67,37,33,40,0,0],"gold":65,"neow_bonus":"TEN_PERCENT_HP_BONUS","is_daily":false,"chose_seed":false,"campfire_upgraded":3,"win_rate":0.0,"timestamp":1609548787,"path_taken":["M","M","?","M","M","E","M","R","T","?","R","?","M","E","R","BOSS","M","?","M","?","$","E"],"items_purchased_type":["Card","Relic","Card"],"build_version":"2020-12-22","purchased_purges":0,"victory":false,"max_hp_per_floor":[88,88,93,93,93,93,93,93,93,93,93,93,93,93,93,93,93,93,93,93,93,100,100,100],"card_choices":[{"not_picked":["Pommel Strike","Anger"],"picked":"Sword Boomerang","floor":1.0},{"not_picked":["Perfected Strike","Intimidate"],"picked":"Thunderclap","floor":2.0},{"not_picked":["Headbutt","Perfected Strike"],"picked":"Twin Strike","floor":4},{"not_picked":["Havoc","Combust"],"picked":"Flame Barrier","floor":5},{"not_picked":["Power Through","Disarm"],"picked":"Berserk","floor":6},{"not_picked":["Anger","Feel No Pain"],"picked":"Shrug It Off","floor":7},{"not_picked":["Uppercut","Intimidate"],"picked":"Body Slam","floor":12},{"not_picked":["Cleave","Warcry"],"picked":"Armaments","floor":13},{"not_picked":["Twin Strike+1","Clothesline+1"],"picked":"Battle Trance","floor":14},{"not_picked":["Offering","Impervious"],"picked":"Barricade","floor":16},{"not_picked":["Havoc","Disarm","Twin Strike+1"],"picked":"SKIP","floor":18},{"not_picked":["Dropkick+1","Pommel Strike+1","Perfected Strike+1"],"picked":"SKIP","floor":20},{"not_picked":["Iron Wave+1","Twin Strike+1"],"picked":"Entrench","floor":21}],"player_experience":438954,"relics_obtained":[{"floor":6,"key":"Centennial Puzzle"},{"floor":9,"key":"InkBottle"},{"floor":14,"key":"Molten Egg 2"}],"event_choices":[{"damage_healed":0,"gold_gain":0,"player_choice":"Donut","damage_taken":0,"max_hp_gain":5,"max_hp_loss":0,"event_name":"Big Fish","floor":3,"gold_loss":0},{"damage_healed":0,"gold_gain":0,"player_choice":"Bought 0 Potions","damage_taken":0,"max_hp_gain":0,"max_hp_loss":0,"event_name":"The Woman in Blue","floor":10,"gold_loss":0},{"damage_healed":0,"gold_gain":0,"player_choice":"Got Potions","damage_taken":0,"max_hp_gain":0,"max_hp_loss":0,"event_name":"Lab","floor":19,"gold_loss":0}],"is_beta":false,"boss_relics":[{"not_picked":["Ectoplasm","Fusion Hammer"],"picked":"Black Star"}],"items_purged_floors":[],"is_endless":false,"potions_floor_spawned":[2,4,7,13,21],"killed_by":"Gremlin Leader","ascension_level":13}}