{"host":"8qqctrke4fbvw8wu","time":1609623014,"event":{"mods":["BaseMod","Better Altar","Better Match","Better Note","Better Sensory Stone","Better Skull","Better Third Choice","Colored Map","Colored Powertips","GifTheSpireLib","Highlight Path","Minty Spire (QoL Compilation)","Permanent Neow","Quick Restart","Rare Cards Sparkle","StSLib","everything is the same but u backflip on backflip"],"gold_per_floor":[114,114,63,63,63,63,81,81,81,99,114,143,153,169,169,264,314,304,318,77,77,23,23,23],"floor_reached":23,"playtime":1550,"items_purged":[],"score":216,"play_id":"2238b801-a5d1-4fcd-845d-1d8876068c35","local_time":"20210102163014","is_ascension_mode":false,"campfire_choices":[{"data":"Outmaneuver","floor":6,"key":"SMITH"},{"floor":8,"key":"REST"},{"floor":15,"key":"REST"}],"circlet_count":0,"master_deck":["Strike_G","Strike_G+1","Strike_G","Strike_G+1","Strike_G","Defend_G+1","Defend_G","Defend_G","Defend_G","Defend_G","Survivor","Neutralize+1","Quick Slash","Outmaneuver+1","Choke","Backstab","Deadly Poison","Deadly Poison","Outmaneuver","Bane","Envenom","Deflect","Bouncing Flask","Deadly Poison","Deadly Poison","Footwork","Footwork","Flying Knee"],"relics":["Ring of the Snake","Toy Ornithopter","Kunai","Nunchaku","Tiny House","Anchor"],"acts_visited":["Exordium","TheCity"],"potions_floor_usage":[16,23],"damage_taken":[{"damage":2,"enemies":"Small Slimes","floor":1,"turns":5},{"damage":11,"enemies":"2 Louse","floor":7,"turns":3},{"damage":0,"enemies":"Cultist","floor":10,"turns":3},{"damage":0,"enemies":"Looter","floor":11,"turns":3},{"damage":9,"enemies":"Gremlin Nob","floor":12,"turns":5},{"damage":0,"enemies":"2 Fungi Beasts","floor":13,"turns":3},{"damage":4,"enemies":"Lots of Slimes","floor":14,"turns":4},{"damage":35,"enemies":"Hexaghost","floor":16,"turns":10},{"damage":22,"enemies":"2 Thieves","floor":18,"turns":4},{"damage":14,"enemies":"Chosen","floor":19,"turns":6},{"damage":50,"enemies":"Slavers","floor":23,"turns":4}],"seed_played":"5000785437852013014","potions_obtained":[{"floor":1,"key":"DuplicationPotion"},{"floor":7,"key":"Fire Potion"},{"floor":13,"key":"Strength Potion"},{"floor":17,"key":"FearPotion"},{"floor":19,"key":"LiquidBronze"}],"is_trial":false,"path_per_floor":["M","?","$","?","?","R","M","R","T","M","M","E","M","M","R","B",null,"M","M","$","?","$","E"],"character_chosen":"THE_SILENT","items_purchased":["Outmaneuver","Anchor","Deadly Poison","Footwork","Flying Knee"],"campfire_rested":2,"item_purchase_floors":[3,20,20,20,22],"current_hp_per_floor":[68,54,54,59,59,59,48,70,70,70,70,61,61,57,75,45,80,58,44,44,44,44,0,0],"gold":23,"neow_bonus":"UPGRADE_CARD","is_daily":false,"chose_seed":false,"campfire_upgraded":1,"win_rate":0.0,"timestamp":1609623014,"path_taken":["M","?","$","?","?","R","M","R","T","M","M","E","M","M","R","BOSS","M","M","?","?","$","E"],"items_purchased_type":["Card","Relic","Card","Card","Card"],"build_version":"2020-12-22","purchased_purges":0,"victory":false,"max_hp_per_floor":[70,70,70,75,75,75,75,75,75,75,75,75,75,75,75,75,80,80,80,80,80,80,80,80],"card_choices":[{"not_picked":["Masterful Stab","Prepared"],"picked":"Quick Slash","floor":1},{"not_picked":["Prepared","Blade Dance"],"picked":"Choke","floor":7},{"not_picked":["Acrobatics","Quick Slash"],"picked":"Backstab","floor":10},{"not_picked":["Blade Dance","Deflect"],"picked":"Deadly Poison","floor":11},{"not_picked":["Tools of the Trade","Backstab"],"picked":"Deadly Poison","floor":12},{"not_picked":["Blade Dance","Dagger Spray"],"picked":"Outmaneuver","floor":13},{"not_picked":["Acrobatics","Deflect"],"picked":"Bane","floor":14},{"not_picked":["Glass Knife","A Thousand Cuts"],"picked":"Envenom","floor":16},{"not_picked":["Prepared","Backflip"],"picked":"Deflect","floor":17},{"not_picked":["Blade Dance","Prepared"],"picked":"Bouncing Flask","floor":18},{"not_picked":["Acrobatics","Slice+1"],"picked":"Deadly Poison","floor":19}],"player_experience":22733,"relics_obtained":[{"floor":9,"key":"Kunai"},{"floor":12,"key":"Nunchaku"}],"event_choices":[{"damage_healed":68,"gold_gain":0,"player_choice":"Upgrade","damage_taken":14,"max_hp_gain":0,"max_hp_loss":70,"event_name":"betterThird:BetterShining","floor":2,"gold_loss":0,"cards_upgraded":["Strike_G","Defend_G"]},{"damage_healed":0,"gold_gain":0,"player_choice":"Donut","damage_taken":0,"max_hp_gain":5,"max_hp_loss":0,"event_name":"Big Fish","floor":4,"gold_loss":0},{"damage_healed":0,"gold_gain":0,"player_choice":"Gave Potion","damage_taken":0,"relics_obtained":["Toy Ornithopter"],"max_hp_gain":0,"max_hp_loss":0,"event_name":"WeMeetAgain","floor":5,"gold_loss":0},{"damage_healed":0,"gold_gain":0,"player_choice":"Copied","damage_taken":0,"max_hp_gain":0,"max_hp_loss":0,"event_name":"Duplicator","floor":21,"gold_loss":0,"cards_obtained":["Footwork"]}],"is_beta":false,"boss_relics":[{"not_picked":["Snecko Eye","Fusion Hammer"],"picked":"Tiny House"}],"items_purged_floors":[],"is_endless":false,"potions_floor_spawned":[1,7,13,19],"killed_by":"Slavers","ascension_level":0}}