{"host":"yer03dsd277nstsn","time":1609561783,"event":{"mods":["BaseMod","Colored Powertips","Minty Spire (QoL Compilation)"],"gold_per_floor":[112,187,187,197,214,242,242,256,256,256,268,285,305,38,38,134,134,145,163,180,7,23,23,49,59,84,84,103,103,137,149,149,251,251,271,271,322,322,341,341,355,387,465,484,484,484,30,60,60,60,60],"floor_reached":50,"playtime":7573,"items_purged":["Strike_B","Scrape","Zap"],"score":737,"play_id":"1b92c89c-44ae-4177-b7c1-89748409c523","local_time":"20210101222943","is_ascension_mode":true,"campfire_choices":[{"floor":7,"key":"REST"},{"data":"Creative AI","floor":10,"key":"SMITH"},{"floor":15,"key":"REST"},{"floor":23,"key":"REST"},{"data":"Storm","floor":27,"key":"SMITH"},{"data":"Self Repair","floor":29,"key":"SMITH"},{"floor":32,"key":"REST"},{"floor":40,"key":"REST"},{"data":"Apotheosis","floor":45,"key":"SMITH"},{"data":"Amplify","floor":49,"key":"SMITH"}],"circlet_count":0,"master_deck":["Dualcast","Sunder","Creative AI+1","BootSequence","Conserve Battery","Turbo","Capacitor","Turbo","Thunder Strike","Glacier","Self Repair+1","Echo Form","Auto Shields","Echo Form","Storm+1","Conserve Battery","Glacier","Barrage","Thunder Strike","Turbo","Hologram+1","Capacitor","Echo Form","Amplify+1","Chill","Electrodynamics","Glacier","Apotheosis+1","Madness","Blizzard","Thunder Strike"],"relics":["Cracked Core","Whetstone","Centennial Puzzle","Mummified Hand","Pandora\u0027s Box","Symbiotic Virus","Art of War","Letter Opener","SlaversCollar","Ginger","Pen Nib","Pantograph","Happy Flower","Calipers"],"acts_visited":["Exordium","TheCity","TheBeyond"],"potions_floor_usage":[16,24,33,33,33,50,50],"damage_taken":[{"damage":2,"enemies":"Jaw Worm","floor":1,"turns":3},{"damage":2,"enemies":"Small Slimes","floor":4,"turns":4},{"damage":1,"enemies":"Cultist","floor":5,"turns":5},{"damage":39,"enemies":"Lagavulin","floor":6,"turns":8},{"damage":6,"enemies":"3 Louse","floor":8,"turns":3},{"damage":6,"enemies":"Looter","floor":11,"turns":3},{"damage":0,"enemies":"Exordium Wildlife","floor":12,"turns":3},{"damage":6,"enemies":"2 Fungi Beasts","floor":13,"turns":3},{"damage":16,"enemies":"Hexaghost","floor":16,"turns":7},{"damage":14,"enemies":"Shell Parasite","floor":18,"turns":3},{"damage":14,"enemies":"Chosen","floor":19,"turns":4},{"damage":0,"enemies":"Snecko","floor":20,"turns":4},{"damage":22,"enemies":"Snake Plant","floor":22,"turns":4},{"damage":12,"enemies":"Gremlin Leader","floor":24,"turns":6},{"damage":10,"enemies":"Chosen and Byrds","floor":25,"turns":5},{"damage":2,"enemies":"Cultist and Chosen","floor":28,"turns":2},{"damage":21,"enemies":"Book of Stabbing","floor":30,"turns":4},{"damage":19,"enemies":"Snake Plant","floor":31,"turns":4},{"damage":23,"enemies":"Champ","floor":33,"turns":7},{"damage":21,"enemies":"3 Shapes","floor":35,"turns":4},{"damage":19,"enemies":"2 Orb Walkers","floor":37,"turns":4},{"damage":7,"enemies":"Orb Walker","floor":39,"turns":3},{"damage":5,"enemies":"Maw","floor":41,"turns":4},{"damage":8,"enemies":"Reptomancer","floor":42,"turns":4},{"damage":15,"enemies":"3 Darklings","floor":44,"turns":4},{"damage":8,"enemies":"Nemesis","floor":48,"turns":5},{"damage":78,"enemies":"Awakened One","floor":50,"turns":3}],"seed_played":"-194457599414047904","potions_obtained":[{"floor":4,"key":"SneckoOil"},{"floor":8,"key":"PotionOfCapacity"},{"floor":12,"key":"Swift Potion"},{"floor":19,"key":"LiquidMemories"},{"floor":20,"key":"DistilledChaos"},{"floor":24,"key":"SkillPotion"},{"floor":28,"key":"GamblersBrew"},{"floor":31,"key":"ColorlessPotion"},{"floor":41,"key":"BlessingOfTheForge"},{"floor":42,"key":"Ancient Potion"}],"is_trial":false,"path_per_floor":["M","?","?","M","M","E","R","M","T","R","M","M","M","$","R","B",null,"M","M","M","$","M","R","E","M","T","R","M","R","E","M","R","B",null,"M","?","?","?","M","R","M","E","T","M","R","?","$","E","R","B"],"character_chosen":"DEFECT","items_purchased":["Echo Form","Auto Shields","Capacitor","Blizzard","Happy Flower","FocusPotion","SpeedPotion"],"campfire_rested":5,"item_purchase_floors":[14,14,21,47,47,47,47],"current_hp_per_floor":[66,55,55,53,52,13,35,29,29,29,23,23,17,17,39,37,66,66,52,59,59,37,59,61,58,58,58,56,56,35,26,48,35,65,54,54,55,45,38,60,75,67,67,62,62,62,62,74,74,0,0],"gold":60,"neow_bonus":"RANDOM_COMMON_RELIC","is_daily":false,"chose_seed":false,"campfire_upgraded":5,"win_rate":0.0,"timestamp":1609561783,"path_taken":["M","?","?","M","M","E","R","M","T","R","M","M","M","$","R","BOSS","M","M","?","$","M","R","E","M","T","R","M","R","E","M","R","BOSS","M","?","?","?","?","R","M","E","T","M","R","?","$","E","R","BOSS"],"items_purchased_type":["Card","Card","Card","Card","Relic","Potion","Potion"],"build_version":"2020-12-22","purchased_purges":3,"victory":false,"max_hp_per_floor":[75,75,75,75,75,75,75,75,75,75,75,75,75,75,75,75,75,75,75,75,75,75,75,75,75,75,75,75,75,75,75,75,75,75,75,75,75,75,75,75,75,75,75,75,75,75,75,75,75,75,75],"card_choices":[{"not_picked":["Leap","Stack"],"picked":"Sunder","floor":1},{"not_picked":["Compile Driver","Stack"],"picked":"Turbo","floor":4},{"not_picked":["Rebound","Sweeping Beam"],"picked":"Capacitor","floor":5},{"not_picked":["Redo","Ball Lightning"],"picked":"Turbo","floor":6},{"not_picked":["Steam","Hologram"],"picked":"Thunder Strike","floor":8},{"not_picked":["BootSequence","Reinforced Body"],"picked":"Glacier","floor":11},{"not_picked":["Rebound","Stack"],"picked":"Self Repair","floor":12},{"not_picked":["Go for the Eyes","Beam Cell","Steam Power"],"picked":"SKIP","floor":13},{"not_picked":["Reboot","Hyperbeam"],"picked":"Echo Form","floor":16},{"not_picked":["Hologram","Genetic Algorithm","Steam"],"picked":"SKIP","floor":18},{"not_picked":["Stack","Fusion+1"],"picked":"Turbo","floor":19},{"not_picked":["Beam Cell","Coolheaded+1"],"picked":"Hologram+1","floor":20},{"not_picked":["Turbo","Steam"],"picked":"Echo Form","floor":22},{"not_picked":["Leap","Gash","Thunder Strike"],"picked":"SKIP","floor":24},{"not_picked":["Leap","Gash","Thunder Strike"],"picked":"SKIP","floor":24},{"not_picked":["Redo","Rebound","Scrape"],"picked":"SKIP","floor":25},{"not_picked":["Stack","FTL+1","Blizzard+1"],"picked":"SKIP","floor":28},{"not_picked":["Cold Snap+1","Defragment"],"picked":"Amplify","floor":30},{"not_picked":["Sweeping Beam","Steam+1"],"picked":"Chill","floor":31},{"not_picked":["Core Surge","Reboot"],"picked":"Electrodynamics","floor":33},{"not_picked":["FTL+1","Turbo"],"picked":"Glacier","floor":35},{"not_picked":["Panacea","Mind Blast"],"picked":"Apotheosis","floor":38},{"not_picked":["Blind","Deep Breath"],"picked":"Madness","floor":38},{"not_picked":["Lockon","Sunder+1","Redo+1"],"picked":"SKIP","floor":39},{"not_picked":["Scrape","Stack+1","Steam Power+1"],"picked":"SKIP","floor":41},{"not_picked":["Coolheaded+1","Go for the Eyes","Cold Snap"],"picked":"SKIP","floor":42},{"not_picked":["Gash","Steam Power","Sweeping Beam"],"picked":"SKIP","floor":44},{"not_picked":["Redo","Double Energy+1"],"picked":"Thunder Strike","floor":48}],"player_experience":422505,"relics_obtained":[{"floor":6,"key":"Centennial Puzzle"},{"floor":9,"key":"Mummified Hand"},{"floor":24,"key":"Symbiotic Virus"},{"floor":26,"key":"Art of War"},{"floor":30,"key":"Letter Opener"},{"floor":37,"key":"Ginger"},{"floor":42,"key":"Pen Nib"},{"floor":43,"key":"Pantograph"},{"floor":48,"key":"Calipers"}],"event_choices":[{"damage_healed":0,"gold_gain":75,"player_choice":"Gather Gold","damage_taken":11,"max_hp_gain":0,"max_hp_loss":0,"event_name":"World of Goop","floor":2,"gold_loss":0},{"damage_healed":0,"gold_gain":0,"player_choice":"3 cards matched","damage_taken":0,"max_hp_gain":0,"max_hp_loss":0,"event_name":"Match and Keep!","floor":3,"gold_loss":0,"cards_obtained":["Creative AI","BootSequence","Conserve Battery"]},{"damage_healed":0,"gold_gain":0,"player_choice":"Ignored","damage_taken":0,"max_hp_gain":0,"max_hp_loss":0,"event_name":"Tomb of Lord Red Mask","floor":36,"gold_loss":0},{"damage_healed":0,"gold_gain":0,"player_choice":"Fight","damage_taken":0,"max_hp_gain":0,"max_hp_loss":0,"event_name":"Mysterious Sphere","floor":37,"gold_loss":0},{"damage_healed":0,"gold_gain":0,"player_choice":"Memory 3","damage_taken":10,"max_hp_gain":0,"max_hp_loss":0,"event_name":"SensoryStone","floor":38,"gold_loss":0},{"cards_removed":["Fission"],"damage_healed":0,"gold_gain":0,"player_choice":"Removed Skill","damage_taken":0,"max_hp_gain":0,"max_hp_loss":0,"event_name":"Falling","floor":46,"gold_loss":0}],"is_beta":false,"boss_relics":[{"not_picked":["Coffee Dripper","Cursed Key"],"picked":"Pandora\u0027s Box"},{"not_picked":["FrozenCore","Sozu"],"picked":"SlaversCollar"}],"items_purged_floors":[14,21,47],"is_endless":false,"potions_floor_spawned":[4,8,12,13,19,20,24,28,31,41,42,48],"killed_by":"Awakened One","ascension_level":7}}