{"host":"hvutsrv30nr3m3gn","time":1609566095,"event":{"mods":["BaseMod","Colored Powertips","Downfall","Hermit","Marisa????????","Minty Spire (QoL Compilation)","StSLib","The Animator","The Bug Knight","The Cursed"],"gold_per_floor":[99,99,99,99,163,263,263,263,277,277,288,306,52,65,84,183,183,183,183,183,183,183,183,183,183,183,183,183,183,183,21,21,21,21,21],"floor_reached":33,"playtime":2655,"items_purged":[],"score":239,"play_id":"d8c5a77e-375b-4b63-a94f-282e3827f4d7","local_time":"20210101224135","is_ascension_mode":false,"campfire_choices":[{"data":"Guardian:CurlUp","floor":1,"key":"SMITH"},{"floor":8,"key":"REST"},{"floor":10,"key":"REST"},{"floor":18,"key":"REST"},{"floor":23,"key":"REST"},{"data":"Guardian:ShieldCharger","floor":25,"key":"SMITH"}],"circlet_count":0,"master_deck":["Guardian:Strike_Guardian","Guardian:Strike_Guardian","Guardian:Strike_Guardian","Guardian:Strike_Guardian","Guardian:Defend_Guardian","Guardian:Defend_Guardian","Guardian:Defend_Guardian","Guardian:CurlUp+1","Guardian:TwinSlam","Guardian:DonusPower","Guardian:PiercingHide","Guardian:ShieldSpikes","Guardian:ShieldCharger+1","Guardian:Reroute","Guardian:DecasProtection","Guardian:EvasiveProtocol","Guardian:Incinerate","Guardian:ChargeUp","Guardian:PrimingBeam","Guardian:StasisField","Guardian:PrimingBeam","Guardian:SentryBeam","Guardian:PolyBeam","Guardian:CrystalBeam+1","Guardian:Gem_Red","Guardian:Gem_Crimson","Guardian:BronzeOrb","Guardian:PolyBeam","Guardian:Gem_Fragmented"],"relics":["Guardian:ModeShifter","downfall:HeartsMalice","Bag of Marbles","Shuriken","downfall:Hecktoplasm","Question Card","Gambling Chip","Toxic Egg 2"],"acts_visited":["Exordium","TheCity"],"potions_floor_usage":[16,16,30,33,33,33,33,33],"damage_taken":[{"damage":0,"enemies":"Jaw Worm","floor":2,"turns":1},{"damage":0,"enemies":"Small Slimes","floor":3,"turns":1},{"damage":0,"enemies":"2 Louse","floor":4,"turns":1},{"damage":63,"enemies":"Lagavulin Event","floor":5,"turns":13},{"damage":5,"enemies":"Large Slime","floor":9,"turns":8},{"damage":5,"enemies":"3 Louse","floor":11,"turns":5},{"damage":10,"enemies":"Lots of Slimes","floor":12,"turns":4},{"damage":2,"enemies":"downfall:FleeingMerchant","floor":13,"turns":4},{"damage":1,"enemies":"3 Louse","floor":14,"turns":3},{"damage":6,"enemies":"2 Fungi Beasts","floor":15,"turns":3},{"damage":29,"enemies":"downfall:Defect","floor":16,"turns":7},{"damage":13,"enemies":"Shell Parasite","floor":19,"turns":5},{"damage":17,"enemies":"Snecko","floor":20,"turns":6},{"damage":15,"enemies":"Shelled Parasite and Fungi","floor":21,"turns":5},{"damage":30,"enemies":"Colosseum Nobs","floor":26,"turns":5},{"damage":14,"enemies":"Centurion and Healer","floor":27,"turns":5},{"damage":0,"enemies":"Chosen and Byrds","floor":28,"turns":5},{"damage":3,"enemies":"3 Cultists","floor":30,"turns":3},{"damage":7,"enemies":"downfall:FleeingMerchant","floor":31,"turns":4},{"damage":2,"enemies":"Snake Plant","floor":32,"turns":4},{"damage":6,"enemies":"downfall:Silent","floor":33,"turns":7}],"seed_played":"-4703543947869175675","potions_obtained":[{"floor":11,"key":"BlessingOfTheForge"},{"floor":12,"key":"GamblersBrew"},{"floor":14,"key":"AttackPotion"},{"floor":19,"key":"Explosive Potion"},{"floor":26,"key":"Guardian:AcceleratePotion"},{"floor":32,"key":"EntropicBrew"}],"is_trial":false,"path_per_floor":["R","M","M","M","?","?","T","R","M","R","M","M","$","M","M","B",null,"R","M","M","M","?","R","T","R","?","M","M","?","M","$","M","B"],"character_chosen":"GUARDIAN","items_purchased":["Guardian:Gem_Synthetic","Guardian:EvasiveProtocol","Guardian:Incinerate","Guardian:BronzeOrb","Guardian:PolyBeam"],"campfire_rested":4,"item_purchase_floors":[13,13,13,31,31],"current_hp_per_floor":[80,80,80,80,17,17,17,41,36,60,55,45,43,42,36,7,80,80,67,50,35,35,59,59,59,29,15,15,15,12,5,3,0,0,0],"gold":21,"neow_bonus":"THREE_ENEMY_KILL","is_daily":false,"chose_seed":false,"campfire_upgraded":2,"win_rate":0.0,"timestamp":1609566095,"path_taken":["R","M","M","M","?","?","T","R","M","R","M","M","$","M","M","BOSS","R","M","M","M","?","R","T","R","?","M","M","?","M","$","M","BOSS"],"items_purchased_type":["Card","Card","Card","Card","Card"],"build_version":"2020-12-22","purchased_purges":0,"victory":false,"max_hp_per_floor":[80,80,80,80,80,80,80,80,80,80,80,80,80,80,80,80,80,80,80,80,80,80,80,80,80,80,80,80,80,80,80,80,80,80,80],"card_choices":[{"not_picked":["Guardian:TimeCapacitor","Guardian:Clone"],"picked":"Guardian:DonusPower","floor":2},{"not_picked":["Guardian:TimeCapacitor","Guardian:Reroute"],"picked":"Guardian:PiercingHide","floor":3},{"not_picked":["Guardian:Suspension","Guardian:Recover"],"picked":"Guardian:ShieldSpikes","floor":4},{"not_picked":["Guardian:VentSteam","Guardian:EvasiveProtocol"],"picked":"Guardian:Gem_Lightblue","floor":5},{"not_picked":["Guardian:Reroute","Guardian:Harden"],"picked":"Guardian:ShieldCharger","floor":9},{"not_picked":["Guardian:PiercingHide","Guardian:RollAttack"],"picked":"Guardian:Gem_Cyan","floor":11},{"not_picked":["Guardian:PrismaticBeam","Guardian:PrismaticBarrier"],"picked":"Guardian:Reroute","floor":12},{"not_picked":["Guardian:TemporalShield","Guardian:Suspension"],"picked":"Guardian:DecasProtection","floor":13},{"not_picked":["Guardian:WalkerClaw","Guardian:PrimingBeam"],"picked":"Guardian:ChargeUp","floor":14},{"not_picked":["Guardian:VentSteam","Guardian:TemporalStrike"],"picked":"Guardian:PrimingBeam","floor":15},{"not_picked":["Guardian:StasisStrike","Guardian:BaubleBeam"],"picked":"Guardian:StasisField","floor":16},{"not_picked":["Guardian:ShieldCharger","Guardian:PrimingBeam"],"picked":"Guardian:Gem_Red","floor":19},{"not_picked":["Guardian:EvasiveProtocol+1","Guardian:Planning"],"picked":"Guardian:PrimingBeam","floor":20},{"not_picked":["Guardian:TimeCapacitor","Guardian:Suspension"],"picked":"Guardian:Gem_Lightblue","floor":21},{"not_picked":["Guardian:Reroute+1","Guardian:Gem_Cyan","Guardian:ChargeCore"],"picked":"Guardian:SentryBeam","floor":26},{"not_picked":["Guardian:Repulse","Guardian:SphericShield+1","Guardian:SentryBeam"],"picked":"Guardian:PolyBeam","floor":27},{"not_picked":["Guardian:PrimingBeam","Guardian:Gem_Green","Guardian:Repulse"],"picked":"Guardian:CrystalBeam+1","floor":28},{"not_picked":["Guardian:Suspension+1","Guardian:Gem_Cyan","Guardian:PiercingHide+1"],"picked":"Guardian:Gem_Red","floor":30},{"not_picked":["Guardian:RefractedBeam","Guardian:TimeCapacitor","Guardian:DonusPower+1"],"picked":"Guardian:Gem_Crimson","floor":31},{"not_picked":["Guardian:RollAttack","Guardian:PrismaticBeam+1","Guardian:PiercingHide+1"],"picked":"Guardian:Gem_Fragmented","floor":32}],"player_experience":68008,"relics_obtained":[{"floor":7,"key":"Shuriken"},{"floor":24,"key":"Question Card"},{"floor":26,"key":"Gambling Chip"},{"floor":26,"key":"Toxic Egg 2"}],"event_choices":[{"cards_removed":["Guardian:Defend_Guardian"],"damage_healed":0,"gold_gain":0,"player_choice":"Elegance","damage_taken":0,"max_hp_gain":0,"max_hp_loss":0,"event_name":"Back to Basics","floor":29,"gold_loss":0}],"is_beta":false,"boss_relics":[{"not_picked":["Guardian:ModeShifterPlus","Runic Pyramid"],"picked":"downfall:Hecktoplasm"}],"items_purged_floors":[],"is_endless":false,"potions_floor_spawned":[9,11,12,14,16,19,26,32],"killed_by":"downfall:Silent","ascension_level":0}}