{"host":"my77oq6kb6j47rwl","time":1609620311,"event":{"mods":["BaseMod","Emptier Cage","Ironclad Rager","Minty Spire (QoL Compilation)","Quick Restart","Rare Cards Sparkle","StSLib"],"gold_per_floor":[16,91,107,125,125,158,158,183,183,183,203,218,244,262,262,262,262],"floor_reached":16,"playtime":1095,"items_purged":[],"score":201,"play_id":"9e7f4254-585a-4fcd-ac1a-dbfa893effc0","local_time":"20210102154511","is_ascension_mode":true,"campfire_choices":[{"floor":7,"key":"REST"},{"data":"Double Tap","floor":10,"key":"SMITH"},{"floor":15,"key":"REST"}],"circlet_count":0,"master_deck":["AscendersBane","Bash","Shame","Twin Strike","Twin Strike","Twin Strike","Twin Strike","Twin Strike","Iron Wave","Iron Wave","Iron Wave","Iron Wave","Shockwave","Pain","Double Tap+1","Iron Wave+1","Sword Boomerang+1","Blood for Blood+1"],"relics":["Burning Blood","WarpedTongs","Molten Egg 2","White Beast Statue","Paper Frog","Dead Branch"],"acts_visited":["Exordium"],"potions_floor_usage":[6,13,16,16],"damage_taken":[{"damage":0,"enemies":"Cultist","floor":1,"turns":2},{"damage":0,"enemies":"Small Slimes","floor":3,"turns":3},{"damage":2,"enemies":"2 Louse","floor":4,"turns":3},{"damage":28,"enemies":"3 Sentries","floor":6,"turns":6},{"damage":27,"enemies":"Lagavulin","floor":8,"turns":5},{"damage":7,"enemies":"Large Slime","floor":11,"turns":4},{"damage":14,"enemies":"Gremlin Gang","floor":12,"turns":4},{"damage":14,"enemies":"3 Sentries","floor":13,"turns":6},{"damage":10,"enemies":"Exordium Wildlife","floor":14,"turns":3},{"damage":50,"enemies":"The Guardian","floor":16,"turns":10}],"seed_played":"-2033972438263721893","potions_obtained":[{"floor":1,"key":"GamblersBrew"},{"floor":8,"key":"BloodPotion"},{"floor":11,"key":"SpeedPotion"},{"floor":13,"key":"SkillPotion"},{"floor":14,"key":"Strength Potion"}],"is_trial":false,"path_per_floor":["M","?","M","M","?","E","R","E","T","R","M","M","E","M","R","B"],"character_chosen":"IRONCLAD","items_purchased":[],"campfire_rested":2,"item_purchase_floors":[],"current_hp_per_floor":[57,46,52,56,56,34,55,34,34,34,33,25,31,27,48,0,0],"gold":262,"neow_bonus":"IRONCLAD_BERSERKER","is_daily":false,"chose_seed":false,"campfire_upgraded":1,"win_rate":0.0,"timestamp":1609620311,"path_taken":["M","?","M","M","?","E","R","E","T","R","?","M","E","M","R","BOSS"],"items_purchased_type":[],"build_version":"2020-12-22","purchased_purges":0,"victory":false,"max_hp_per_floor":[72,72,72,72,72,72,72,72,72,72,72,72,72,72,72,72,72],"card_choices":[{"not_picked":["Thunderclap","Uppercut","Cleave"],"picked":"SKIP","floor":1},{"not_picked":["Infernal Blade","Perfected Strike"],"picked":"Shockwave","floor":3},{"not_picked":["Bloodletting","Cleave","Hemokinesis"],"picked":"SKIP","floor":4},{"not_picked":["Clothesline+1","Seeing Red","Sentinel"],"picked":"SKIP","floor":6},{"not_picked":["Bludgeon+1","Warcry"],"picked":"Double Tap","floor":8},{"not_picked":["Anger+1","Seeing Red"],"picked":"Iron Wave+1","floor":11},{"not_picked":["True Grit","Clash+1"],"picked":"Sword Boomerang+1","floor":12},{"not_picked":["Anger+1","Sword Boomerang+1"],"picked":"Blood for Blood+1","floor":13},{"not_picked":["Clash+1","Feel No Pain","Sword Boomerang+1"],"picked":"SKIP","floor":14}],"player_experience":1014432,"relics_obtained":[{"floor":6,"key":"Molten Egg 2"},{"floor":8,"key":"White Beast Statue"},{"floor":9,"key":"Paper Frog"},{"floor":13,"key":"Dead Branch"}],"event_choices":[{"damage_healed":0,"gold_gain":75,"player_choice":"Gather Gold","damage_taken":11,"max_hp_gain":0,"max_hp_loss":0,"event_name":"World of Goop","floor":2,"gold_loss":0},{"damage_healed":0,"gold_gain":0,"player_choice":"Rummage","damage_taken":0,"relics_obtained":["WarpedTongs"],"max_hp_gain":0,"max_hp_loss":0,"event_name":"Accursed Blacksmith","floor":5,"gold_loss":0,"cards_obtained":["Pain"]}],"is_beta":false,"boss_relics":[],"items_purged_floors":[],"is_endless":false,"potions_floor_spawned":[1,8,11,12,13,14],"killed_by":"The Guardian","ascension_level":13}}