{"host":"0c61l48zxvai1g68","time":1609577894,"event":{"mods":["2.2 Compatiblity","Act Like it!","Arknights The Spire","BaseMod","Challenge The Spire","Hallownest","HololiveMod","KinomotoSakuraMod(木之本樱)","KomeijiMod","Luminous","Minty Spire (QoL Compilation)","MostiFishMod","Prisma Mod","Quick Restart","Replay The Spire","RumiaBox-露米娅的神秘盒子","StSLib","The Alterego","The Animator","UnlockEverythingMod","Waifu the Spire","WarShipGirlsR/战舰少女R mod","Yakumo Yukari mod","【功能Mod】混沌之环修复补丁","【遗物卡牌】REMEMod"],"gold_per_floor":[109,127,144,51,137,171,171],"floor_reached":6,"playtime":411,"items_purged":[],"score":46,"play_id":"61db7b92-21c2-490a-a395-adc7c3e94314","local_time":"20210102165814","is_ascension_mode":false,"campfire_choices":[],"circlet_count":0,"master_deck":["ats:Strike C","ats:Strike G","ats:Strike S","ats:Strike V","ats:Armor Crushing Shot","ats:Defend","ats:Defend","ats:Defend","ats:Defend","ats:Emotion Absorption","ats:True Silver Slash","ats:Apocalypse","ats:Revitalization","ats:Hammer On","ats:Assault Order","ats:Apocalypse","ReplayTheSpireMod:Splinters","ats:Dogmatic Field","ats:Sunburst","ats:Poison Spread"],"relics":["ats:Sanity","DaveBox","REME_ComplimentaryCards","NeowsBlessing","BionicSphere","SynthV:TestCard","AddBug","SecretRecord"],"acts_visited":["Exordium"],"potions_floor_usage":[],"damage_taken":[{"damage":12,"enemies":"Small Slimes","floor":1,"turns":3},{"damage":0,"enemies":"2 Louse","floor":2,"turns":1},{"damage":0,"enemies":"Cultist","floor":3,"turns":1},{"damage":49,"enemies":"Lagavulin","floor":6,"turns":10}],"seed_played":"5680003053732222166","potions_obtained":[{"floor":2,"key":"SpeedPotion"},{"floor":6,"key":"Strength Potion"}],"is_trial":false,"path_per_floor":["M","M","M","$","?","E"],"character_chosen":"DOCTOR_CLASS","items_purchased":["ats:Assault Order","ats:Apocalypse"],"campfire_rested":0,"item_purchase_floors":[4,4],"current_hp_per_floor":[60,60,60,60,60,41,41],"gold":171,"neow_bonus":"THREE_ENEMY_KILL","is_daily":false,"chose_seed":false,"campfire_upgraded":0,"win_rate":0.0,"timestamp":1609577894,"path_taken":["M","M","M","$","?","E"],"items_purchased_type":["Card","Card"],"build_version":"2020-12-22","purchased_purges":0,"victory":false,"max_hp_per_floor":[72,72,72,72,72,72,72],"card_choices":[{"not_picked":["ats:Explosion Area Strengthen","ats:Consecutive Shot Auto"],"picked":"ats:Apocalypse","floor":1},{"not_picked":["ats:Leaping Hammer","ats:Closed Bolt Burst Fire","ats:Childhood Dance","ats:Charging Defense"],"picked":"ats:Revitalization","floor":2},{"not_picked":["ats:Curse Doll","ats:Cat Scratch","ats:Flexible Camouflage","ats:Consecutive Shot Auto"],"picked":"ats:Hammer On","floor":3},{"not_picked":["ats:Steam Pump","ats:Poison Spread","ats:Closed Bolt Burst Fire","ats:Leaping Hammer"],"picked":"ats:Dogmatic Field","floor":5},{"not_picked":["ats:Curse Doll","ats:Shadow Raid","ats:Counter Healing Mode","ats:Powerful Strike"],"picked":"ats:Sunburst","floor":5},{"not_picked":["ats:Shell Defense","ats:Revitalization","ats:Assault Order","ats:Healing Strengthening"],"picked":"ats:Poison Spread","floor":5}],"player_experience":131163,"relics_obtained":[{"floor":1,"key":"SynthV:TestCard"},{"floor":1,"key":"AddBug"},{"floor":6,"key":"ats:Originium"},{"floor":6,"key":"SynthV:C4"}],"event_choices":[],"is_beta":false,"boss_relics":[],"items_purged_floors":[],"is_endless":false,"potions_floor_spawned":[2,6],"killed_by":"Lagavulin","ascension_level":0}}