{"host":"nvwxkcurnqq848ao","time":1609558751,"event":{"mods":["BaseMod","Block Reminder","Downfall","Infinite Spire","Minty Spire (QoL Compilation)","Relic Sorter","Replay The Spire","StSLib"],"gold_per_floor":[99,114,132,142,317,333,380,400,415,427,1,1,37,45,45,45],"floor_reached":14,"playtime":1537,"items_purged":[],"score":86,"play_id":"fe3b9cb6-5db1-47c4-b421-7d6aa2f52eeb","local_time":"20210101213911","is_ascension_mode":false,"campfire_choices":[{"floor":12,"key":"REST"}],"circlet_count":0,"master_deck":["champ:Strike","champ:Strike","champ:Strike+1","champ:Defend","champ:Defend","champ:Defend","champ:Defend","champ:Execute","champ:Taunt","Looming Evil","Chrysalis","champ:EnGarde","champ:BerserkerStyle","champ:Control","Doubt","champ:EnchantCrown","champ:BerserkerStyle","champ:Balance","expansioncontent:Corrupt"],"relics":["champ:ChampionCrown","Gremlin Food","infinitespire:Midas Blood"],"acts_visited":["Exordium"],"potions_floor_usage":[9,11,11],"damage_taken":[{"damage":24,"enemies":"Cultist","floor":2,"turns":5},{"damage":23,"enemies":"Small Slimes","floor":3,"turns":5},{"damage":27,"enemies":"infinitespire:Voidling","floor":4,"turns":6},{"damage":12,"enemies":"Blue Slaver","floor":6,"turns":5},{"damage":13,"enemies":"2 Fungi Beasts","floor":8,"turns":4},{"damage":19,"enemies":"Exordium Wildlife","floor":9,"turns":6},{"damage":37,"enemies":"Red Slaver","floor":10,"turns":5},{"damage":27,"enemies":"downfall:FleeingMerchant","floor":11,"turns":4},{"damage":46,"enemies":"Gremlin Gang","floor":13,"turns":6},{"damage":26,"enemies":"3 Sentries","floor":14,"turns":6}],"seed_played":"8121590673742163792","potions_obtained":[{"floor":8,"key":"BlessingOfTheForge"},{"floor":9,"key":"AttackPotion"},{"floor":10,"key":"sneckomod:MuddlingPotion"}],"is_trial":false,"path_per_floor":["R","M","M","M","?","M","T","M","M","M","$","R","M","E"],"character_chosen":"THE_CHAMP","items_purchased":["expansioncontent:Corrupt","infinitespire:Midas Blood"],"campfire_rested":1,"item_purchase_floors":[11,11],"current_hp_per_floor":[90,81,72,68,68,61,61,53,41,28,21,48,26,0,0,0],"gold":45,"neow_bonus":"RANDOM_COLORLESS_2","is_daily":false,"chose_seed":false,"campfire_upgraded":0,"win_rate":0.0,"timestamp":1609558751,"path_taken":["R","M","M","M","?","M","T","M","M","M","$","R","M","E"],"items_purchased_type":["Card","Relic"],"build_version":"2020-12-22","purchased_purges":0,"victory":false,"max_hp_per_floor":[90,90,90,90,90,90,90,90,90,90,90,90,90,90,90,90],"card_choices":[{"not_picked":["expansioncontent:StudyTheSpire","Sadistic Nature"],"picked":"Chrysalis","floor":0},{"not_picked":["champ:RisingSlash","champ:TornadoPunch"],"picked":"champ:BerserkerStyle","floor":2},{"not_picked":["champ:FanOfKnives","champ:GutPunch","champ:SkillfulDodge"],"picked":"SKIP","floor":3},{"not_picked":["champ:SwordSigil","champ:PerfectedStrike"],"picked":"champ:Control","floor":4},{"not_picked":["champ:StanceDance","champ:BerserkersShout","champ:GladiatorsShout"],"picked":"SKIP","floor":6},{"not_picked":["champ:CrookedStrike","champ:Encircle","champ:PerfectedStrike"],"picked":"SKIP","floor":8},{"not_picked":["champ:ArenaPreparation","champ:BladeFlurry"],"picked":"champ:EnchantCrown","floor":9},{"not_picked":["champ:EndlessRage","champ:BladeFlurry"],"picked":"champ:BerserkerStyle","floor":10},{"not_picked":["champ:IronFortress","champ:TornadoPunch"],"picked":"champ:Balance","floor":11},{"not_picked":["champ:PerfectedStrike","champ:ShieldSigil","champ:StanceDance"],"picked":"SKIP","floor":13}],"player_experience":597663,"relics_obtained":[{"floor":7,"key":"Gremlin Food"}],"event_choices":[],"is_beta":false,"boss_relics":[],"items_purged_floors":[],"is_endless":false,"potions_floor_spawned":[8,9,10],"killed_by":"3 Sentries","ascension_level":0}}