{"host":"s9mizfpm0ux1oq2e","time":1609603355,"event":{"mods":["Aspiration","BaseMod","Downfall","Minty Spire (QoL Compilation)","Permanent Neow","Replay The Spire","StSLib","SuperFastMode"],"gold_per_floor":[0,10,10,10,29,43,90,265,26,26,26,26,11,25,38,136,136,136,147,166,266,279,294,321,321,321,321],"floor_reached":26,"playtime":1162,"items_purged":["Doubt"],"score":223,"play_id":"bda9446a-3950-4ee9-9d52-92628ece9d4d","local_time":"25640102230235","is_ascension_mode":false,"campfire_choices":[{"data":"sneckomod:UnknownRareSkill","floor":1,"key":"SMITH"},{"data":"sneckomod:UnknownRareAttack","floor":12,"key":"SMITH"},{"data":"sneckomod:Cheat","floor":18,"key":"SMITH"}],"circlet_count":0,"master_deck":["sneckomod:Strike","sneckomod:Strike","sneckomod:Defend+1","sneckomod:Defend","sneckomod:Defend","sneckomod:TailWhip","sneckomod:SnekBite","sneckomod:Unknown","sneckomod:Unknown","sneckomod:WideSting","sneckomod:UnknownRareAttack+1","sneckomod:TrashToTreasure","sneckomod:MorePower","sneckomod:UnknownRareAttack+1","sneckomod:IronFang","sneckomod:UnknownClassRED+1","sneckomod:Cheat+1","sneckomod:SnekBeam","sneckomod:UnknownDexterity+1","sneckomod:Restock","sneckomod:UnknownRareAttack+1","sneckomod:QuickBite+1","sneckomod:QuickMove+1"],"relics":["sneckomod:SneckoSoul","aspiration:BabyByrd","Vajra","Pear","aspiration:IroncladSkillbook","sneckomod:LoadedDie"],"acts_visited":["Exordium","TheCity"],"potions_floor_usage":[9,20,26],"damage_taken":[{"damage":6,"enemies":"Jaw Worm","floor":2,"turns":2},{"damage":5,"enemies":"2 Louse","floor":5,"turns":2},{"damage":0,"enemies":"Small Slimes","floor":6,"turns":3},{"damage":5,"enemies":"downfall:FleeingMerchant","floor":9,"turns":4},{"damage":10,"enemies":"downfall:FleeingMerchant","floor":13,"turns":4},{"damage":16,"enemies":"Red Slaver","floor":14,"turns":3},{"damage":7,"enemies":"Blue Slaver","floor":15,"turns":3},{"damage":30,"enemies":"downfall:Silent","floor":16,"turns":10},{"damage":37,"enemies":"3 Byrds","floor":19,"turns":5},{"damage":0,"enemies":"Snake Plant","floor":20,"turns":2},{"damage":34,"enemies":"Sentry and Sphere","floor":22,"turns":6},{"damage":23,"enemies":"Centurion and Healer","floor":23,"turns":4},{"damage":29,"enemies":"3 Cultists","floor":26,"turns":4}],"seed_played":"7123784692188773675","potions_obtained":[{"floor":2,"key":"Elixir"},{"floor":6,"key":"Fire Potion"},{"floor":14,"key":"sneckomod:CheatPotion"},{"floor":15,"key":"Swift Potion"},{"floor":16,"key":"PowerPotion"},{"floor":22,"key":"PowerPotion"},{"floor":23,"key":"Cursed Concoction"}],"is_trial":false,"path_per_floor":["R","M","?","?","M","M","T","?","$","T","?","R","$","M","M","B",null,"R","M","M","?","M","M","T","?","M"],"character_chosen":"THE_SNECKO","items_purchased":["sneckomod:UnknownRareAttack"],"campfire_rested":0,"item_purchase_floors":[9],"current_hp_per_floor":[91,85,85,86,85,85,85,85,83,93,93,93,84,68,74,44,109,109,77,81,81,51,32,32,24,0,0],"gold":321,"neow_bonus":"THREE_RARE_CARDS","is_daily":false,"chose_seed":false,"campfire_upgraded":3,"win_rate":0.0,"timestamp":1609603355,"path_taken":["R","M","?","?","M","M","T","?","$","?","?","R","$","?","M","BOSS","R","M","M","?","M","?","T","?","M"],"items_purchased_type":["Card"],"build_version":"2020-12-22","purchased_purges":1,"victory":false,"max_hp_per_floor":[91,91,91,92,96,96,96,96,97,107,107,107,108,108,109,109,109,109,110,110,110,110,110,110,110,110,110],"card_choices":[{"not_picked":["sneckomod:MorePower","sneckomod:UnknownRareAttack"],"picked":"sneckomod:UnknownRareSkill","floor":0},{"not_picked":["sneckomod:SoulRoll","sneckomod:UnknownX"],"picked":"sneckomod:WideSting","floor":2},{"not_picked":["sneckomod:Unknown0Cost","sneckomod:QuickBite"],"picked":"sneckomod:TrashToTreasure","floor":5},{"not_picked":["sneckomod:ImprovisedAttack","sneckomod:WideSting","sneckomod:UnknownUncommonSkill"],"picked":"SKIP","floor":6},{"not_picked":["sneckomod:DiceBlock","sneckomod:SlitherStrike"],"picked":"sneckomod:MorePower","floor":9},{"not_picked":["sneckomod:Unknown1Cost+1","sneckomod:UnknownX+1"],"picked":"sneckomod:UnknownClassRED+1","floor":13},{"not_picked":["sneckomod:UnknownStrike","sneckomod:ImprovisedGuard"],"picked":"sneckomod:Cheat","floor":13},{"not_picked":["sneckomod:ImprovisedGuard","sneckomod:UnknownStrike"],"picked":"sneckomod:SnekBeam","floor":14},{"not_picked":["sneckomod:UnknownX+1","sneckomod:UnknownUncommonAttack+1","sneckomod:UnknownUncommonSkill+1"],"picked":"SKIP","floor":14},{"not_picked":["sneckomod:UnknownCommonAttack+1","sneckomod:UnknownClassGREEN+1"],"picked":"sneckomod:UnknownDexterity+1","floor":15},{"not_picked":["sneckomod:UnknownUncommonAttack","sneckomod:Unknown0Cost","sneckomod:UnknownUncommonSkill"],"picked":"SKIP","floor":15},{"not_picked":["sneckomod:Mudshield","sneckomod:Cheat"],"picked":"sneckomod:Restock","floor":16},{"not_picked":["sneckomod:UnknownX+1","sneckomod:UnknownUncommonSkill+1","sneckomod:UnknownVulnerable+1"],"picked":"sneckomod:UnknownRareAttack+1","floor":19},{"not_picked":["Flex+1","sneckomod:UnknownWeak","Intimidate","Sever Soul"],"picked":"SKIP","floor":19},{"not_picked":["Rage","Abandon+1","Anger","Perfected Strike+1"],"picked":"SKIP","floor":20},{"not_picked":["Wild Strike+1","sneckomod:IronFang","sneckomod:UnknownCommonSkill+1"],"picked":"sneckomod:QuickBite+1","floor":22},{"not_picked":["sneckomod:Rotation","sneckomod:UnknownClassPURPLE","Offering"],"picked":"sneckomod:QuickMove+1","floor":23}],"player_experience":163893,"relics_obtained":[{"floor":7,"key":"Vajra"},{"floor":10,"key":"Pear"},{"floor":24,"key":"sneckomod:LoadedDie"}],"event_choices":[],"is_beta":false,"boss_relics":[{"not_picked":["aspiration:FutureDiary","aspiration:SilentSkillbook"],"picked":"aspiration:IroncladSkillbook"}],"items_purged_floors":[9],"is_endless":false,"potions_floor_spawned":[2,6,14,15,16,19,22,23],"killed_by":"3 Cultists","ascension_level":0}}