{"host":"sgwqwgbtco1nn2mb","time":1609621580,"event":{"mods":["ATMod(°¢èªMod)","BaseMod","KinomotoSakuraMod(Ä¾Ö®±¾Ó£)","Marisa£¨ìFÓê¡¡Ä§ÀíÉ³£©","Minty Spire (QoL Compilation)","MostiFishMod","Quick Restart","Replay The Spire","RumiaBox-Â¶Ã×æ«µÄÉñÃØºÐ×Ó","StSLib","vexMod","¡¾¹¦ÄÜMod¡¿»ìãçÖ®»·ÐÞ¸´²¹¶¡","¡¾ÒÅÎï¿¨ÅÆ¡¿REMEMod"],"gold_per_floor":[110,127,143,163,180,209,209,242,242,242,272,283,283,98,98,199,199,214,230,240,254,269,269,281,281,335,361,372,401,414,434,434,529,529,543,563,574,588,600,626,645,677,725,725,739,755,39,61,36,52,52,52,52,97,155],"floor_reached":56,"playtime":1656,"items_purged":[],"score":2079,"play_id":"7819a45d-9eed-4d97-a6c4-0b7f2daa17b6","local_time":"20210103050620","is_ascension_mode":true,"campfire_choices":[{"data":"ClowCardTheLock","floor":7,"key":"SMITH"},{"data":"ClowCardTheShot","floor":10,"key":"SMITH"},{"data":"ClowCardTheJump","floor":13,"key":"SMITH"},{"data":"MostiFishMod:Mottled","floor":15,"key":"SMITH"},{"data":"ClowCardTheEarthy","floor":23,"key":"SMITH"},{"data":"MostiFishMod:Mottled+1","floor":32,"key":"SMITH"},{"floor":44,"key":"RECALL"},{"data":"ClowCardTheLight","floor":52,"key":"SMITH"}],"circlet_count":0,"master_deck":["SakuraCardTheSong+","SakuraCardTheArrow+","SakuraCardTheShot+","ClowCardTheSword","ClowCardTheSword","ClowCardTheSword","ClowCardTheSword","ClowCardTheShield","ClowCardTheShield","ClowCardTheShield","ClowCardTheShield","SpellCardSeal","SpellCardRelease","AT_Desolate","ClowCardTheEarthy+1","ClowCardTheSand","ClowCardTheLock+1","ClowCardTheFirey","ClowCardTheJump+1","ClowCardTheDark","MostiFishMod:Mottled+2","ClowCardTheFight","ClowCardTheVoice","ClowCardTheSweet+1","ClowCardTheMaze","ClowCardTheLight+1","ClowCardTheSilent","ClowCardTheChange+1","ClowCardTheMove+1","ClowCardTheLibra","ClowCardTheMist","ClowCardTheRain+1","ClowCardTheErase","ClowCardTheFreeze","ClowCardTheLittle","ClowCardTheWatery+1"],"relics":["KSMOD_SealedBook","KSMOD_SealedWand","DaveBox","AT_ATBox","REME_ComplimentaryCards","Civilization","NeowsBlessing","Bottled Lightning","AT_ChloranthyRing","Mirror","Dream Catcher","Busted Crown","SSSystem","Orichalcum","ReplayTheSpireMod:TigerMarble","ExusiaiGun","Torii","Replay:WaspNest","vexMod:InvisibilityCloak","Replay:Bandana","REME_OnlineShoppingPlatform","REME_HourglassOfDeath","Lantern"],"acts_visited":["Exordium","TheCity","TheBeyond","TheEnding"],"potions_floor_usage":[],"damage_taken":[{"damage":0,"enemies":"Jaw Worm","floor":1,"turns":1},{"damage":0,"enemies":"Cultist","floor":2,"turns":1},{"damage":0,"enemies":"Small Slimes","floor":3,"turns":1},{"damage":0,"enemies":"3 Louse","floor":4,"turns":2},{"damage":0,"enemies":"Large Slime","floor":5,"turns":2},{"damage":0,"enemies":"Lagavulin","floor":6,"turns":2},{"damage":0,"enemies":"Gremlin Nob","floor":8,"turns":2},{"damage":0,"enemies":"3 Sentries","floor":11,"turns":6},{"damage":0,"enemies":"Exordium Wildlife","floor":12,"turns":2},{"damage":12,"enemies":"Fading Forest","floor":16,"turns":9},{"damage":0,"enemies":"2 Thieves","floor":18,"turns":1},{"damage":0,"enemies":"Chosen","floor":19,"turns":2},{"damage":0,"enemies":"Snake Plant","floor":20,"turns":1},{"damage":0,"enemies":"Snecko","floor":21,"turns":1},{"damage":0,"enemies":"Centurion and Healer","floor":22,"turns":3},{"damage":0,"enemies":"Snake Plant","floor":24,"turns":1},{"damage":0,"enemies":"REME_1_Revenger","floor":27,"turns":1},{"damage":0,"enemies":"Snecko","floor":28,"turns":1},{"damage":0,"enemies":"Gremlin Leader","floor":29,"turns":1},{"damage":0,"enemies":"Centurion and Healer","floor":30,"turns":1},{"damage":0,"enemies":"Snake Plant","floor":31,"turns":1},{"damage":0,"enemies":"Automaton","floor":33,"turns":2},{"damage":0,"enemies":"3 Darklings","floor":35,"turns":1},{"damage":4,"enemies":"3 Shapes","floor":36,"turns":1},{"damage":0,"enemies":"Transient","floor":37,"turns":1},{"damage":0,"enemies":"Maw","floor":38,"turns":1},{"damage":0,"enemies":"Sphere and 2 Shapes","floor":39,"turns":1},{"damage":0,"enemies":"Nemesis","floor":40,"turns":1},{"damage":0,"enemies":"Jaw Worm Horde","floor":41,"turns":1},{"damage":0,"enemies":"Reptomancer","floor":42,"turns":1},{"damage":4,"enemies":"4 Shapes","floor":45,"turns":1},{"damage":0,"enemies":"Transient","floor":46,"turns":3},{"damage":0,"enemies":"Writhing Mass","floor":48,"turns":1},{"damage":0,"enemies":"Donu and Deca","floor":50,"turns":1},{"damage":0,"enemies":"Shield and Spear","floor":54,"turns":2},{"damage":51,"enemies":"The Heart","floor":55,"turns":3}],"seed_played":"6534172676370348159","potions_obtained":[{"floor":2,"key":"Doom Potion"},{"floor":4,"key":"Strength Potion"},{"floor":6,"key":"Energy Potion"},{"floor":18,"key":"PowerPotion"}],"is_trial":false,"path_per_floor":["M","M","M","M","M","E","R","E","T","R","E","M","R","$","R","B",null,"M","M","M","M","M","R","M","?","T","E","M","E","M","M","R","B",null,"M","M","M","M","M","E","M","E","T","R","M","M","$","M","R","B",null,"R","$","E","B",null],"character_chosen":"KINOMOTOSAKURA","items_purchased":["MostiFishMod:Mottled","ClowCardTheErase","ClowCardTheFreeze","ClowCardTheLittle","vexMod:InvisibilityCloak","Replay:Bandana","REME_OnlineShoppingPlatform"],"campfire_rested":0,"item_purchase_floors":[14,47,47,47,47,47,47],"current_hp_per_floor":[71,73,77,84,93,103,103,114,114,114,128,144,144,144,144,157,163,186,210,235,261,289,289,318,318,318,348,379,413,449,486,486,526,528,574,619,669,720,774,829,887,948,948,948,1009,1075,1075,1142,1142,1211,1217,1217,1217,1288,1309],"gold":155,"neow_bonus":"THREE_ENEMY_KILL","is_daily":false,"chose_seed":false,"campfire_upgraded":7,"win_rate":0.0,"timestamp":1609621580,"path_taken":["M","M","M","M","M","E","R","E","T","R","E","M","R","$","R","BOSS","M","M","M","M","M","R","M","?","T","E","M","E","M","M","R","BOSS","M","M","M","M","M","E","M","E","T","R","M","M","?","M","R","BOSS","R","$","E","BOSS"],"items_purchased_type":["Card","Card","Card","Card","Relic","Relic","Relic"],"build_version":"2020-12-22","purchased_purges":0,"victory":true,"max_hp_per_floor":[71,73,77,84,93,103,103,114,114,114,128,144,144,144,144,165,165,188,212,237,263,291,291,320,320,320,350,381,415,451,488,488,528,528,574,623,673,724,778,833,891,952,952,952,1017,1083,1083,1150,1150,1219,1219,1219,1219,1290,1362],"card_choices":[{"not_picked":["ClowCardTheVoice","ClowCardTheSilent"],"picked":"ClowCardTheEarthy","floor":1},{"not_picked":["ClowCardTheMaze","ClowCardTheChange"],"picked":"ClowCardTheSand","floor":2},{"not_picked":["ClowCardTheLittle","ClowCardTheSand"],"picked":"ClowCardTheArrow","floor":3},{"not_picked":["ClowCardTheFirey","ClowCardTheDream"],"picked":"ClowCardTheShot","floor":4},{"not_picked":["ClowCardTheIllusion","ClowCardTheLittle"],"picked":"ClowCardTheLock","floor":5},{"not_picked":["ClowCardTheMaze","ClowCardTheLoop","ClowCardTheLibra"],"picked":"SKIP","floor":6},{"not_picked":["ClowCardTheSong","ClowCardTheFly"],"picked":"ClowCardTheFirey","floor":8},{"not_picked":["ClowCardThePower","ClowCardTheShot"],"picked":"ClowCardTheJump","floor":11},{"not_picked":["ClowCardTheCloud","ClowCardTheMirror"],"picked":"ClowCardTheDark","floor":12},{"not_picked":["ClowCardTheDark","ClowCardTheTwin"],"picked":"ClowCardTheFight","floor":16},{"not_picked":["ClowCardTheSilent"],"picked":"SKIP","floor":18},{"not_picked":["ClowCardTheLock+1"],"picked":"SKIP","floor":19},{"not_picked":["ClowCardTheJump+1"],"picked":"SKIP","floor":20},{"not_picked":["ClowCardTheArrow"],"picked":"SKIP","floor":21},{"not_picked":[],"picked":"ClowCardTheSong+1","floor":22},{"not_picked":["ClowCardTheIllusion"],"picked":"SKIP","floor":24},{"not_picked":["ClowCardTheMist"],"picked":"SKIP","floor":27},{"not_picked":[],"picked":"ClowCardTheVoice","floor":28},{"not_picked":["ClowCardTheSong+1"],"picked":"SKIP","floor":29},{"not_picked":[],"picked":"ClowCardTheSweet+1","floor":30},{"not_picked":[],"picked":"ClowCardTheMaze","floor":31},{"not_picked":[],"picked":"ClowCardTheLight","floor":33},{"not_picked":[],"picked":"ClowCardTheSilent","floor":35},{"not_picked":[],"picked":"ClowCardTheChange+1","floor":36},{"not_picked":[],"picked":"ClowCardTheMove+1","floor":37},{"not_picked":["ClowCardTheVoice"],"picked":"SKIP","floor":38},{"not_picked":[],"picked":"ClowCardTheLibra","floor":39},{"not_picked":["ClowCardTheEarthy+1"],"picked":"SKIP","floor":40},{"not_picked":[],"picked":"ClowCardTheMist","floor":41},{"not_picked":[],"picked":"ClowCardTheRain+1","floor":42},{"not_picked":["ClowCardTheSand+1"],"picked":"SKIP","floor":45},{"not_picked":["ClowCardTheVoice+1"],"picked":"SKIP","floor":46},{"not_picked":[],"picked":"ClowCardTheWatery+1","floor":48},{"not_picked":["ClowCardTheJump"],"picked":"SKIP","floor":54}],"player_experience":471473,"relics_obtained":[{"floor":6,"key":"Bottled Lightning"},{"floor":8,"key":"AT_ChloranthyRing"},{"floor":9,"key":"Mirror"},{"floor":11,"key":"Dream Catcher"},{"floor":26,"key":"SSSystem"},{"floor":27,"key":"Orichalcum"},{"floor":29,"key":"ReplayTheSpireMod:TigerMarble"},{"floor":40,"key":"Torii"},{"floor":42,"key":"Replay:WaspNest"},{"floor":54,"key":"Lantern"}],"event_choices":[{"cards_removed":["ClowCardTheFreeze"],"damage_healed":0,"gold_gain":0,"player_choice":"Purged","damage_taken":0,"max_hp_gain":0,"max_hp_loss":0,"event_name":"Purifier","floor":25,"gold_loss":0}],"is_beta":false,"boss_relics":[{"not_picked":["Abe\u0027s Treasure","Replay:Drink Me"],"picked":"Busted Crown"},{"not_picked":["Velvet Choker","vexMod:CursedCompass"],"picked":"ExusiaiGun"}],"items_purged_floors":[],"is_endless":false,"potions_floor_spawned":[2,4,6,11,18,24,27,29,30,33,36,37,41,42,48],"ascension_level":5}}