{"host":"qfskrnw3pl1q86j0","time":1609630849,"event":{"mods":["BaseMod","Block Reminder","Hermit","Marisa????????","Minty Spire (QoL Compilation)","Quick Restart","Random Character Button","Relic Stats","StSLib","The Poker Player","slay the spire mod where everything is the same but ironclad has a cowboy hat"],"gold_per_floor":[115,40,40,40,51,51,6,41,120,120,44,69,69,103,103,207,207,217,227,227,239,96,108,108,126,152,152,167,167,167,180,180,277,277,294,311,331,343,359,359,373,373,373,392,412,412,429,448,448,448],"floor_reached":51,"playtime":1933,"items_purged":["Strike_R"],"score":673,"play_id":"549078a4-abdc-4275-bd96-7bef565cf37a","local_time":"20210103004049","is_ascension_mode":false,"campfire_choices":[{"data":"Bash","floor":6.0,"key":"SMITH"},{"data":"Clothesline","floor":10.0,"key":"SMITH"},{"data":"Inflame","floor":13,"key":"SMITH"},{"data":"Twin Strike","floor":15,"key":"SMITH"},{"data":"Limit Break","floor":24,"key":"SMITH"},{"data":"Barricade","floor":27,"key":"SMITH"},{"data":"Shrug It Off","floor":29,"key":"SMITH"},{"data":"Shrug It Off","floor":32,"key":"SMITH"},{"data":"Clash","floor":40,"key":"SMITH"},{"data":"Thunderclap","floor":42,"key":"SMITH"},{"data":"Body Slam","floor":46,"key":"SMITH"},{"data":"Defend_R","floor":49,"key":"SMITH"}],"circlet_count":0,"master_deck":["Strike_R","Strike_R","Strike_R","Defend_R","Defend_R","Defend_R","Defend_R+1","Bash+1","Twin Strike+1","Clash+1","Clothesline+1","Inflame+1","Shrug It Off+1","Shrug It Off+1","Barricade+1","Thunderclap+1","Heavy Blade+1","Limit Break+1","Sword Boomerang+1","Shame","Shrug It Off+1","Pommel Strike+1","Sword Boomerang+1","Body Slam+1"],"relics":["Burning Blood","Letter Opener","Oddly Smooth Stone","Gremlin Horn","Meat on the Bone","Paper Frog","Cursed Key","MealTicket","Sozu"],"acts_visited":["Exordium","TheCity","TheBeyond"],"potions_floor_usage":[14,25,28,36],"damage_taken":[{"damage":1.0,"enemies":"2 Louse","floor":1.0,"turns":3.0},{"damage":1.0,"enemies":"Jaw Worm","floor":5.0,"turns":5.0},{"damage":25.0,"enemies":"Gremlin Nob","floor":8.0,"turns":4.0},{"damage":19,"enemies":"Lagavulin","floor":12,"turns":6},{"damage":17,"enemies":"3 Sentries","floor":14,"turns":7},{"damage":40,"enemies":"Hexaghost","floor":16,"turns":11},{"damage":0,"enemies":"3 Byrds","floor":18,"turns":6},{"damage":7,"enemies":"Shell Parasite","floor":19,"turns":3},{"damage":18,"enemies":"3 Cultists","floor":21,"turns":6},{"damage":20,"enemies":"Centurion and Healer","floor":23,"turns":6},{"damage":14,"enemies":"Snake Plant","floor":25,"turns":5},{"damage":0,"enemies":"Cultist and Chosen","floor":28,"turns":4},{"damage":0,"enemies":"Snecko","floor":31,"turns":5},{"damage":17,"enemies":"Champ","floor":33,"turns":9},{"damage":1,"enemies":"3 Shapes","floor":35,"turns":6},{"damage":1,"enemies":"Orb Walker","floor":36,"turns":4},{"damage":4,"enemies":"Jaw Worm Horde","floor":37,"turns":3},{"damage":2,"enemies":"Transient","floor":38,"turns":5},{"damage":24,"enemies":"Spire Growth","floor":39,"turns":3},{"damage":0,"enemies":"Maw","floor":41,"turns":5},{"damage":0,"enemies":"3 Darklings","floor":44,"turns":2},{"damage":0,"enemies":"Transient","floor":45,"turns":5},{"damage":0,"enemies":"Sphere and 2 Shapes","floor":47,"turns":5},{"damage":11,"enemies":"3 Darklings","floor":48,"turns":4},{"damage":60,"enemies":"Awakened One","floor":50,"turns":11}],"seed_played":"7995230563735263079","potions_obtained":[{"floor":1.0,"key":"BloodPotion"},{"floor":12,"key":"Dexterity Potion"},{"floor":21,"key":"Weak Potion"},{"floor":25,"key":"AttackPotion"},{"floor":28,"key":"ColorlessPotion"}],"is_trial":false,"path_per_floor":["M","$","?","?","M","R","$","E","T","R","$","E","R","E","R","B",null,"M","M","?","M","$","M","R","M","T","R","M","R","T","M","R","B",null,"M","M","M","M","M","R","M","R","T","M","M","R","M","M","R","B",null],"character_chosen":"IRONCLAD","items_purchased":["Clash","Inflame","Limit Break"],"campfire_rested":0,"item_purchase_floors":[7,11,22],"current_hp_per_floor":[61,61,54,54,59,59,59,40,40,40,56,43,43,44,44,22,80,80,79,79,67,67,53,53,57,57,57,63,63,63,69,69,58,80,80,80,80,80,62,62,68,68,68,74,80,80,80,75,75,33],"gold":448,"neow_bonus":"THREE_RARE_CARDS","is_daily":false,"chose_seed":false,"campfire_upgraded":12,"win_rate":0.0,"timestamp":1609630849,"path_taken":["M","$","?","?","?","R","$","E","T","R","?","E","R","E","R","BOSS","M","?","?","M","$","M","R","M","T","R","M","R","?","M","R","BOSS","M","M","M","M","M","R","M","R","T","M","M","R","M","M","R","BOSS"],"items_purchased_type":["Card","Card","Card"],"build_version":"2020-12-22","purchased_purges":1,"victory":true,"max_hp_per_floor":[80,80,80,80,80,80,80,80,80,80,80,80,80,80,80,80,80,80,80,80,80,80,80,80,80,80,80,80,80,80,80,80,80,80,80,80,80,80,80,80,80,80,80,80,80,80,80,80,80,80],"relic_stats":{"Sozu":4,"Gremlin Horn":[22,22],"counters":[25,133],"MealTicket":0,"Letter Opener":[87],"Cursed Key":1,"obtain_stats":[{"Sozu":34,"Gremlin Horn":9,"Oddly Smooth Stone":8,"MealTicket":26,"Letter Opener":4,"Cursed Key":17,"Burning Blood":0,"Meat on the Bone":12,"Paper Frog":14},{"Sozu":14,"Gremlin Horn":3,"Oddly Smooth Stone":3,"MealTicket":11,"Letter Opener":1,"Cursed Key":6,"Burning Blood":0,"Meat on the Bone":4,"Paper Frog":5},{"Sozu":80,"Gremlin Horn":12,"Oddly Smooth Stone":12,"MealTicket":62,"Letter Opener":3,"Cursed Key":36,"Burning Blood":0,"Meat on the Bone":18,"Paper Frog":25}],"Burning Blood":122,"Meat on the Bone":48},"card_choices":[{"not_picked":["Exhume","Corruption"],"picked":"Double Tap","floor":0.0},{"not_picked":["Dropkick","Heavy Blade","Pummel"],"picked":"SKIP","floor":1.0},{"not_picked":["Heavy Blade","Havoc"],"picked":"Twin Strike","floor":5.0},{"not_picked":["Reckless Charge","Power Through"],"picked":"Clothesline","floor":8.0},{"not_picked":["Wild Strike","Reckless Charge"],"picked":"Shrug It Off","floor":12},{"not_picked":["Metallicize","Combust"],"picked":"Shrug It Off","floor":14},{"not_picked":["Reaper","Exhume"],"picked":"Barricade","floor":16},{"not_picked":["Rupture","Blood for Blood"],"picked":"Thunderclap","floor":18},{"not_picked":["Seeing Red+1","Anger","Warcry+1"],"picked":"SKIP","floor":19},{"not_picked":["Iron Wave","Seeing Red"],"picked":"Heavy Blade+1","floor":21},{"not_picked":["Clash","Cleave"],"picked":"Sword Boomerang+1","floor":23},{"not_picked":["Havoc","Armaments+1","Perfected Strike+1"],"picked":"SKIP","floor":25},{"not_picked":["Sever Soul","Twin Strike"],"picked":"Shrug It Off+1","floor":28},{"not_picked":["Burning Pact+1","Uppercut","Second Wind+1"],"picked":"SKIP","floor":31},{"not_picked":["Intimidate","Havoc+1","Cleave"],"picked":"SKIP","floor":35},{"not_picked":["Twin Strike","Shrug It Off"],"picked":"Pommel Strike+1","floor":36},{"not_picked":["Clothesline+1","Anger","Thunderclap"],"picked":"SKIP","floor":37},{"not_picked":["Perfected Strike+1","Armaments","Fire Breathing"],"picked":"SKIP","floor":38},{"not_picked":["Thunderclap","Spot Weakness"],"picked":"Sword Boomerang+1","floor":39},{"not_picked":["Pommel Strike","Rupture","Anger+1"],"picked":"SKIP","floor":41},{"not_picked":["Flex+1","Feed","Wild Strike+1"],"picked":"SKIP","floor":44},{"not_picked":["Spot Weakness","Sword Boomerang+1"],"picked":"Body Slam","floor":45},{"not_picked":["Headbutt+1","Body Slam","Iron Wave+1"],"picked":"SKIP","floor":47},{"not_picked":["Hemokinesis","Intimidate+1","Body Slam"],"picked":"SKIP","floor":48}],"player_experience":907981,"relics_obtained":[{"floor":8.0,"key":"Oddly Smooth Stone"},{"floor":9.0,"key":"Gremlin Horn"},{"floor":12,"key":"Meat on the Bone"},{"floor":14,"key":"Paper Frog"},{"floor":26,"key":"MealTicket"}],"event_choices":[{"cards_removed":["Strike_R"],"damage_healed":0.0,"max_hp_gain":0.0,"max_hp_loss":0.0,"gold_gain":0.0,"event_name":"Golden Wing","player_choice":"Card Removal","floor":3.0,"gold_loss":0.0,"damage_taken":7.0},{"cards_removed":["Double Tap"],"damage_healed":0.0,"max_hp_gain":0.0,"max_hp_loss":0.0,"gold_gain":0.0,"event_name":"WeMeetAgain","player_choice":"Gave Card","floor":4.0,"gold_loss":0.0,"damage_taken":0.0,"relics_obtained":["Letter Opener"]},{"damage_healed":0,"gold_gain":0,"player_choice":"Ignored","damage_taken":0,"max_hp_gain":0,"max_hp_loss":0,"event_name":"Ghosts","floor":20,"gold_loss":0}],"is_beta":false,"boss_relics":[{"not_picked":["Runic Cube","Tiny House"],"picked":"Cursed Key"},{"not_picked":["Coffee Dripper","Snecko Eye"],"picked":"Sozu"}],"items_purged_floors":[2],"is_endless":false,"potions_floor_spawned":[1,12,21,25,28,35,39,47,48],"ascension_level":0}}