{"host":"v4tuy5ykrbdcm9o9","time":1609611091,"event":{"mods":["BaseMod","Duelist Mod","Minty Spire (QoL Compilation)","Replay The Spire","StSLib"],"gold_per_floor":[115,80,93,72,82,108,108,142,142,172,172,189,203,235,235,235,235],"floor_reached":16,"playtime":1513,"items_purged":[],"score":163,"play_id":"d66e70a0-95f0-43e6-a4b4-3b47a3d8c834","local_time":"20210102131131","is_ascension_mode":true,"campfire_choices":[{"data":"Phantasmal Killer","floor":7,"key":"SMITH"},{"floor":11,"key":"REST"},{"floor":15,"key":"REST"}],"circlet_count":0,"master_deck":["Strike_G","Strike_G","Strike_G","Strike_G","Strike_G","Defend_G","Defend_G","Defend_G","Defend_G","Defend_G","Survivor","Neutralize","Phantasmal Killer+1","Cloak And Dagger","Underhanded Strike","Poisoned Stab","Noxious Fumes","Blade Dance","Dagger Throw","Hidden Blade","All Out Attack","ReplayTheSpireMod:Necrosis"],"relics":["Ring of the Snake","Replay:Mystery Machine","Pear","Matryoshka","Potion Belt","Happy Flower"],"acts_visited":["Exordium"],"potions_floor_usage":[6,6,16],"damage_taken":[{"damage":1,"enemies":"2 Louse","floor":1,"turns":3},{"damage":1,"enemies":"Small Slimes","floor":3,"turns":4},{"damage":0,"enemies":"Jaw Worm","floor":5,"turns":3},{"damage":1,"enemies":"Gremlin Nob","floor":6,"turns":5},{"damage":18,"enemies":"3 Sentries","floor":8,"turns":11},{"damage":13,"enemies":"Replay:BlueRogue","floor":10,"turns":6},{"damage":5,"enemies":"Exordium Thugs","floor":12,"turns":5},{"damage":20,"enemies":"Large Slime","floor":13,"turns":4},{"damage":22,"enemies":"3 Sentries","floor":14,"turns":5},{"damage":41,"enemies":"Hexaghost","floor":16,"turns":10}],"seed_played":"6200169052690676845","potions_obtained":[{"floor":1,"key":"PowerPotion"},{"floor":3,"key":"Reflective Coating"},{"floor":14,"key":"SteroidPotion"}],"is_trial":false,"path_per_floor":["M","?","M","?","M","E","R","E","T","E","R","M","M","E","R","B"],"character_chosen":"THE_SILENT","items_purchased":[],"campfire_rested":2,"item_purchase_floors":[],"current_hp_per_floor":[48,65,64,64,64,63,63,55,55,42,66,61,41,19,43,2,2],"gold":235,"neow_bonus":"THREE_RARE_CARDS","is_daily":false,"chose_seed":false,"campfire_upgraded":1,"win_rate":0.0,"timestamp":1609611091,"path_taken":["M","?","M","?","M","E","R","E","T","E","R","M","M","E","R","BOSS"],"items_purchased_type":[],"build_version":"2020-12-22","purchased_purges":0,"victory":false,"max_hp_per_floor":[70,70,70,70,70,70,70,80,80,80,80,80,80,80,80,80,80],"card_choices":[{"not_picked":["Wraith Form v2","Night Terror"],"picked":"Phantasmal Killer","floor":0},{"not_picked":["Slice","Reflex"],"picked":"Cloak And Dagger","floor":1},{"not_picked":["Cloak And Dagger","Sucker Punch"],"picked":"Underhanded Strike","floor":3},{"not_picked":["Riddle With Holes","Reflex"],"picked":"Poisoned Stab","floor":5},{"not_picked":["Deadly Poison","Reflex"],"picked":"Noxious Fumes","floor":6},{"not_picked":["Poisoned Stab","A Thousand Cuts"],"picked":"Blade Dance","floor":8},{"not_picked":["Deflect","Outmaneuver"],"picked":"Dagger Throw","floor":10},{"not_picked":["Deflect","Wraith Form v2"],"picked":"Hidden Blade","floor":12},{"not_picked":["Poisoned Stab","ReplayTheSpireMod:Exploit Weakness"],"picked":"All Out Attack","floor":13},{"not_picked":["ReplayTheSpireMod:Tripwire","Prepared"],"picked":"ReplayTheSpireMod:Necrosis","floor":14}],"player_experience":533625,"relics_obtained":[{"floor":6,"key":"Replay:Mystery Machine"},{"floor":8,"key":"Pear"},{"floor":9,"key":"Matryoshka"},{"floor":10,"key":"Potion Belt"},{"floor":14,"key":"Happy Flower"}],"event_choices":[{"damage_healed":17,"gold_gain":0,"player_choice":"Healed","damage_taken":0,"max_hp_gain":0,"max_hp_loss":0,"event_name":"The Cleric","floor":2,"gold_loss":35},{"damage_healed":0,"gold_gain":0,"player_choice":"Left Gold","damage_taken":0,"max_hp_gain":0,"max_hp_loss":0,"event_name":"World of Goop","floor":4,"gold_loss":21}],"is_beta":false,"boss_relics":[],"items_purged_floors":[],"is_endless":false,"potions_floor_spawned":[1,3,14],"killed_by":"Hexaghost","ascension_level":5}}