{"host":"w9yruvs4bqht6bhw","time":1609549394,"event":{"mods":["BaseMod","Colored Powertips","Minty Spire (QoL Compilation)"],"gold_per_floor":[112,132,31,44,119,147,147,147,147,167,179,104,121,141,141,243,243,257,277,97,111,59,59,71,71,71,71,71,89,89,102,102,102,102],"floor_reached":33,"playtime":1062,"items_purged":["Defend_R"],"score":339,"play_id":"15e9257a-0f74-41df-aa57-33b616b294da","local_time":"20210101200314","is_ascension_mode":true,"campfire_choices":[{"data":"Heavy Blade","floor":7,"key":"SMITH"},{"data":"Wild Strike","floor":15,"key":"SMITH"},{"floor":23,"key":"REST"},{"floor":25,"key":"REST"},{"floor":27,"key":"REST"},{"data":"Rage","floor":30,"key":"SMITH"},{"floor":32,"key":"REST"}],"circlet_count":0,"master_deck":["Defend_R","Defend_R","Defend_R","Bash","Demon Form","Wild Strike+1","Iron Wave+1","Heavy Blade+1","Battle Trance","Rage+1","Cleave","Thunderclap","Shrug It Off","Disarm","Feed","Sword Boomerang+1","Wild Strike","Inflame","Flex","Ghostly Armor+1","Bite","Bite","Bite","Bite","Bite","Iron Wave","Berserk"],"relics":["Burning Blood","Darkstone Periapt","Matryoshka","Mark of Pain","Anchor","Bronze Scales","White Beast Statue"],"acts_visited":["Exordium","TheCity"],"potions_floor_usage":[11,16,16,16,29,33,33],"damage_taken":[{"damage":1,"enemies":"Cultist","floor":1,"turns":4},{"damage":7,"enemies":"Small Slimes","floor":2,"turns":3},{"damage":2,"enemies":"Jaw Worm","floor":4,"turns":3},{"damage":30,"enemies":"Gremlin Nob","floor":6,"turns":4},{"damage":18,"enemies":"3 Louse","floor":10,"turns":4},{"damage":5,"enemies":"Gremlin Gang","floor":11,"turns":6},{"damage":0,"enemies":"Lots of Slimes","floor":13,"turns":1},{"damage":2,"enemies":"2 Fungi Beasts","floor":14,"turns":3},{"damage":11,"enemies":"Hexaghost","floor":16,"turns":8},{"damage":21,"enemies":"Shell Parasite","floor":18,"turns":6},{"damage":7,"enemies":"Chosen","floor":19,"turns":4},{"damage":32,"enemies":"Sentry and Sphere","floor":21,"turns":5},{"damage":46,"enemies":"Snake Plant","floor":24,"turns":5},{"damage":7,"enemies":"Cultist and Chosen","floor":29,"turns":6},{"damage":29,"enemies":"3 Cultists","floor":31,"turns":5},{"damage":62,"enemies":"Collector","floor":33,"turns":3}],"seed_played":"-4388298086092483746","potions_obtained":[{"floor":4,"key":"SkillPotion"},{"floor":10,"key":"Ancient Potion"},{"floor":11,"key":"Dexterity Potion"},{"floor":14,"key":"Energy Potion"},{"floor":18,"key":"Explosive Potion"},{"floor":21,"key":"DuplicationPotion"},{"floor":29,"key":"GamblersBrew"},{"floor":31,"key":"AttackPotion"}],"is_trial":false,"path_per_floor":["M","M","$","M","?","E","R","?","T","M","M","$","M","M","R","B",null,"M","M","$","M","$","R","M","R","T","R","?","M","R","M","R","B"],"character_chosen":"IRONCLAD","items_purchased":["Heavy Blade","Thunderclap","Strength Potion","Anchor","Inflame","Flex"],"campfire_rested":4,"item_purchase_floors":[3,12,12,20,20,22],"current_hp_per_floor":[80,79,79,80,69,45,45,45,45,33,34,34,40,44,44,39,70,55,54,54,28,28,52,15,39,39,63,58,58,58,42,60,0,0],"gold":102,"neow_bonus":"ONE_RANDOM_RARE_CARD","is_daily":false,"chose_seed":false,"campfire_upgraded":3,"win_rate":0.0,"timestamp":1609549394,"path_taken":["M","M","$","M","?","E","R","?","T","M","M","$","M","M","R","BOSS","M","M","$","M","$","R","M","R","T","R","?","M","R","M","R","BOSS"],"items_purchased_type":["Card","Card","Potion","Relic","Card","Card"],"build_version":"2020-12-22","purchased_purges":1,"victory":false,"max_hp_per_floor":[80,80,80,80,80,80,80,80,80,80,80,80,80,80,80,80,80,80,80,80,80,80,80,83,83,83,83,58,58,58,61,61,61,61],"card_choices":[{"not_picked":["True Grit","Havoc"],"picked":"Wild Strike","floor":1},{"not_picked":["Hemokinesis","Twin Strike"],"picked":"Iron Wave","floor":2},{"not_picked":["Armaments","Clothesline"],"picked":"Battle Trance","floor":4},{"not_picked":["Clothesline","Metallicize","Havoc"],"picked":"SKIP","floor":6},{"not_picked":["Offering","Entrench"],"picked":"Rage","floor":10},{"not_picked":["Body Slam","Clothesline"],"picked":"Cleave","floor":11},{"not_picked":["Warcry","Hemokinesis"],"picked":"Shrug It Off","floor":13},{"not_picked":["Rage","Armaments"],"picked":"Disarm","floor":14},{"not_picked":["Fiend Fire","Demon Form"],"picked":"Feed","floor":16},{"not_picked":["Rupture+1","Twin Strike"],"picked":"Sword Boomerang+1","floor":18},{"not_picked":["Clothesline","Twin Strike"],"picked":"Wild Strike","floor":19},{"not_picked":["Anger","Bloodletting","Twin Strike"],"picked":"SKIP","floor":21},{"not_picked":["Twin Strike+1","Uppercut"],"picked":"Ghostly Armor+1","floor":24},{"not_picked":["Armaments","Twin Strike"],"picked":"Iron Wave","floor":29},{"not_picked":["Searing Blow+1","Twin Strike"],"picked":"Berserk","floor":31}],"player_experience":243538,"relics_obtained":[{"floor":6,"key":"Darkstone Periapt"},{"floor":9,"key":"Matryoshka"},{"floor":26,"key":"Bronze Scales"},{"floor":26,"key":"White Beast Statue"}],"event_choices":[{"damage_healed":0,"gold_gain":75,"player_choice":"Gather Gold","damage_taken":11,"max_hp_gain":0,"max_hp_loss":0,"event_name":"World of Goop","floor":5,"gold_loss":0},{"damage_healed":0,"gold_gain":0,"player_choice":"Grow","damage_taken":0,"max_hp_gain":0,"max_hp_loss":0,"event_name":"Living Wall","floor":8,"gold_loss":0,"cards_upgraded":["Iron Wave"]},{"damage_healed":0,"gold_gain":0,"player_choice":"Became a vampire","damage_taken":0,"max_hp_gain":0,"max_hp_loss":25,"event_name":"Vampires","floor":28,"gold_loss":0,"cards_obtained":["Bite","Bite","Bite","Bite","Bite"]}],"is_beta":false,"boss_relics":[{"not_picked":["Sozu","Philosopher\u0027s Stone"],"picked":"Mark of Pain"}],"items_purged_floors":[3],"is_endless":false,"potions_floor_spawned":[4,10,11,14,18,21,29,31],"killed_by":"Collector","ascension_level":5}}