{"host":"a4s27ghlnr83kbqz","time":1609579959,"event":{"mods":["AchievementEnabler","BaseMod","Colored Map","Minty Spire (QoL Compilation)","Permanent Neow","SuperFastMode"],"gold_per_floor":[116,39,56,128,128,128,143,143,193,208,208,220,233,250,250,326,326,338,338,338],"floor_reached":19,"playtime":339,"items_purged":[],"score":298,"play_id":"9380f637-eff7-442e-ba96-2880ec0b4825","local_time":"20210102173239","is_ascension_mode":true,"campfire_choices":[{"data":"Sunder","floor":6,"key":"SMITH"},{"data":"Sweeping Beam","floor":8,"key":"SMITH"},{"data":"Fusion","floor":11,"key":"SMITH"},{"data":"Streamline","floor":15,"key":"SMITH"}],"circlet_count":0,"master_deck":["AscendersBane","Strike_B","Strike_B","Strike_B","Strike_B","Defend_B","Defend_B","Defend_B","Defend_B","Zap+1","Dualcast+1","BootSequence","Sunder+1","Sweeping Beam+1","FTL","Fusion+1","Streamline+1","Coolheaded","Echo Form","Hologram"],"relics":["Cracked Core","White Beast Statue","Omamori","Calling Bell","Strawberry","Eternal Feather","Unceasing Top"],"acts_visited":["Exordium","TheCity"],"potions_floor_usage":[18,19],"damage_taken":[{"damage":1,"enemies":"Cultist","floor":1,"turns":4},{"damage":2,"enemies":"Jaw Worm","floor":3,"turns":3},{"damage":2,"enemies":"2 Louse","floor":7,"turns":3},{"damage":0,"enemies":"Red Slaver","floor":10,"turns":2},{"damage":14,"enemies":"Exordium Thugs","floor":12,"turns":4},{"damage":1,"enemies":"Looter","floor":13,"turns":2},{"damage":10,"enemies":"Exordium Wildlife","floor":14,"turns":3},{"damage":2,"enemies":"Slime Boss","floor":16,"turns":7},{"damage":22,"enemies":"Spheric Guardian","floor":18,"turns":4},{"damage":49,"enemies":"3 Byrds","floor":19,"turns":4}],"seed_played":"-6782822589359164935","potions_obtained":[{"floor":1,"key":"GamblersBrew"},{"floor":7,"key":"Weak Potion"},{"floor":12,"key":"DistilledChaos"},{"floor":18,"key":"EssenceOfDarkness"}],"is_trial":false,"path_per_floor":["M","$","M","T","?","R","M","R","T","M","R","M","M","M","R","B",null,"M","M"],"character_chosen":"DEFECT","items_purchased":["Sunder"],"campfire_rested":0,"item_purchase_floors":[2],"current_hp_per_floor":[63,63,61,61,61,61,59,59,59,59,59,45,44,34,34,32,68,46,0,0],"gold":338,"neow_bonus":"UPGRADE_CARD","is_daily":false,"chose_seed":false,"campfire_upgraded":4,"win_rate":0.0,"timestamp":1609579959,"path_taken":["M","$","?","?","?","R","M","R","T","M","R","M","M","?","R","BOSS","M","M"],"items_purchased_type":["Card"],"build_version":"2020-12-22","purchased_purges":0,"victory":false,"max_hp_per_floor":[71,71,71,71,71,71,71,71,71,71,71,71,71,71,71,71,78,78,78,78],"card_choices":[{"not_picked":["Go for the Eyes","Turbo"],"picked":"BootSequence","floor":1},{"not_picked":["Cold Snap","Gash"],"picked":"Sweeping Beam","floor":3},{"not_picked":["Redo","Gash"],"picked":"FTL","floor":7},{"not_picked":["Streamline","FTL"],"picked":"Fusion","floor":10},{"not_picked":["Coolheaded","Rebound"],"picked":"Streamline","floor":12},{"not_picked":["Steam","Blizzard","Leap"],"picked":"SKIP","floor":13},{"not_picked":["Melter","Lockon"],"picked":"Coolheaded","floor":14},{"not_picked":["Core Surge","Machine Learning"],"picked":"Echo Form","floor":16},{"not_picked":["Steam","Cold Snap"],"picked":"Hologram","floor":18}],"player_experience":1076145,"relics_obtained":[{"floor":4,"key":"White Beast Statue"},{"floor":9,"key":"Omamori"},{"floor":17,"key":"Strawberry"},{"floor":17,"key":"Eternal Feather"},{"floor":17,"key":"Unceasing Top"}],"event_choices":[{"damage_healed":0,"gold_gain":0,"player_choice":"Upgraded","damage_taken":0,"max_hp_gain":0,"max_hp_loss":0,"event_name":"Upgrade Shrine","floor":5,"gold_loss":0,"cards_upgraded":["Dualcast"]}],"is_beta":false,"boss_relics":[{"not_picked":["Black Star","FrozenCore"],"picked":"Calling Bell"}],"items_purged_floors":[],"is_endless":false,"potions_floor_spawned":[1,7,10,12,13,14,16,18],"killed_by":"3 Byrds","ascension_level":17}}