{"host":"usrgk25etjl0nf5i","time":1609613296,"event":{"mods":["2.2 Compatiblity","BaseMod","Downfall","Hubris","Minty Spire (QoL Compilation)","StSLib","SuperFastMode"],"gold_per_floor":[116,291,291,306,43,75,75,103,157,157,172,203,203,478,478,576,576,588,588,588],"floor_reached":19,"playtime":934,"items_purged":["Doubt"],"score":309,"play_id":"7f105d67-f38e-4b5b-8ba6-2d8260ee2683","local_time":"20210102104816","is_ascension_mode":true,"campfire_choices":[{"floor":7,"key":"REST"},{"floor":13,"key":"REST"},{"floor":15,"key":"REST"}],"circlet_count":0,"master_deck":["AscendersBane","Strike_G","Strike_G","Defend_G","Defend_G","Defend_G","Defend_G","Survivor","Neutralize","Phantasmal Killer","Dagger Throw","Corpse Explosion","Infinite Blades","Footwork","A Thousand Cuts","PiercingWail","PiercingWail","PiercingWail","Regret","Leg Sweep","Malaise","PiercingWail+1"],"relics":["Ring of the Snake","Snake Skull","Nunchaku","Dream Catcher","PreservedInsect","Empty Cage"],"acts_visited":["Exordium","TheCity"],"potions_floor_usage":[12,12],"damage_taken":[{"damage":2,"enemies":"2 Louse","floor":1,"turns":5},{"damage":5,"enemies":"Small Slimes","floor":4,"turns":4},{"damage":46,"enemies":"Gremlin Nob","floor":6,"turns":5},{"damage":11,"enemies":"Lagavulin","floor":8,"turns":6},{"damage":0,"enemies":"Cultist","floor":11,"turns":4},{"damage":9,"enemies":"3 Sentries","floor":12,"turns":7},{"damage":26,"enemies":"The Guardian","floor":16,"turns":14},{"damage":41,"enemies":"Spheric Guardian","floor":18,"turns":12},{"damage":20,"enemies":"Chosen","floor":19,"turns":4}],"seed_played":"8810818997769771232","potions_obtained":[{"floor":6,"key":"CunningPotion"},{"floor":11,"key":"DistilledChaos"},{"floor":16,"key":"CunningPotion"}],"is_trial":false,"path_per_floor":["M","?","?","M","$","E","R","E","T","?","M","E","R","?","R","B",null,"M","M"],"character_chosen":"THE_SILENT","items_purchased":["Snake Skull","Footwork"],"campfire_rested":3,"item_purchase_floors":[5,5],"current_hp_per_floor":[61,61,61,56,56,10,31,20,20,13,13,4,25,25,46,20,58,17,0,0],"gold":588,"neow_bonus":"ONE_RANDOM_RARE_CARD","is_daily":false,"chose_seed":false,"campfire_upgraded":0,"win_rate":0.0,"timestamp":1609613296,"path_taken":["M","?","?","?","$","E","R","E","T","?","M","E","R","?","R","BOSS","M","?"],"items_purchased_type":["Relic","Card"],"build_version":"2020-12-22","purchased_purges":1,"victory":false,"max_hp_per_floor":[70,70,70,70,70,70,70,70,70,70,70,70,70,70,70,70,70,70,70,70],"card_choices":[{"not_picked":["Underhanded Strike","Backflip"],"picked":"Dagger Throw","floor":1},{"not_picked":["Caltrops","Dagger Spray"],"picked":"Infinite Blades","floor":4},{"not_picked":["Acrobatics","Sucker Punch"],"picked":"A Thousand Cuts","floor":6},{"not_picked":["Dodge and Roll","Wraith Form v2"],"picked":"PiercingWail","floor":8},{"not_picked":["Concentrate","Underhanded Strike"],"picked":"PiercingWail","floor":11},{"not_picked":["Predator","Slice"],"picked":"PiercingWail","floor":12},{"not_picked":["hubris:TrickCloak","Setup"],"picked":"Leg Sweep","floor":15},{"not_picked":["Burst","A Thousand Cuts"],"picked":"Malaise","floor":16},{"not_picked":["Sucker Punch","Flying Knee"],"picked":"PiercingWail+1","floor":18}],"player_experience":607391,"relics_obtained":[{"floor":6,"key":"Nunchaku"},{"floor":8,"key":"Dream Catcher"},{"floor":12,"key":"PreservedInsect"}],"event_choices":[{"damage_healed":0,"gold_gain":175,"player_choice":"AGREE","damage_taken":0,"max_hp_gain":0,"max_hp_loss":0,"event_name":"Liars Game","floor":2,"gold_loss":0,"cards_obtained":["Doubt"]},{"damage_healed":0,"gold_gain":0,"cards_transformed":["Strike_G"],"player_choice":"Transformed","damage_taken":0,"max_hp_gain":0,"max_hp_loss":0,"event_name":"Transmorgrifier","floor":3,"gold_loss":0,"cards_obtained":["Corpse Explosion"]},{"cards_removed":["Strike_G"],"damage_healed":0,"gold_gain":0,"player_choice":"Card Removal","damage_taken":7,"max_hp_gain":0,"max_hp_loss":0,"event_name":"Golden Wing","floor":10,"gold_loss":0},{"damage_healed":0,"gold_gain":275,"player_choice":"Desecrate","damage_taken":0,"max_hp_gain":0,"max_hp_loss":0,"event_name":"Golden Shrine","floor":14,"gold_loss":0,"cards_obtained":["Regret"]}],"is_beta":false,"boss_relics":[{"not_picked":["hubris:TerracottaHorce","Runic Pyramid"],"picked":"Empty Cage"}],"items_purged_floors":[5],"is_endless":false,"potions_floor_spawned":[6,11,16],"killed_by":"Chosen","ascension_level":11}}