{"host":"640uue19m79c7wbt","time":1609557167,"event":{"mods":["BaseMod","Colored Map","Googly Eyes","Highlight Path","Minty Spire (QoL Compilation)","Quick Restart","StSLib"],"gold_per_floor":[115,115,65,82,82,82,108,108,134,134,163,163,177,195,195,291,291,306,326,151,151,151,151,180,197,223,243,276,375,385,401,401,500,500,512,512,512,52,66,66,93,93,117,117,167,127,182,202,202,202],"floor_reached":51,"playtime":1791,"items_purged":["Strike_G"],"score":1000,"play_id":"b4df9586-7bcf-4bbb-8d50-a83956925c6c","local_time":"20210101221247","is_ascension_mode":true,"campfire_choices":[{"data":"Dagger Throw","floor":6.0,"key":"SMITH"},{"data":"Dagger Spray","floor":8.0,"key":"SMITH"},{"data":"Bouncing Flask","floor":15.0,"key":"SMITH"},{"data":"Tactician","floor":23.0,"key":"SMITH"},{"floor":32.0,"key":"REST"},{"floor":40.0,"key":"RECALL"},{"floor":42.0,"key":"REST"},{"data":"Envenom","floor":44.0,"key":"SMITH"},{"floor":49.0,"key":"REST"}],"circlet_count":0,"master_deck":["Defend_G+1","Defend_G","Defend_G+1","Defend_G","Survivor","Neutralize","Backstab","Dagger Throw+1","Dagger Spray+1","Tactician+1","PiercingWail","Bouncing Flask+1","Corpse Explosion","Bane+1","Underhanded Strike+1","Prepared","Leg Sweep+1","Skewer+1","Prepared+1","Tactician","Adrenaline","Wraith Form v2+1","Backstab+1","Deadly Poison+1","Envenom+1","Cloak And Dagger+1","PiercingWail+1","Tools of the Trade","Eviscerate","Bouncing Flask+1","Choke+1"],"relics":["Ring of the Snake","NeowsBlessing","FossilizedHelix","Bag of Marbles","War Paint","Bronze Scales","InkBottle","Gremlin Horn","SlaversCollar","MutagenicStrength","Bottled Lightning","Nunchaku","Letter Opener","Astrolabe","Bottled Tornado","TwistedFunnel","Ninja Scroll","Strawberry","Du-Vu Doll","StoneCalendar"],"acts_visited":["Exordium","TheCity","TheBeyond"],"potions_floor_usage":[50,50,50],"damage_taken":[{"damage":0.0,"enemies":"2 Louse","floor":1.0,"turns":1.0},{"damage":0.0,"enemies":"Small Slimes","floor":4.0,"turns":1.0},{"damage":0.0,"enemies":"3 Sentries","floor":7.0,"turns":1.0},{"damage":0.0,"enemies":"Gremlin Nob","floor":11.0,"turns":3.0},{"damage":0.0,"enemies":"Jaw Worm","floor":13.0,"turns":1.0},{"damage":0.0,"enemies":"Exordium Wildlife","floor":14.0,"turns":4.0},{"damage":12.0,"enemies":"Slime Boss","floor":16.0,"turns":4.0},{"damage":11.0,"enemies":"2 Thieves","floor":18.0,"turns":2.0},{"damage":4.0,"enemies":"Chosen","floor":19.0,"turns":4.0},{"damage":14.0,"enemies":"Gremlin Leader","floor":24.0,"turns":5.0},{"damage":0.0,"enemies":"Snecko","floor":25.0,"turns":3.0},{"damage":0.0,"enemies":"Shelled Parasite and Fungi","floor":27.0,"turns":1.0},{"damage":0.0,"enemies":"Book of Stabbing","floor":28.0,"turns":3.0},{"damage":0.0,"enemies":"Centurion and Healer","floor":30.0,"turns":2.0},{"damage":0.0,"enemies":"Snake Plant","floor":31.0,"turns":2.0},{"damage":2.0,"enemies":"Automaton","floor":33.0,"turns":6.0},{"damage":0.0,"enemies":"3 Shapes","floor":35.0,"turns":1.0},{"damage":0.0,"enemies":"3 Darklings","floor":39.0,"turns":2.0},{"damage":60.0,"enemies":"Giant Head","floor":41.0,"turns":7.0},{"damage":0.0,"enemies":"Mind Bloom Boss Battle","floor":45.0,"turns":4.0},{"damage":0.0,"enemies":"2 Orb Walkers","floor":47.0,"turns":1.0},{"damage":0.0,"enemies":"Sphere and 2 Shapes","floor":48.0,"turns":1.0},{"damage":12,"enemies":"Donu and Deca","floor":50,"turns":3}],"seed_played":"-1977803764024949750","potions_obtained":[{"floor":1.0,"key":"CunningPotion"},{"floor":4.0,"key":"AttackPotion"},{"floor":16.0,"key":"Weak Potion"},{"floor":19.0,"key":"FearPotion"},{"floor":25.0,"key":"LiquidBronze"},{"floor":28.0,"key":"LiquidMemories"},{"floor":30.0,"key":"PowerPotion"},{"floor":35.0,"key":"EssenceOfSteel"},{"floor":45.0,"key":"PowerPotion"},{"floor":47.0,"key":"LiquidMemories"}],"is_trial":false,"path_per_floor":["M","?","?","M","?","R","E","R","T","T","E","T","M","M","R","B",null,"M","M","$","?","?","R","E","M","T","M","E","?","M","M","R","B",null,"M","?","?","$","M","R","E","R","T","R","?","$","?","M","R","B",null],"character_chosen":"THE_SILENT","items_purchased":["Fruit Juice","Envenom","Bottled Tornado","TwistedFunnel","Eviscerate"],"campfire_rested":3,"item_purchase_floors":[20,38,38,38,46],"current_hp_per_floor":[70,67,67,67,60,60,60,60,60,60,60,60,60,60,60,48,70,59,55,60,60,60,60,46,46,46,46,46,46,46,46,68,66,75,75,71,71,71,71,71,11,32,39,39,39,39,39,39,62,50],"gold":202,"neow_bonus":"THREE_ENEMY_KILL","is_daily":false,"chose_seed":false,"campfire_upgraded":5,"win_rate":0.0,"timestamp":1609557167,"path_taken":["M","?","?","M","?","R","E","R","T","?","E","?","M","M","R","BOSS","M","M","$","?","?","R","E","M","T","M","E","?","?","M","R","BOSS","M","?","?","?","?","R","E","R","T","R","?","$","?","M","R","BOSS"],"items_purchased_type":["Potion","Card","Relic","Relic","Card"],"build_version":"2020-12-22","purchased_purges":1,"victory":true,"max_hp_per_floor":[70,70,70,70,70,70,70,70,70,70,70,70,70,70,70,70,70,70,70,75,75,75,75,75,75,75,75,75,75,75,75,75,75,75,75,71,71,71,71,71,71,71,78,78,78,78,78,78,78,78],"card_choices":[{"not_picked":["Blur","Dodge and Roll"],"picked":"Backstab","floor":1.0},{"not_picked":["Slice","Acrobatics"],"picked":"Dagger Throw","floor":4.0},{"not_picked":["Malaise","PiercingWail"],"picked":"Dagger Spray","floor":7.0},{"not_picked":["Riddle With Holes","Endless Agony"],"picked":"Tactician","floor":11.0},{"not_picked":["Deadly Poison","Sucker Punch"],"picked":"PiercingWail","floor":13.0},{"not_picked":["Prepared","Catalyst"],"picked":"Bouncing Flask","floor":14.0},{"not_picked":["Tools of the Trade","After Image"],"picked":"Corpse Explosion","floor":16.0},{"not_picked":["Dagger Throw","Backflip"],"picked":"Footwork","floor":18.0},{"not_picked":["Blade Dance","Tactician"],"picked":"Bane+1","floor":19.0},{"not_picked":["Terror+1","Flying Knee+1"],"picked":"Underhanded Strike+1","floor":24.0},{"not_picked":["Outmaneuver","Masterful Stab+1"],"picked":"Prepared","floor":25.0},{"not_picked":["Bane","Dodge and Roll"],"picked":"Leg Sweep+1","floor":27.0},{"not_picked":["Crippling Poison","Cloak And Dagger"],"picked":"Skewer+1","floor":28.0},{"not_picked":["Dagger Spray+1","Sucker Punch"],"picked":"Prepared+1","floor":30.0},{"not_picked":["Crippling Poison+1","Malaise"],"picked":"Tactician","floor":31.0},{"not_picked":["Malaise","Storm of Steel"],"picked":"Adrenaline","floor":33.0},{"not_picked":["Poisoned Stab+1","Quick Slash","Deadly Poison+1"],"picked":"SKIP","floor":35.0},{"not_picked":["Acrobatics+1","Poisoned Stab"],"picked":"Cloak And Dagger+1","floor":39.0},{"not_picked":["Sucker Punch","Leg Sweep+1"],"picked":"PiercingWail+1","floor":41.0},{"not_picked":["Sucker Punch+1","Dagger Spray"],"picked":"Tools of the Trade","floor":45.0},{"not_picked":["Deadly Poison","Backflip"],"picked":"Bouncing Flask+1","floor":47.0},{"not_picked":["Dodge and Roll","Quick Slash"],"picked":"Choke+1","floor":48.0}],"player_experience":544010,"relics_obtained":[{"floor":7.0,"key":"Bag of Marbles"},{"floor":9.0,"key":"War Paint"},{"floor":10.0,"key":"Bronze Scales"},{"floor":11.0,"key":"InkBottle"},{"floor":12.0,"key":"Gremlin Horn"},{"floor":24.0,"key":"Bottled Lightning"},{"floor":26.0,"key":"Nunchaku"},{"floor":28.0,"key":"Letter Opener"},{"floor":41.0,"key":"Ninja Scroll"},{"floor":43.0,"key":"Strawberry"},{"floor":45.0,"key":"Du-Vu Doll"},{"floor":47.0,"key":"StoneCalendar"}],"event_choices":[{"damage_healed":0.0,"max_hp_gain":0.0,"max_hp_loss":0.0,"gold_gain":0.0,"event_name":"Scrap Ooze","player_choice":"Success","floor":2.0,"gold_loss":0.0,"damage_taken":3.0,"relics_obtained":["FossilizedHelix"]},{"cards_removed":["Strike_G"],"damage_healed":0.0,"max_hp_gain":0.0,"max_hp_loss":0.0,"gold_gain":0.0,"event_name":"The Cleric","player_choice":"Card Removal","floor":3.0,"gold_loss":50.0,"damage_taken":0.0},{"cards_removed":["Strike_G"],"damage_healed":0.0,"max_hp_gain":0.0,"max_hp_loss":0.0,"gold_gain":0.0,"event_name":"Golden Wing","player_choice":"Card Removal","floor":5.0,"gold_loss":0.0,"damage_taken":7.0},{"damage_healed":0.0,"max_hp_gain":0.0,"max_hp_loss":0.0,"gold_gain":0.0,"event_name":"Ghosts","player_choice":"Ignored","floor":21.0,"gold_loss":0.0,"damage_taken":0.0},{"damage_healed":0.0,"max_hp_gain":0.0,"max_hp_loss":0.0,"gold_gain":0.0,"event_name":"Drug Dealer","player_choice":"Inject Mutagens","floor":22.0,"gold_loss":0.0,"damage_taken":0.0,"relics_obtained":["MutagenicStrength"]},{"damage_healed":0.0,"max_hp_gain":0.0,"max_hp_loss":0.0,"gold_gain":99.0,"event_name":"Nest","player_choice":"Stole From Cult","floor":29.0,"gold_loss":0.0,"damage_taken":0.0},{"damage_healed":0.0,"max_hp_gain":0.0,"max_hp_loss":4.0,"gold_gain":0.0,"event_name":"Winding Halls","player_choice":"Max HP","floor":36.0,"gold_loss":0.0,"damage_taken":0.0},{"cards_removed":["Footwork"],"damage_healed":0.0,"max_hp_gain":0.0,"max_hp_loss":0.0,"gold_gain":0.0,"event_name":"Falling","player_choice":"Removed Power","floor":37.0,"gold_loss":0.0,"damage_taken":0.0},{"damage_healed":0.0,"max_hp_gain":0.0,"max_hp_loss":0.0,"gold_gain":0.0,"event_name":"MindBloom","player_choice":"Fight","floor":45.0,"gold_loss":0.0,"damage_taken":0.0},{"damage_healed":0.0,"max_hp_gain":0.0,"max_hp_loss":0.0,"gold_gain":0.0,"event_name":"Mysterious Sphere","player_choice":"Fight","floor":47.0,"gold_loss":0.0,"damage_taken":0.0}],"is_beta":false,"boss_relics":[{"not_picked":["Philosopher\u0027s Stone","Ectoplasm"],"picked":"SlaversCollar"},{"not_picked":["HoveringKite","Runic Dome"],"picked":"Astrolabe"}],"items_purged_floors":[20],"is_endless":false,"potions_floor_spawned":[1,4,16,19,25,28,30,35,45,47],"ascension_level":4}}