{"host":"xjyie0ctswsml60g","time":1609596510,"event":{"mods":["AchievementEnabler","BaseMod","Colored Map","Minty Spire (QoL Compilation)","Quick Restart","SuperFastMode"],"gold_per_floor":[116,129,149,70,70,70,89,89,139,174,99,111,142,166,166,262,312,327,527,544,563,580,580,580,580],"floor_reached":24,"playtime":1120,"items_purged":["Defend_P"],"score":208,"play_id":"5223669f-eb19-46a8-bc0b-e8546ff5fe54","local_time":"20210102160830","is_ascension_mode":false,"campfire_choices":[{"floor":6.0,"key":"RECALL"},{"data":"Eruption","floor":8.0,"key":"SMITH"},{"data":"Halt","floor":15.0,"key":"SMITH"},{"data":"Wallop","floor":23,"key":"SMITH"}],"circlet_count":0,"master_deck":["Strike_P","Strike_P","Strike_P","Strike_P","Defend_P","Defend_P","Eruption+1","Vigilance","Wireheading","SashWhip","CutThroughFate","EmptyMind","Halt+1","Wallop+1","Halt+1","Indignation","Conclude","Halt","WreathOfFlame+1"],"relics":["PureWater","Oddly Smooth Stone","Nunchaku","Ice Cream","Odd Mushroom","Tiny House"],"acts_visited":["Exordium","TheCity"],"potions_floor_usage":[16,18,20,22],"damage_taken":[{"damage":2.0,"enemies":"Jaw Worm","floor":1.0,"turns":4.0},{"damage":1.0,"enemies":"Cultist","floor":2.0,"turns":4.0},{"damage":9.0,"enemies":"Small Slimes","floor":3.0,"turns":2.0},{"damage":1.0,"enemies":"Blue Slaver","floor":7.0,"turns":3.0},{"damage":22.0,"enemies":"Gremlin Nob","floor":10.0,"turns":3.0},{"damage":0.0,"enemies":"Gremlin Gang","floor":12.0,"turns":3.0},{"damage":13.0,"enemies":"Lagavulin","floor":13.0,"turns":4.0},{"damage":0.0,"enemies":"The Mushroom Lair","floor":14.0,"turns":3.0},{"damage":22,"enemies":"Hexaghost","floor":16,"turns":6},{"damage":8,"enemies":"Shell Parasite","floor":18,"turns":6},{"damage":6,"enemies":"2 Thieves","floor":20,"turns":3},{"damage":10,"enemies":"Snake Plant","floor":21,"turns":3},{"damage":20,"enemies":"Sentry and Sphere","floor":22,"turns":3},{"damage":34,"enemies":"Shelled Parasite and Fungi","floor":24,"turns":3}],"seed_played":"1364603925930785766","potions_obtained":[{"floor":7.0,"key":"GamblersBrew"},{"floor":10.0,"key":"BlessingOfTheForge"},{"floor":12.0,"key":"StancePotion"},{"floor":13.0,"key":"PowerPotion"},{"floor":17,"key":"SkillPotion"},{"floor":18,"key":"DistilledChaos"}],"is_trial":false,"path_per_floor":["M","M","M","$","?","R","M","R","T","E","$","M","E","?","R","B",null,"M","?","M","M","M","R","M"],"character_chosen":"WATCHER","items_purchased":["EmptyMind"],"campfire_rested":0,"item_purchase_floors":[4],"current_hp_per_floor":[70,69,60,60,60,60,59,59,59,37,37,37,24,24,24,2,77,69,69,63,53,33,33,0,0],"gold":580,"neow_bonus":"THREE_CARDS","is_daily":false,"chose_seed":false,"campfire_upgraded":3,"win_rate":0.0,"timestamp":1609596510,"path_taken":["M","M","M","$","?","R","?","R","T","E","$","M","E","?","R","BOSS","M","?","?","?","M","R","M"],"items_purchased_type":["Card"],"build_version":"2020-12-22","purchased_purges":1,"victory":false,"max_hp_per_floor":[72,72,72,72,72,72,72,72,72,72,72,72,72,72,72,72,77,77,77,77,77,77,77,77,77],"card_choices":[{"not_picked":["Perseverance","WindmillStrike"],"picked":"Wireheading","floor":0.0},{"not_picked":["FlyingSleeves","Perseverance"],"picked":"SashWhip","floor":1.0},{"not_picked":["WheelKick","Sanctity","Perseverance"],"picked":"SKIP","floor":2.0},{"not_picked":["BattleHymn","JustLucky"],"picked":"CutThroughFate","floor":3.0},{"not_picked":["InnerPeace","WheelKick","SashWhip"],"picked":"SKIP","floor":7.0},{"not_picked":["WaveOfTheHand","Perseverance"],"picked":"Wallop","floor":10.0},{"not_picked":["Perseverance","EmptyBody"],"picked":"Halt","floor":12.0},{"not_picked":["Evaluate","CutThroughFate"],"picked":"Indignation","floor":13.0},{"not_picked":["SashWhip","Wish"],"picked":"Conclude","floor":14.0},{"not_picked":["EmptyMind","Crescendo"],"picked":"Halt","floor":17},{"not_picked":["CrushJoints","BowlingBash"],"picked":"WreathOfFlame+1","floor":18},{"not_picked":["CutThroughFate","Prostrate+1","JustLucky+1"],"picked":"SKIP","floor":20},{"not_picked":["CrushJoints","Halt","FlyingSleeves"],"picked":"SKIP","floor":21},{"not_picked":["Sanctity","ClearTheMind+1","EmptyBody"],"picked":"SKIP","floor":22}],"player_experience":478987,"relics_obtained":[{"floor":9.0,"key":"Oddly Smooth Stone"},{"floor":10.0,"key":"Nunchaku"},{"floor":13.0,"key":"Ice Cream"},{"floor":14.0,"key":"Odd Mushroom"}],"event_choices":[{"damage_healed":0.0,"max_hp_gain":0.0,"max_hp_loss":0.0,"gold_gain":0.0,"cards_transformed":["Defend_P"],"event_name":"Transmorgrifier","player_choice":"Transformed","floor":5.0,"gold_loss":0.0,"damage_taken":0.0,"cards_obtained":["Halt"]},{"damage_healed":0.0,"max_hp_gain":0.0,"max_hp_loss":0.0,"gold_gain":0.0,"event_name":"Mushrooms","player_choice":"Fought Mushrooms","floor":14.0,"gold_loss":0.0,"damage_taken":0.0},{"damage_healed":0,"gold_gain":250,"player_choice":"Bet on Owner","damage_taken":0,"max_hp_gain":0,"max_hp_loss":0,"event_name":"The Joust","floor":19,"gold_loss":50}],"is_beta":false,"boss_relics":[{"not_picked":["Philosopher\u0027s Stone","Runic Pyramid"],"picked":"Tiny House"}],"items_purged_floors":[11],"is_endless":false,"potions_floor_spawned":[7,10,12,13,18],"killed_by":"Shelled Parasite and Fungi","ascension_level":0}}