{"host":"96n0ernxosh90i3w","time":1609547742,"event":{"mods":["AchievementEnabler","BaseMod","Colored Powertips","Hubris","Infinite Spire","Minty Spire (QoL Compilation)","Replay The Spire","StSLib"],"gold_per_floor":[110,130,56,56,69,105,105,114,194,203,227,71,103,127,127,143,143],"floor_reached":16,"playtime":771,"items_purged":[],"score":102,"play_id":"aaeb638c-0600-4ac7-94a5-ef851cb6ce62","local_time":"20210101193542","is_ascension_mode":false,"campfire_choices":[{"floor":15,"key":"DIG"}],"circlet_count":0,"master_deck":["Strike_R","Strike_R","Strike_R","Strike_R","Strike_R","Defend_R","Defend_R","Defend_R","Defend_R","Bash","Anger","Rampage","ReplayTheSpireMod:Limb From Limb","Iron Wave","Injury","Heavy Blade","Clash","Perfected Strike","Heavy Blade"],"relics":["Sozu","CeramicFish","Bag of Marbles","Golden Idol","Onion Ring","Regal Pillow","Replay:Bandana"],"acts_visited":["Exordium"],"potions_floor_usage":[],"damage_taken":[{"damage":2,"enemies":"Jaw Worm","floor":1,"turns":3},{"damage":0,"enemies":"Cultist","floor":2,"turns":3},{"damage":3,"enemies":"Small Slimes","floor":5,"turns":2},{"damage":16,"enemies":"Lagavulin","floor":6,"turns":5},{"damage":0,"enemies":"3 Louse","floor":11,"turns":2},{"damage":0,"enemies":"Looter","floor":13,"turns":2},{"damage":0,"enemies":"Exordium Wildlife","floor":14,"turns":1},{"damage":77,"enemies":"Fading Forest","floor":16,"turns":10}],"seed_played":"-72019626056754085","potions_obtained":[],"is_trial":false,"path_per_floor":["M","M","$","?","M","E","?","?","T","?","M","$","M","M","R","B"],"character_chosen":"IRONCLAD","items_purchased":["Battle Trance","Regal Pillow"],"campfire_rested":0,"item_purchase_floors":[3,12],"current_hp_per_floor":[78,78,78,80,77,61,61,61,61,61,61,61,61,61,61,0,0],"gold":143,"neow_bonus":"BOSS_RELIC","is_daily":false,"chose_seed":false,"campfire_upgraded":0,"win_rate":0.0,"timestamp":1609547742,"path_taken":["M","M","$","?","?","E","?","?","T","?","M","?","?","M","R","BOSS"],"items_purchased_type":["Card","Relic"],"build_version":"2020-12-22","purchased_purges":0,"victory":false,"max_hp_per_floor":[80,80,80,80,80,80,80,80,80,80,80,80,80,80,80,80,80],"card_choices":[{"not_picked":["Body Slam","Sword Boomerang"],"picked":"Anger","floor":1},{"not_picked":["Clash","Metallicize"],"picked":"Rampage","floor":2},{"not_picked":["Run Through","Twin Strike"],"picked":"ReplayTheSpireMod:Limb From Limb","floor":5},{"not_picked":["Thunderclap","hubris:ReadiedAction"],"picked":"Iron Wave","floor":6},{"not_picked":["Clothesline","Burning Pact"],"picked":"Clash","floor":11},{"not_picked":["hubris:SharpeningStone","Flex"],"picked":"Perfected Strike","floor":13},{"not_picked":["Havoc","Sword Boomerang"],"picked":"Heavy Blade","floor":14}],"player_experience":216287,"relics_obtained":[{"floor":6,"key":"CeramicFish"},{"floor":7,"key":"Bag of Marbles"},{"floor":9,"key":"Onion Ring"},{"floor":15,"key":"Replay:Bandana"}],"event_choices":[{"cards_removed":["Battle Trance"],"damage_healed":2,"gold_gain":0,"player_choice":"Offered Uncommon","damage_taken":0,"max_hp_gain":0,"max_hp_loss":0,"event_name":"Bonfire Elementals","floor":4,"gold_loss":0},{"damage_healed":0,"gold_gain":0,"player_choice":"Take Wound","damage_taken":0,"relics_obtained":["Golden Idol"],"max_hp_gain":0,"max_hp_loss":0,"event_name":"Golden Idol","floor":8,"gold_loss":0,"cards_obtained":["Injury"]}],"is_beta":false,"boss_relics":[],"items_purged_floors":[],"is_endless":false,"potions_floor_spawned":[1,6,13],"killed_by":"Fading Forest","ascension_level":0}}