{"host":"yo9wwslrag05lh37","time":1609591077,"event":{"mods":["AchievementEnabler","BaseMod","Block Reminder","Colored Map","Colored Powertips","GifTheSpireLib","HexUI Lib","Highlight Path","Minty Spire (QoL Compilation)","Rare Cards Sparkle","Relic Stats","StSLib","everything is the same but u backflip on backflip"],"gold_per_floor":[116,135,135,135,152,186,186,200,200,214,240,240,271,290,290,392,392,409,427,427,441,441,441,469,469,496,514,524,578,71,81,81,180,180,194,194,194,294,305,335,355,384,384,384,384,410,410,423,423,423,423,423,28,57,57,57],"floor_reached":55,"playtime":3674,"items_purged":["Defend_P"],"score":1202,"play_id":"5e364809-89c1-44dd-adae-f8d9347e9f06","local_time":"20210102133757","is_ascension_mode":true,"campfire_choices":[{"data":"Crescendo","floor":7.0,"key":"SMITH"},{"data":"WheelKick","floor":12.0,"key":"SMITH"},{"data":"ClearTheMind","floor":15.0,"key":"SMITH"},{"data":"Omniscience","floor":23.0,"key":"SMITH"},{"data":"Meditate","floor":25,"key":"SMITH"},{"data":"Adaptation","floor":32,"key":"SMITH"},{"floor":44,"key":"RECALL"},{"data":"Wireheading","floor":47,"key":"SMITH"},{"data":"EmptyMind","floor":49,"key":"SMITH"},{"data":"EmptyMind","floor":52,"key":"SMITH"}],"circlet_count":0,"master_deck":["Defend_P+1","Defend_P+1","Defend_P","Eruption+1","Vigilance+1","Crescendo+1","CarveReality","ClearTheMind+1","WheelKick+1","Consecrate+1","Meditate+1","Omniscience+1","Adaptation+1","EmptyBody+1","Bite+1","Bite+1","Bite+1","Bite+1","Bite+1","Wireheading+1","EmptyMind+1","MentalFortress+1","EmptyMind+1","MasterReality+1","FlurryOfBlows+1","EmptyMind","Halt","CrushJoints+1","InnerPeace","Alpha","WheelKick+1"],"relics":["PureWater","Smiling Mask","Tiny Chest","Molten Egg 2","Dream Catcher","Philosopher\u0027s Stone","Nunchaku","White Beast Statue","Lantern","Anchor","Frozen Egg 2","Toy Ornithopter","VioletLotus","InkBottle","Ancient Tea Set","Omamori","Akabeko","TeardropLocket","War Paint"],"acts_visited":["Exordium","TheCity","TheBeyond","TheEnding"],"potions_floor_usage":[24,24,33,35,40,42,42,50,50,55,55],"damage_taken":[{"damage":0.0,"enemies":"Jaw Worm","floor":1.0,"turns":3.0},{"damage":9.0,"enemies":"2 Louse","floor":2.0,"turns":3.0},{"damage":0.0,"enemies":"Cultist","floor":5.0,"turns":3.0},{"damage":10.0,"enemies":"Gremlin Nob","floor":6.0,"turns":3.0},{"damage":5.0,"enemies":"Large Slime","floor":8.0,"turns":4.0},{"damage":6.0,"enemies":"Looter","floor":10.0,"turns":3.0},{"damage":7.0,"enemies":"3 Sentries","floor":11.0,"turns":6.0},{"damage":0.0,"enemies":"Lagavulin","floor":13.0,"turns":4.0},{"damage":0.0,"enemies":"2 Fungi Beasts","floor":14.0,"turns":3.0},{"damage":9.0,"enemies":"The Guardian","floor":16.0,"turns":13.0},{"damage":9.0,"enemies":"Chosen","floor":18.0,"turns":2.0},{"damage":0.0,"enemies":"Spheric Guardian","floor":19.0,"turns":1.0},{"damage":2.0,"enemies":"3 Cultists","floor":21.0,"turns":4.0},{"damage":22,"enemies":"Book of Stabbing","floor":24,"turns":3},{"damage":0,"enemies":"Snake Plant","floor":27,"turns":2},{"damage":28,"enemies":"Centurion and Healer","floor":28,"turns":7},{"damage":0,"enemies":"3 Cultists","floor":31,"turns":3},{"damage":36,"enemies":"Champ","floor":33,"turns":8},{"damage":17,"enemies":"3 Darklings","floor":35,"turns":4},{"damage":2,"enemies":"3 Shapes","floor":39,"turns":3},{"damage":0,"enemies":"Giant Head","floor":40,"turns":5},{"damage":0,"enemies":"Maw","floor":41,"turns":4},{"damage":0,"enemies":"Reptomancer","floor":42,"turns":2},{"damage":0,"enemies":"Giant Head","floor":46,"turns":5},{"damage":10,"enemies":"Spire Growth","floor":48,"turns":3},{"damage":29,"enemies":"Awakened One","floor":50,"turns":11},{"damage":28,"enemies":"Shield and Spear","floor":54,"turns":4},{"damage":43,"enemies":"The Heart","floor":55,"turns":3}],"seed_played":"1508460200865452261","potions_obtained":[{"floor":2.0,"key":"Swift Potion"},{"floor":6.0,"key":"Explosive Potion"},{"floor":10.0,"key":"Dexterity Potion"},{"floor":13.0,"key":"BottledMiracle"},{"floor":16.0,"key":"Dexterity Potion"},{"floor":19.0,"key":"LiquidMemories"},{"floor":24,"key":"AttackPotion"},{"floor":27,"key":"FearPotion"},{"floor":28,"key":"Swift Potion"},{"floor":33,"key":"GamblersBrew"},{"floor":35,"key":"Block Potion"},{"floor":40,"key":"SkillPotion"},{"floor":42,"key":"BottledMiracle"},{"floor":46,"key":"Weak Potion"},{"floor":48,"key":"AttackPotion"},{"floor":54,"key":"EssenceOfSteel"}],"is_trial":false,"path_per_floor":["M","M","?","?","M","E","R","M","T","M","E","R","E","M","R","B",null,"M","M","?","M","?","R","E","R","T","M","M","T","$","M","R","B",null,"M","?","?","?","M","E","M","E","T","R","T","E","R","M","R","B",null,"R","$","E","B"],"character_chosen":"WATCHER","items_purchased":["Frozen Egg 2","MentalFortress+1","Toy Ornithopter","Alpha","TeardropLocket"],"campfire_rested":0,"item_purchase_floors":[30,30,30,53,53],"current_hp_per_floor":[72,63,47,47,47,37,37,32,32,26,19,19,19,19,19,10,62,53,53,53,55,55,55,42,42,42,48,50,50,50,55,55,43,52,48,48,48,48,52,55,55,55,55,55,55,55,55,48,48,55,55,55,55,33,0,0],"gold":57,"neow_bonus":"TEN_PERCENT_HP_BONUS","is_daily":false,"chose_seed":false,"campfire_upgraded":9,"win_rate":0.0,"timestamp":1609591077,"path_taken":["M","M","?","?","M","E","R","M","T","M","E","R","E","M","R","BOSS","M","M","?","M","?","R","E","R","T","M","?","?","$","M","R","BOSS","M","?","?","?","M","E","M","E","T","R","?","E","R","M","R","BOSS","R","$","E","BOSS"],"items_purchased_type":["Relic","Card","Relic","Card","Relic"],"build_version":"2020-12-22","purchased_purges":1,"victory":false,"max_hp_per_floor":[79,79,79,79,79,79,79,79,79,79,79,79,79,79,79,79,79,79,79,55,55,55,55,55,55,55,55,55,55,55,55,55,55,55,55,55,55,55,55,55,55,55,55,55,55,55,55,55,55,55,55,55,55,55,55,55],"relic_stats":{"Dream Catcher":0,"Nunchaku":[27],"counters":[28,119],"Tiny Chest":2,"VioletLotus":[31],"War Paint":["Vigilance","Defend_P"],"Smiling Mask":25,"obtain_stats":[{"Lantern":26,"Omamori":45,"TeardropLocket":53,"Frozen Egg 2":30,"War Paint":54,"Smiling Mask":6,"Ancient Tea Set":42,"White Beast Statue":24,"Akabeko":46,"Dream Catcher":13,"Nunchaku":22,"Anchor":29,"Tiny Chest":9,"Molten Egg 2":11,"Philosopher\u0027s Stone":17,"VioletLotus":34,"PureWater":0,"Toy Ornithopter":30,"InkBottle":40},{"Lantern":14,"Omamori":23,"TeardropLocket":26,"Frozen Egg 2":16,"War Paint":27,"Smiling Mask":4,"Ancient Tea Set":23,"White Beast Statue":14,"Akabeko":24,"Dream Catcher":8,"Nunchaku":13,"Anchor":16,"Tiny Chest":5,"Molten Egg 2":7,"Philosopher\u0027s Stone":10,"VioletLotus":18,"PureWater":0,"Toy Ornithopter":16,"InkBottle":21},{"Lantern":55,"Omamori":93,"TeardropLocket":112,"Frozen Egg 2":64,"War Paint":116,"Smiling Mask":12,"Ancient Tea Set":93,"White Beast Statue":55,"Akabeko":98,"Dream Catcher":29,"Nunchaku":52,"Anchor":64,"Tiny Chest":16,"Molten Egg 2":25,"Philosopher\u0027s Stone":45,"VioletLotus":75,"PureWater":0,"Toy Ornithopter":64,"InkBottle":87}],"Toy Ornithopter":20,"InkBottle":[28]},"card_choices":[{"not_picked":["EmptyBody","Fasting2","Prostrate"],"picked":"SKIP","floor":1.0},{"not_picked":["Adaptation","PathToVictory"],"picked":"Crescendo","floor":2.0},{"not_picked":["SandsOfTime","CutThroughFate"],"picked":"BowlingBash","floor":5.0},{"not_picked":["PathToVictory","WaveOfTheHand"],"picked":"CarveReality","floor":6.0},{"not_picked":["JustLucky","EmptyBody"],"picked":"ClearTheMind","floor":8.0},{"not_picked":["Protect","JustLucky"],"picked":"WheelKick","floor":10.0},{"not_picked":["FlyingSleeves+1","Nirvana"],"picked":"Consecrate+1","floor":11.0},{"not_picked":["DevaForm","Collect","Consecrate+1"],"picked":"SKIP","floor":13.0},{"not_picked":["Consecrate+1","Sanctity"],"picked":"Meditate","floor":14.0},{"not_picked":["DevaForm","DeusExMachina"],"picked":"Omniscience","floor":16.0},{"not_picked":["Protect","Collect"],"picked":"Adaptation","floor":18.0},{"not_picked":["FollowUp+1","BowlingBash+1"],"picked":"EmptyBody+1","floor":19.0},{"not_picked":["Crescendo","Pray"],"picked":"Wireheading","floor":21.0},{"not_picked":["Tantrum+1","Sanctity"],"picked":"EmptyMind","floor":24},{"not_picked":["Wireheading","CarveReality+1","Crescendo"],"picked":"SKIP","floor":27},{"not_picked":["Crescendo","ThirdEye","WreathOfFlame"],"picked":"SKIP","floor":28},{"not_picked":["WaveOfTheHand","ForeignInfluence"],"picked":"EmptyMind","floor":31},{"not_picked":["Ragnarok+1","Scrawl"],"picked":"MasterReality+1","floor":33},{"not_picked":["SignatureMove+1","Conclude+1","ClearTheMind"],"picked":"SKIP","floor":35},{"not_picked":["CrushJoints+1","Perseverance+1"],"picked":"FlurryOfBlows+1","floor":39},{"not_picked":["JustLucky+1","LikeWater+1"],"picked":"EmptyMind","floor":40},{"not_picked":["WreathOfFlame+1","Swivel"],"picked":"Halt","floor":41},{"not_picked":["Protect+1","ReachHeaven+1","ThirdEye+1"],"picked":"SKIP","floor":42},{"not_picked":["EmptyBody","Worship"],"picked":"CrushJoints+1","floor":46},{"not_picked":["Worship","Evaluate"],"picked":"InnerPeace","floor":48},{"not_picked":["FlurryOfBlows+1","Prostrate"],"picked":"WheelKick+1","floor":54}],"player_experience":1451335,"relics_obtained":[{"floor":6.0,"key":"Smiling Mask"},{"floor":9.0,"key":"Tiny Chest"},{"floor":11.0,"key":"Molten Egg 2"},{"floor":13.0,"key":"Dream Catcher"},{"floor":24,"key":"White Beast Statue"},{"floor":26,"key":"Lantern"},{"floor":29,"key":"Anchor"},{"floor":40,"key":"InkBottle"},{"floor":42,"key":"Ancient Tea Set"},{"floor":45,"key":"Omamori"},{"floor":46,"key":"Akabeko"},{"floor":54,"key":"War Paint"}],"event_choices":[{"damage_healed":0.0,"max_hp_gain":0.0,"max_hp_loss":0.0,"gold_gain":0.0,"event_name":"Shining Light","player_choice":"Entered Light","floor":3.0,"gold_loss":0.0,"damage_taken":16.0,"cards_upgraded":["Strike_P","Defend_P"]},{"damage_healed":0.0,"max_hp_gain":0.0,"max_hp_loss":0.0,"gold_gain":0.0,"event_name":"Living Wall","player_choice":"Grow","floor":4.0,"gold_loss":0.0,"damage_taken":0.0,"cards_upgraded":["Eruption"]},{"damage_healed":0.0,"max_hp_gain":0.0,"max_hp_loss":24.0,"gold_gain":0.0,"event_name":"Vampires","player_choice":"Became a vampire","floor":20.0,"gold_loss":0.0,"damage_taken":0.0,"cards_obtained":["Bite","Bite","Bite","Bite","Bite"]},{"damage_healed":0.0,"max_hp_gain":0.0,"max_hp_loss":0.0,"gold_gain":0.0,"event_name":"WeMeetAgain","player_choice":"Gave Potion","floor":22.0,"gold_loss":0.0,"damage_taken":0.0,"relics_obtained":["Nunchaku"]},{"damage_healed":0,"gold_gain":0,"player_choice":"Ignored","damage_taken":0,"max_hp_gain":0,"max_hp_loss":0,"event_name":"Tomb of Lord Red Mask","floor":36,"gold_loss":0},{"cards_removed":["BowlingBash"],"damage_healed":0,"gold_gain":0,"player_choice":"Removed Attack","damage_taken":0,"max_hp_gain":0,"max_hp_loss":0,"event_name":"Falling","floor":37,"gold_loss":0},{"damage_healed":0,"gold_gain":100,"player_choice":"Pray","damage_taken":0,"max_hp_gain":0,"max_hp_loss":0,"event_name":"Golden Shrine","floor":38,"gold_loss":0}],"is_beta":false,"boss_relics":[{"not_picked":["Cursed Key","Busted Crown"],"picked":"Philosopher\u0027s Stone"},{"not_picked":["Pandora\u0027s Box","Snecko Eye"],"picked":"VioletLotus"}],"items_purged_floors":[30],"is_endless":false,"potions_floor_spawned":[2,6,10,13,16,19,24,27,28,31,33,35,39,40,41,42,46,48,54],"killed_by":"The Heart","ascension_level":7}}