{"host":"qfskrnw3pl1q86j0","time":1609617683,"event":{"mods":["BaseMod","Block Reminder","Hermit","Marisa????????","Minty Spire (QoL Compilation)","Quick Restart","Random Character Button","Relic Stats","StSLib","The Poker Player","slay the spire mod where everything is the same but ironclad has a cowboy hat"],"gold_per_floor":[10,30,30,50,125,125,141,141,141,141,158,213,213,231,231,327,327,343,363,89,100,199,199,212,212,239,239,89,89,43,54,54,158,158,178,278,295,295,76,76,76,76],"floor_reached":41,"playtime":1629,"items_purged":["hermit:Strike_Hermit","hermit:Strike_Hermit+1"],"score":481,"play_id":"98088742-2adb-4c18-9acd-f68296bfe4d0","local_time":"20210102210123","is_ascension_mode":false,"campfire_choices":[{"data":"hermit:Snapshot","floor":6.0,"key":"SMITH"},{"data":"hermit:PistolWhip","floor":8.0,"key":"SMITH"},{"data":"hermit:HoleUp","floor":10.0,"key":"SMITH"},{"data":"hermit:Glare","floor":15.0,"key":"SMITH"},{"data":"hermit:HighNoon","floor":23.0,"key":"SMITH"},{"data":"hermit:RoundhouseKick","floor":27.0,"key":"SMITH"},{"data":"hermit:TakeCover","floor":29.0,"key":"SMITH"},{"data":"hermit:Dive","floor":32.0,"key":"SMITH"},{"data":"hermit:BlackWind","floor":40,"key":"SMITH"}],"circlet_count":0,"master_deck":["hermit:Strike_Hermit+1","hermit:Strike_Hermit+1","hermit:Defend_Hermit+1","hermit:Defend_Hermit+1","hermit:Defend_Hermit+1","hermit:Defend_Hermit+1","hermit:Snapshot+1","hermit:Covet+1","hermit:PistolWhip+1","hermit:Glare+1","hermit:HoleUp+1","hermit:Roulette+1","hermit:RoundhouseKick+1","hermit:Ricochet+1","hermit:Dive+1","hermit:HighNoon+1","hermit:TakeCover+1","hermit:Headshot+1","hermit:Deadeye+1","hermit:BlackWind+1"],"relics":["hermit:Momento","FossilizedHelix","WingedGreaves","Gambling Chip","Coffee Dripper","Centennial Puzzle","Anchor","Cursed Key","Mark of the Bloom"],"acts_visited":["Exordium","TheCity","TheBeyond"],"potions_floor_usage":[41],"damage_taken":[{"damage":0.0,"enemies":"Cultist","floor":1.0,"turns":3.0},{"damage":0.0,"enemies":"Small Slimes","floor":2.0,"turns":4.0},{"damage":0.0,"enemies":"2 Louse","floor":4.0,"turns":2.0},{"damage":0.0,"enemies":"Large Slime","floor":7.0,"turns":3.0},{"damage":0.0,"enemies":"3 Louse","floor":11.0,"turns":5.0},{"damage":8.0,"enemies":"Gremlin Gang","floor":14.0,"turns":5.0},{"damage":0.0,"enemies":"Slime Boss","floor":16.0,"turns":6.0},{"damage":0.0,"enemies":"Spheric Guardian","floor":18.0,"turns":2.0},{"damage":0.0,"enemies":"Chosen","floor":19.0,"turns":3.0},{"damage":4.0,"enemies":"Centurion and Healer","floor":21.0,"turns":7.0},{"damage":0.0,"enemies":"Chosen and Byrds","floor":24.0,"turns":5.0},{"damage":0.0,"enemies":"Cultist and Chosen","floor":31.0,"turns":5.0},{"damage":0.0,"enemies":"Collector","floor":33.0,"turns":14.0},{"damage":0.0,"enemies":"Orb Walker","floor":35.0,"turns":3.0},{"damage":9.0,"enemies":"3 Darklings","floor":37.0,"turns":7.0},{"damage":0,"enemies":"Orin","floor":41,"turns":4}],"seed_played":"8892889855373312818","potions_obtained":[{"floor":2.0,"key":"SpeedPotion"},{"floor":13.0,"key":"SkillPotion"},{"floor":13.0,"key":"LiquidMemories"},{"floor":16.0,"key":"Dexterity Potion"},{"floor":18.0,"key":"Weak Potion"},{"floor":21.0,"key":"Dexterity Potion"},{"floor":31.0,"key":"SkillPotion"}],"is_trial":false,"path_per_floor":["M","M","?","M","?","R","M","R","T","R","M","?","?","M","R","B",null,"M","M","$","M","?","R","M","?","T","R","$","R","$","M","R","B",null,"M","?","M","?","$","R","?"],"character_chosen":"HERMIT","items_purchased":["hermit:HighNoon","hermit:TakeCover","Anchor","hermit:Headshot","hermit:BlackWind","AttackPotion"],"campfire_rested":0,"item_purchase_floors":[20,20,28,30,39,39],"current_hp_per_floor":[75,75,50,50,39,39,39,39,39,39,39,39,39,31,31,31,75,75,75,75,71,71,71,71,71,71,71,71,71,71,71,71,71,75,75,75,66,66,66,66,66,66],"gold":76,"neow_bonus":"ONE_RARE_RELIC","is_daily":false,"chose_seed":false,"campfire_upgraded":9,"win_rate":0.0,"timestamp":1609617683,"path_taken":["M","?","?","M","?","R","M","R","T","R","M","?","?","M","R","BOSS","M","M","$","?","?","R","M","?","T","R","$","R","$","M","R","BOSS","M","?","?","?","$","R","?"],"items_purchased_type":["Card","Card","Relic","Card","Card","Potion"],"build_version":"2020-12-22","purchased_purges":2,"victory":false,"max_hp_per_floor":[75,75,75,75,75,75,75,75,75,75,75,75,75,75,75,75,75,75,75,75,75,75,75,75,75,75,75,75,75,75,75,75,75,75,75,75,75,75,75,75,75,75],"relic_stats":{"Centennial Puzzle":[3],"Mark of the Bloom":0,"counters":[16,78],"Gambling Chip":[18],"Cursed Key":0,"obtain_stats":[{"Centennial Puzzle":26,"Anchor":28,"Mark of the Bloom":38,"Gambling Chip":9,"WingedGreaves":3,"Coffee Dripper":17,"Cursed Key":34,"hermit:Momento":0,"FossilizedHelix":0},{"Centennial Puzzle":11,"Anchor":11,"Mark of the Bloom":15,"Gambling Chip":4,"WingedGreaves":2,"Coffee Dripper":7,"Cursed Key":13,"hermit:Momento":0,"FossilizedHelix":0},{"Centennial Puzzle":45,"Anchor":45,"Mark of the Bloom":74,"Gambling Chip":12,"WingedGreaves":7,"Coffee Dripper":28,"Cursed Key":64,"hermit:Momento":0,"FossilizedHelix":0}]},"card_choices":[{"not_picked":["hermit:TrackingShot","hermit:Coalescence"],"picked":"hermit:PistolWhip","floor":1.0},{"not_picked":["hermit:EyeOfTheStorm","hermit:Roulette","hermit:LowProfile"],"picked":"SKIP","floor":2.0},{"not_picked":["hermit:Feint","hermit:Desperado"],"picked":"hermit:Glare","floor":4.0},{"not_picked":["hermit:Gestalt","hermit:Quickdraw"],"picked":"hermit:HoleUp","floor":7.0},{"not_picked":["hermit:CalledShot","hermit:Shortfuse","hermit:Glare"],"picked":"SKIP","floor":11.0},{"not_picked":["hermit:EyeOfTheStorm","hermit:Quickdraw"],"picked":"hermit:Roulette","floor":14.0},{"not_picked":["hermit:Magnum","hermit:Roughhouse"],"picked":"hermit:RoundhouseKick","floor":16.0},{"not_picked":["hermit:TrackingShot+1","hermit:ItchyTrigger+1"],"picked":"hermit:Ricochet+1","floor":18.0},{"not_picked":["hermit:CalledShot","hermit:SprayPray"],"picked":"hermit:Dive","floor":19.0},{"not_picked":["hermit:Roulette","hermit:Midnight","hermit:Desperado+1"],"picked":"SKIP","floor":21.0},{"not_picked":["hermit:LuckOfTheDraw","hermit:GoldenBullet","hermit:Quickdraw"],"picked":"SKIP","floor":24.0},{"not_picked":["hermit:Desperado","hermit:OverwhelmingPower","hermit:CalledShot+1"],"picked":"SKIP","floor":31.0},{"not_picked":["hermit:Vantage+1","hermit:CalledShot","hermit:HoleUp+1"],"picked":"SKIP","floor":35.0},{"not_picked":["hermit:HoleUp+1","hermit:SprayPray+1"],"picked":"hermit:Deadeye","floor":37.0}],"player_experience":906352,"relics_obtained":[{"floor":9.0,"key":"Gambling Chip"},{"floor":26.0,"key":"Centennial Puzzle"}],"event_choices":[{"damage_healed":0.0,"max_hp_gain":0.0,"max_hp_loss":0.0,"gold_gain":0.0,"event_name":"Scrap Ooze","player_choice":"Success","floor":3.0,"gold_loss":0.0,"damage_taken":25.0,"relics_obtained":["WingedGreaves"]},{"damage_healed":0.0,"max_hp_gain":0.0,"max_hp_loss":0.0,"gold_gain":75.0,"event_name":"World of Goop","player_choice":"Gather Gold","floor":5.0,"gold_loss":0.0,"damage_taken":11.0},{"damage_healed":0.0,"max_hp_gain":0.0,"max_hp_loss":0.0,"gold_gain":55.0,"event_name":"Golden Wing","player_choice":"Gained Gold","floor":12.0,"gold_loss":0.0,"damage_taken":0.0},{"damage_healed":0.0,"max_hp_gain":0.0,"max_hp_loss":0.0,"gold_gain":0.0,"event_name":"Lab","player_choice":"Got Potions","floor":13.0,"gold_loss":0.0,"damage_taken":0.0},{"damage_healed":0.0,"max_hp_gain":0.0,"max_hp_loss":0.0,"gold_gain":99.0,"event_name":"Nest","player_choice":"Stole From Cult","floor":22.0,"gold_loss":0.0,"damage_taken":0.0},{"damage_healed":0.0,"max_hp_gain":0.0,"max_hp_loss":0.0,"gold_gain":0.0,"event_name":"Vampires","player_choice":"Ignored","floor":25.0,"gold_loss":0.0,"damage_taken":0.0},{"damage_healed":0.0,"max_hp_gain":0.0,"max_hp_loss":0.0,"gold_gain":100.0,"event_name":"Golden Shrine","player_choice":"Pray","floor":36.0,"gold_loss":0.0,"damage_taken":0.0},{"damage_healed":0,"gold_gain":0,"player_choice":"Upgrade","damage_taken":0,"relics_obtained":["Mark of the Bloom"],"max_hp_gain":0,"max_hp_loss":0,"event_name":"MindBloom","floor":38,"gold_loss":0,"cards_upgraded":["hermit:Strike_Hermit","hermit:Strike_Hermit","hermit:Strike_Hermit","hermit:Defend_Hermit","hermit:Defend_Hermit","hermit:Defend_Hermit","hermit:Defend_Hermit","hermit:Covet","hermit:Roulette","hermit:Headshot","hermit:Deadeye"]},{"damage_healed":0,"gold_gain":0,"player_choice":"Fight","damage_taken":0,"max_hp_gain":0,"max_hp_loss":0,"event_name":"OrinTheCat","floor":41,"gold_loss":0}],"is_beta":false,"boss_relics":[{"not_picked":["Velvet Choker","Empty Cage"],"picked":"Coffee Dripper"},{"not_picked":["Runic Dome","Sozu"],"picked":"Cursed Key"}],"items_purged_floors":[20,39],"is_endless":false,"potions_floor_spawned":[2,16,18,21,31],"killed_by":"Orin","ascension_level":0}}