{"host":"3jjxuhjpio8e4zkv","time":1609610060,"event":{"mods":["BaseMod","Colored Map","Highlight Path","Minty Spire (QoL Compilation)","Permanent Neow","Relic Stats","StSLib"],"gold_per_floor":[367,384,41,53,53,53,70,81,135,151,166,166,166,200,200,271,271,284,303,45,63,73,73,73,73,73,73,87,87,98,113,113,188,188,205,205,205,230,190,217,217,244,244,254,289,289,300,330,330,330,330,330,330,1,36,36],"floor_reached":57,"playtime":4041,"items_purged":["Strike_G","Strike_G","Defend_G"],"score":3048,"play_id":"0b132eed-8c5a-4eb1-96ec-c7fb36f474b7","local_time":"20210102125420","is_ascension_mode":true,"campfire_choices":[{"data":"Eviscerate","floor":6,"key":"SMITH"},{"floor":12,"key":"REST"},{"data":"Prepared","floor":15,"key":"SMITH"},{"data":"Concentrate","floor":25,"key":"SMITH"},{"data":"Phantasmal Killer","floor":27,"key":"SMITH"},{"data":"Terror","floor":29,"key":"SMITH"},{"data":"Neutralize","floor":32,"key":"SMITH"},{"data":"Tools of the Trade","floor":41,"key":"SMITH"},{"floor":46,"key":"RECALL"},{"data":"Adrenaline","floor":49,"key":"SMITH"},{"data":"Escape Plan","floor":53,"key":"SMITH"}],"circlet_count":0,"master_deck":["AscendersBane","Defend_G","Defend_G","Survivor","Neutralize+1","Quick Slash+1","Dagger Throw+1","Eviscerate+1","Acrobatics","Outmaneuver","Reflex","Acrobatics","Prepared+1","Adrenaline+1","Phantasmal Killer+1","Backflip","Terror+1","Concentrate+1","Dagger Spray+1","Escape Plan+1","Escape Plan+1","Tools of the Trade+1","Glass Knife+1","Eviscerate+1","Terror+1","Well Laid Plans+1","Deflect+1","Prepared+1","Reflex","Blur","Reflex+1"],"relics":["Ring of the Snake","Centennial Puzzle","Toy Ornithopter","FaceOfCleric","Darkstone Periapt","Philosopher\u0027s Stone","Pen Nib","Astrolabe","Mango","Bronze Scales","Tough Bandages","Whetstone","Letter Opener","Anchor"],"acts_visited":["Exordium","TheCity","TheBeyond","TheEnding"],"potions_floor_usage":[8,10,14,16,18,22,30,39,51,55,56,56],"damage_taken":[{"damage":10,"enemies":"Cultist","floor":1,"turns":6},{"damage":10,"enemies":"Small Slimes","floor":2,"turns":4},{"damage":1,"enemies":"2 Louse","floor":4,"turns":3},{"damage":9,"enemies":"Red Slaver","floor":7,"turns":3},{"damage":0,"enemies":"2 Fungi Beasts","floor":8,"turns":1},{"damage":8,"enemies":"3 Louse","floor":10,"turns":4},{"damage":5,"enemies":"Large Slime","floor":11,"turns":4},{"damage":15,"enemies":"Lagavulin","floor":14,"turns":3},{"damage":20,"enemies":"Slime Boss","floor":16,"turns":10},{"damage":0,"enemies":"2 Thieves","floor":18,"turns":3},{"damage":7,"enemies":"Shell Parasite","floor":19,"turns":6},{"damage":2,"enemies":"Centurion and Healer","floor":21,"turns":4},{"damage":24,"enemies":"Shelled Parasite and Fungi","floor":22,"turns":6},{"damage":0,"enemies":"Snake Plant","floor":28,"turns":2},{"damage":4,"enemies":"Centurion and Healer","floor":30,"turns":2},{"damage":0,"enemies":"3 Cultists","floor":31,"turns":4},{"damage":21,"enemies":"Collector","floor":33,"turns":5},{"damage":17,"enemies":"3 Darklings","floor":35,"turns":2},{"damage":0,"enemies":"Mind Bloom Boss Battle","floor":38,"turns":2},{"damage":0,"enemies":"Giant Head","floor":40,"turns":3},{"damage":0,"enemies":"Reptomancer","floor":42,"turns":2},{"damage":0,"enemies":"Orb Walker","floor":44,"turns":2},{"damage":0,"enemies":"Giant Head","floor":45,"turns":3},{"damage":0,"enemies":"Sphere and 2 Shapes","floor":47,"turns":2},{"damage":0,"enemies":"Reptomancer","floor":48,"turns":2},{"damage":1,"enemies":"Awakened One","floor":50,"turns":5},{"damage":0,"enemies":"Donu and Deca","floor":51,"turns":3},{"damage":11,"enemies":"Shield and Spear","floor":55,"turns":4},{"damage":40,"enemies":"The Heart","floor":56,"turns":6}],"seed_played":"4340943791763170962","potions_obtained":[{"floor":2,"key":"EssenceOfSteel"},{"floor":7,"key":"CunningPotion"},{"floor":10,"key":"LiquidMemories"},{"floor":14,"key":"CunningPotion"},{"floor":16,"key":"DuplicationPotion"},{"floor":21,"key":"Fire Potion"},{"floor":22,"key":"BlessingOfTheForge"},{"floor":30,"key":"LiquidBronze"},{"floor":33,"key":"DuplicationPotion"},{"floor":35,"key":"FearPotion"},{"floor":39,"key":"Fruit Juice"},{"floor":39,"key":"GamblersBrew"},{"floor":55,"key":"DistilledChaos"}],"is_trial":false,"path_per_floor":["M","M","$","M","$","R","M","M","T","M","M","R","?","E","R","B",null,"M","M","$","M","M","?","?","R","T","R","M","R","M","M","R","B",null,"M","?","?","?","?","E","R","E","T","M","E","R","M","E","R","B","B",null,"R","$","E","B",null],"character_chosen":"THE_SILENT","items_purchased":["Eviscerate","Acrobatics","Centennial Puzzle","Terror","Well Laid Plans","EntropicBrew","Blur"],"campfire_rested":1,"item_purchase_floors":[3,3,3,20,20,54,54],"current_hp_per_floor":[34,24,24,23,23,23,14,14,14,11,6,25,25,16,16,2,52,58,52,52,51,33,33,33,33,33,33,34,34,36,37,37,17,61,45,45,45,60,70,71,71,72,72,73,74,74,75,76,76,76,82,96,96,96,91,62],"gold":36,"neow_bonus":"TWO_FIFTY_GOLD","is_daily":false,"chose_seed":false,"campfire_upgraded":9,"win_rate":0.0,"timestamp":1609610060,"path_taken":["M","M","$","M","?","R","M","M","T","?","M","R","?","E","R","BOSS","M","M","$","M","M","?","?","R","T","R","?","R","M","M","R","BOSS","M","?","?","?","?","E","R","E","T","M","E","R","M","E","R","BOSS","BOSS","R","$","E","BOSS"],"items_purchased_type":["Card","Card","Relic","Card","Card","Potion","Card"],"build_version":"2020-12-22","purchased_purges":3,"victory":true,"max_hp_per_floor":[66,66,66,66,66,66,66,66,66,66,66,66,66,67,67,68,68,69,70,70,71,72,72,72,72,72,72,73,73,74,75,75,76,76,77,77,73,88,93,94,94,95,95,96,97,97,98,99,99,100,101,101,101,101,102,103],"relic_stats":{"Darkstone Periapt":0,"counters":[29,106],"Astrolabe":["Glass Knife","Eviscerate","Terror"],"Pen Nib":[16],"Whetstone":["Quick Slash","Dagger Throw"],"Letter Opener":[294],"Centennial Puzzle":[45],"Tough Bandages":[552],"FaceOfCleric":22,"Bronze Scales":[81],"obtain_stats":[{"Darkstone Periapt":14,"Astrolabe":34,"Mango":38,"Pen Nib":26,"Whetstone":45,"Letter Opener":48,"Centennial Puzzle":3,"Tough Bandages":42,"Anchor":55,"FaceOfCleric":13,"Bronze Scales":40,"Philosopher\u0027s Stone":17,"Toy Ornithopter":9,"Ring of the Snake":0},{"Darkstone Periapt":8,"Astrolabe":17,"Mango":19,"Pen Nib":13,"Whetstone":23,"Letter Opener":25,"Centennial Puzzle":2,"Tough Bandages":21,"Anchor":28,"FaceOfCleric":7,"Bronze Scales":20,"Philosopher\u0027s Stone":9,"Toy Ornithopter":5,"Ring of the Snake":0},{"Darkstone Periapt":28,"Astrolabe":70,"Mango":74,"Pen Nib":57,"Whetstone":84,"Letter Opener":88,"Centennial Puzzle":10,"Tough Bandages":79,"Anchor":100,"FaceOfCleric":25,"Bronze Scales":77,"Philosopher\u0027s Stone":38,"Toy Ornithopter":17,"Ring of the Snake":0}],"Toy Ornithopter":55,"Ring of the Snake":[58]},"card_choices":[{"not_picked":["Dagger Spray","Backflip"],"picked":"Quick Slash","floor":1},{"not_picked":["Endless Agony","Bane"],"picked":"Dagger Throw","floor":2},{"not_picked":["Underhanded Strike","Quick Slash","Caltrops"],"picked":"SKIP","floor":4},{"not_picked":["A Thousand Cuts","Underhanded Strike"],"picked":"Outmaneuver","floor":7},{"not_picked":["PiercingWail","Sucker Punch"],"picked":"Reflex","floor":8},{"not_picked":["Skewer","Reflex"],"picked":"Acrobatics","floor":10},{"not_picked":["Crippling Poison","PiercingWail"],"picked":"Prepared","floor":11},{"not_picked":["Slice","Blur"],"picked":"Adrenaline","floor":14},{"not_picked":["A Thousand Cuts","Unload"],"picked":"Phantasmal Killer","floor":16},{"not_picked":["Riddle With Holes","Reflex"],"picked":"Backflip","floor":18},{"not_picked":["Distraction","Predator","Dagger Throw"],"picked":"SKIP","floor":19},{"not_picked":["Escape Plan","Acrobatics"],"picked":"Concentrate","floor":21},{"not_picked":["All Out Attack","Caltrops"],"picked":"Dagger Spray+1","floor":22},{"not_picked":["Deflect","Slice+1"],"picked":"Escape Plan","floor":28},{"not_picked":["Dodge and Roll","Infinite Blades+1","All Out Attack"],"picked":"SKIP","floor":30},{"not_picked":["Dash","PiercingWail"],"picked":"Escape Plan+1","floor":31},{"not_picked":["Malaise","Night Terror"],"picked":"Tools of the Trade","floor":33},{"not_picked":["Acrobatics","Deflect","Prepared"],"picked":"SKIP","floor":35},{"not_picked":["Escape Plan","Poisoned Stab+1"],"picked":"Well Laid Plans+1","floor":38},{"not_picked":["Slice+1","Flechettes","Underhanded Strike"],"picked":"SKIP","floor":40},{"not_picked":["Poisoned Stab+1","Acrobatics+1"],"picked":"Deflect+1","floor":42},{"not_picked":["Distraction","Cloak And Dagger+1","Envenom"],"picked":"SKIP","floor":44},{"not_picked":["Sucker Punch+1","Setup+1"],"picked":"Prepared+1","floor":45},{"not_picked":["Flechettes","All Out Attack"],"picked":"Reflex","floor":47},{"not_picked":["Flying Knee","Dagger Throw+1","Cloak And Dagger+1"],"picked":"SKIP","floor":48},{"not_picked":["Skewer","Endless Agony+1"],"picked":"Reflex+1","floor":55}],"player_experience":1170047,"relics_obtained":[{"floor":9,"key":"Toy Ornithopter"},{"floor":14,"key":"Darkstone Periapt"},{"floor":26,"key":"Pen Nib"},{"floor":38,"key":"Mango"},{"floor":40,"key":"Bronze Scales"},{"floor":42,"key":"Tough Bandages"},{"floor":45,"key":"Whetstone"},{"floor":48,"key":"Letter Opener"},{"floor":55,"key":"Anchor"}],"event_choices":[{"damage_healed":0,"gold_gain":0,"player_choice":"Trade","damage_taken":0,"relics_obtained":["FaceOfCleric"],"max_hp_gain":0,"max_hp_loss":0,"event_name":"FaceTrader","floor":13,"gold_loss":0},{"cards_removed":["Strike_G"],"damage_healed":0,"gold_gain":0,"player_choice":"Elegance","damage_taken":0,"max_hp_gain":0,"max_hp_loss":0,"event_name":"Back to Basics","floor":23,"gold_loss":0},{"cards_removed":["Strike_G"],"damage_healed":0,"gold_gain":0,"player_choice":"Offered Basic","damage_taken":0,"max_hp_gain":0,"max_hp_loss":0,"event_name":"Bonfire Elementals","floor":24,"gold_loss":0},{"cards_removed":["Well Laid Plans"],"damage_healed":0,"gold_gain":0,"player_choice":"Removed Power","damage_taken":0,"max_hp_gain":0,"max_hp_loss":0,"event_name":"Falling","floor":36,"gold_loss":0},{"damage_healed":0,"gold_gain":0,"player_choice":"Max HP","damage_taken":0,"max_hp_gain":0,"max_hp_loss":4,"event_name":"Winding Halls","floor":37,"gold_loss":0},{"damage_healed":0,"gold_gain":0,"player_choice":"Fight","damage_taken":0,"max_hp_gain":0,"max_hp_loss":0,"event_name":"MindBloom","floor":38,"gold_loss":0},{"damage_healed":0,"gold_gain":0,"player_choice":"Bought 3 Potions","damage_taken":0,"max_hp_gain":0,"max_hp_loss":0,"event_name":"The Woman in Blue","floor":39,"gold_loss":0}],"is_beta":false,"boss_relics":[{"not_picked":["Ectoplasm","SlaversCollar"],"picked":"Philosopher\u0027s Stone"},{"not_picked":["WristBlade","Cursed Key"],"picked":"Astrolabe"}],"items_purged_floors":[3,20,54],"is_endless":false,"potions_floor_spawned":[2,7,10,14,16,21,22,30,33,35,45,47,55],"ascension_level":20}}