{"host":"2lvuisjyit3p3u01","time":1609623403,"event":{"mods":["Act Like it!","BaseMod","Bestiary","Better Synergies","CapriCore","Colored Map","Colored Powertips","Duelist Mod","GifTheSpireLib","Minty Spire (QoL Compilation)","Quick Restart","Replay The Spire","StSLib"],"gold_per_floor":[138,138,63,73,85,85,104,104,104,125,135,154,104,114,114,219,219,229,229,229,248,163,163],"floor_reached":22,"playtime":1083,"items_purged":["theDuelist:CastleWalls"],"score":178,"play_id":"b69d6e0d-7e19-447a-b2d9-8efb9611f5cb","local_time":"20210102233643","is_ascension_mode":false,"campfire_choices":[{"data":"theDuelist:WhiteNinja","floor":6,"key":"SMITH"},{"data":"theDuelist:WeepingIdol","floor":15,"key":"SMITH"}],"circlet_count":0,"master_deck":["theDuelist:Sparks","theDuelist:PsychicShockwave","theDuelist:SparkBlaster","theDuelist:Sparks","theDuelist:FinalFlame","theDuelist:CastleWalls","theDuelist:WhiteNinja+1","theDuelist:BattleguardKing","theDuelist:GaiaMidNightSun","theDuelist:WhiteNinja","theDuelist:MagnumShield+1","theDuelist:WormApocalypse","theDuelist:ElectromagneticShield","theDuelist:WeepingIdol+1","theDuelist:KamionTimelord","theDuelist:SpiralSpearStrike","theDuelist:FluteKuriboh","theDuelist:GravityAxe"],"relics":["theDuelist:MillenniumPuzzle","theDuelist:CardPoolRelic","theDuelist:CardPoolBasicRelic","theDuelist:BoosterPackPoolRelic","theDuelist:CardPoolAddRelic","theDuelist:CardPoolMinusRelic","theDuelist:CardPoolSaveRelic","theDuelist:CardPoolOptionsRelic","Replay:Mystery Machine","theDuelist:Monsterbox","theDuelist:GiftAnubis","Matryoshka","Odd Mushroom","Ring of Chaos"],"acts_visited":["Exordium","TheCity"],"potions_floor_usage":[14,16,16,16],"damage_taken":[{"damage":0,"enemies":"2 Louse","floor":1,"turns":3},{"damage":0,"enemies":"Cultist","floor":4,"turns":2},{"damage":0,"enemies":"Jaw Worm","floor":5,"turns":2},{"damage":0,"enemies":"Large Slime","floor":7,"turns":4},{"damage":13,"enemies":"The Mushroom Lair","floor":10,"turns":4},{"damage":0,"enemies":"3 Louse","floor":11,"turns":2},{"damage":6,"enemies":"Blue Slaver","floor":12,"turns":3},{"damage":8,"enemies":"Exordium Wildlife","floor":14,"turns":3},{"damage":20,"enemies":"Slime Boss","floor":16,"turns":9},{"damage":27,"enemies":"2 Thieves","floor":18,"turns":4},{"damage":0,"enemies":"Chosen","floor":21,"turns":4}],"seed_played":"4067945292941437338","potions_obtained":[{"floor":5,"key":"SteroidPotion"},{"floor":7,"key":"theDuelist:OrbBottle"},{"floor":10,"key":"Weak Potion"},{"floor":14,"key":"Milkshake"},{"floor":18,"key":"Dexterity Potion"},{"floor":21,"key":"SpeedPotion"}],"is_trial":false,"path_per_floor":["M","?","$","M","M","R","M","T","T","?","M","M","?","M","R","B",null,"M","?","?","M","$"],"character_chosen":"THE_DUELIST","items_purchased":["theDuelist:Monsterbox","theDuelist:FluteKuriboh","theDuelist:GravityAxe"],"campfire_rested":0,"item_purchase_floors":[3,22,22],"current_hp_per_floor":[80,80,80,80,80,80,80,80,80,67,67,61,61,53,53,33,80,53,79,79,79,79,79],"gold":163,"neow_bonus":"RANDOM_COMMON_RELIC","is_daily":false,"chose_seed":false,"campfire_upgraded":2,"win_rate":0.0,"timestamp":1609623403,"path_taken":["M","?","?","M","M","R","M","?","T","?","M","M","?","M","R","BOSS","M","?","?","M","$"],"items_purchased_type":["Relic","Card","Card"],"build_version":"2020-12-22","purchased_purges":1,"victory":false,"max_hp_per_floor":[80,80,80,80,80,80,80,80,80,80,80,80,80,80,80,80,80,80,80,80,80,80,80],"card_choices":[{"not_picked":["theDuelist:MythicalBeast","theDuelist:DeltaAttacker","theDuelist:Tuningware","theDuelist:SolarWindJammer"],"picked":"theDuelist:PsychicShockwave","floor":1},{"not_picked":["theDuelist:SilentDoom+1","theDuelist:DoubleTool+1","theDuelist:BerserkerCrush+1","theDuelist:AncientGearFist+1"],"picked":"theDuelist:MagnumShield+1","floor":4},{"not_picked":["theDuelist:CoreBlaster","theDuelist:RainbowNeos","theDuelist:StarBlast","theDuelist:GravityBlaster","theDuelist:BreakDraw"],"picked":"SKIP","floor":5},{"not_picked":["theDuelist:YamiForm","theDuelist:Wildfire","theDuelist:SevenCompleted","theDuelist:Raigeki"],"picked":"theDuelist:InstantFusion","floor":7},{"not_picked":["theDuelist:CoreBlaster","theDuelist:EgoBoost","theDuelist:AfterTheStorm","theDuelist:PotDuality"],"picked":"theDuelist:WormApocalypse","floor":10},{"not_picked":["theDuelist:MeteorDestruction","theDuelist:CoreBlaster","theDuelist:CombinationAttack","theDuelist:BigFire","theDuelist:CrossAttack"],"picked":"SKIP","floor":11},{"not_picked":["theDuelist:ImperialOrder","theDuelist:Electrowhip","theDuelist:MiraculousDescent"],"picked":"theDuelist:ElectromagneticShield","floor":12},{"not_picked":["theDuelist:RainbowNeos","theDuelist:DestroyerGolem","theDuelist:DokiDoki","theDuelist:MudGolem"],"picked":"theDuelist:WeepingIdol","floor":14},{"not_picked":["theDuelist:Wildfire","theDuelist:SwordsConcealing","theDuelist:LightLaser","theDuelist:Mathematician"],"picked":"theDuelist:KamionTimelord","floor":16},{"not_picked":["theDuelist:BigKoala","theDuelist:WhiteNinja+1","theDuelist:PreventRat","theDuelist:PotDuality"],"picked":"theDuelist:SpiralSpearStrike","floor":18},{"not_picked":["theDuelist:FrontierWiseman","theDuelist:BlackPendant","theDuelist:Tuningware+1","theDuelist:PreventRat","theDuelist:BattleOx"],"picked":"SKIP","floor":21}],"player_experience":236922,"relics_obtained":[{"floor":8,"key":"theDuelist:GiftAnubis"},{"floor":9,"key":"Matryoshka"},{"floor":10,"key":"Odd Mushroom"}],"event_choices":[{"damage_healed":0,"gold_gain":0,"cards_transformed":["theDuelist:ScrapFactory"],"player_choice":"Transformed","damage_taken":0,"max_hp_gain":0,"max_hp_loss":0,"event_name":"Transmorgrifier","floor":2,"gold_loss":0,"cards_obtained":["theDuelist:SparkBlaster"]},{"damage_healed":0,"gold_gain":0,"player_choice":"Fought Mushrooms","damage_taken":0,"max_hp_gain":0,"max_hp_loss":0,"event_name":"Mushrooms","floor":10,"gold_loss":0},{"cards_removed":["theDuelist:InstantFusion"],"damage_healed":0,"gold_gain":0,"player_choice":"Card Removal","damage_taken":0,"max_hp_gain":0,"max_hp_loss":0,"event_name":"The Cleric","floor":13,"gold_loss":50},{"damage_healed":26,"gold_gain":0,"player_choice":"Heal","damage_taken":0,"max_hp_gain":0,"max_hp_loss":0,"event_name":"The Library","floor":19,"gold_loss":0},{"damage_healed":0,"gold_gain":0,"player_choice":"Leave","duelist":true,"damage_taken":0,"max_hp_gain":0,"max_hp_loss":0,"event_name":"Relic Duplicator","floor":20,"gold_loss":0}],"is_beta":false,"boss_relics":[{"not_picked":["Snecko Scales","Replay:Wanted Poster"],"picked":"Ring of Chaos"}],"items_purged_floors":[3],"is_endless":false,"potions_floor_spawned":[5,7,10,12,14,18,21],"ascension_level":0}}