{"host":"6d7y2d7a0xmat6il","time":1609552923,"event":{"mods":["AchievementEnabler","Aspiration","BaseMod","Better Note","Colored Map","Colored Powertips","Conspire","Highlight Path","Hubris","Infinite Spire","Marisa????????","Minty Spire (QoL Compilation)","Permanent Neow","Replay The Spire","Shop Mod","StSLib","The Wild Card","vexMod"],"gold_per_floor":[111,286,297,354,364,364,396,410,410,410,182,182,82,93,93,196,196,208,208,208,223,241,241,268,268,268,296,296,312,326,266,266,361,461,474,487,53,73,73,73],"floor_reached":39,"playtime":2179,"items_purged":["Doubt","Strike_P","Pain"],"score":446,"play_id":"6198a961-9be3-4116-a432-e7ac7eeb58f3","local_time":"20210101180203","is_ascension_mode":false,"campfire_choices":[{"data":"Eruption","floor":6,"key":"SMITH"},{"floor":10,"key":"REST"},{"data":"WindmillStrike","floor":12,"key":"SMITH"},{"data":"Devotion","floor":15,"key":"SMITH"},{"floor":23,"key":"REST"},{"floor":25,"key":"REST"},{"floor":28,"key":"REST"},{"floor":32,"key":"REST"}],"circlet_count":0,"master_deck":["Strike_P","Defend_P","Defend_P","Defend_P","Defend_P","Eruption+1","Vigilance","Neutralize","hubris:Defend_Merchant","DeusExMachina","EmptyMind","BowlingBash","Prostrate","Prostrate","Halt","WindmillStrike+1","FlurryOfBlows","FearNoEvil+1","Devotion+1","Devotion","SashWhip","SandsOfTime","Study","EmptyFist","ReachHeaven+1","ThirdEye","FlurryOfBlows+1","ConjureBlade","EmptyBody","Brilliance+1","Prostrate+1","Pray","Brilliance+1","Weave+1"],"relics":["PureWater","Ornamental Fan","hubris:OldNail","aspiration:HiddenCompartment","Sozu","WarpedTongs","Vajra","Molten Egg 2","infinitespire:Golems Mask","Replay:Wanted Poster","DollysMirror","aspiration:TomeofQuesting"],"acts_visited":["Exordium","TheCity","TheBeyond"],"potions_floor_usage":[7,8,16,24],"damage_taken":[{"damage":0,"enemies":"Cultist","floor":1,"turns":5},{"damage":0,"enemies":"Small Slimes","floor":3,"turns":3},{"damage":0,"enemies":"2 Louse","floor":5,"turns":3},{"damage":25,"enemies":"Replay:BlueRogue","floor":7,"turns":5},{"damage":0,"enemies":"conspire:2 RoseBushes","floor":8,"turns":4},{"damage":0,"enemies":"Looter","floor":14,"turns":3},{"damage":9,"enemies":"The Guardian","floor":16,"turns":8},{"damage":15,"enemies":"Shell Parasite","floor":18,"turns":5},{"damage":4,"enemies":"Chosen","floor":21,"turns":4},{"damage":21,"enemies":"Shelled Parasite and Fungi","floor":22,"turns":5},{"damage":60,"enemies":"Slavers","floor":24,"turns":6},{"damage":37,"enemies":"Nightmare","floor":27,"turns":7},{"damage":4,"enemies":"conspire:HollyBat","floor":29,"turns":5},{"damage":9,"enemies":"Snake Plant","floor":30,"turns":5},{"damage":20,"enemies":"conspire:MysteriousRune","floor":33,"turns":6},{"damage":25,"enemies":"3 Darklings","floor":35,"turns":4},{"damage":28,"enemies":"3 Shapes","floor":36,"turns":4},{"damage":12,"enemies":"Maw","floor":38,"turns":5},{"damage":31,"enemies":"Transient","floor":39,"turns":3}],"seed_played":"-4717379617914831227","potions_obtained":[{"floor":3,"key":"FearPotion"},{"floor":7,"key":"Fire Potion"},{"floor":8,"key":"LiquidMemories"},{"floor":14,"key":"Energy Potion"},{"floor":16,"key":"Energy Potion"}],"is_trial":false,"path_per_floor":["M","?","M","?","M","R","E","M","T","R","$","R","$","M","R","B",null,"M","?","?","M","M","R","E","R","T","NM","R","M","M","?","R","B",null,"M","M","$","M","M"],"character_chosen":"WATCHER","items_purchased":["FearNoEvil+1","FairyPotion","DollysMirror","aspiration:TomeofQuesting"],"campfire_rested":5,"item_purchase_floors":[11,11,37,37],"current_hp_per_floor":[72,72,72,44,44,44,19,19,19,40,40,40,40,40,40,31,72,57,57,57,53,32,53,36,57,57,20,41,37,28,28,49,29,72,47,19,19,7,0,0],"gold":73,"neow_bonus":"THREE_RARE_CARDS","is_daily":false,"chose_seed":false,"campfire_upgraded":3,"win_rate":0.0,"timestamp":1609552923,"path_taken":["M","?","M","?","M","R","E","M","T","R","$","R","?","M","R","BOSS","M","?","?","M","M","R","E","R","T","NM","R","?","M","?","R","BOSS","M","M","$","M","?"],"items_purchased_type":["Card","Potion","Relic","Relic"],"build_version":"2020-12-22","purchased_purges":3,"victory":false,"max_hp_per_floor":[72,72,72,72,72,72,72,72,72,72,72,72,72,72,72,72,72,72,72,72,72,72,72,72,72,72,72,72,72,72,72,72,72,72,72,72,72,72,72,72],"card_choices":[{"not_picked":["Judgement","Establishment"],"picked":"DeusExMachina","floor":0},{"not_picked":["FlyingSleeves","JustLucky"],"picked":"EmptyMind","floor":1},{"not_picked":["Replay:Vibes","Replay:AtTheReady"],"picked":"BowlingBash","floor":3},{"not_picked":["EmptyBody","Judgement"],"picked":"Prostrate","floor":4},{"not_picked":["JustLucky","BowlingBash"],"picked":"Prostrate","floor":4},{"not_picked":["Evaluate","Weave"],"picked":"Halt","floor":5},{"not_picked":["Replay:Battleflow","MentalFortress"],"picked":"WindmillStrike","floor":7},{"not_picked":["Replay:AtTheReady","MentalFortress"],"picked":"FlurryOfBlows","floor":8},{"not_picked":["ForeignInfluence","SandsOfTime"],"picked":"Devotion","floor":14},{"not_picked":["DeusExMachina","Blasphemy"],"picked":"Devotion","floor":16},{"not_picked":["Pray","CrushJoints"],"picked":"SashWhip","floor":18},{"not_picked":["Adaptation","Collect"],"picked":"SandsOfTime","floor":21},{"not_picked":["Weave","WheelKick"],"picked":"Study","floor":22},{"not_picked":["SashWhip+1","Study"],"picked":"EmptyFist","floor":24},{"not_picked":["EmptyBody","Judgement"],"picked":"ReachHeaven+1","floor":27},{"not_picked":["Crescendo","BowlingBash+1"],"picked":"ThirdEye","floor":29},{"not_picked":["BowlingBash+1","Consecrate+1"],"picked":"FlurryOfBlows+1","floor":30},{"not_picked":["MasterReality","Replay:LoomingThreat"],"picked":"Brilliance+1","floor":33},{"not_picked":["Evaluate+1","Replay:Hum+1"],"picked":"Prostrate+1","floor":35},{"not_picked":["FlyingSleeves+1","Replay:ManipulateFuture"],"picked":"Pray","floor":36},{"not_picked":["Replay:Anticipation+1","LikeWater+1"],"picked":"Weave+1","floor":38}],"player_experience":163978,"relics_obtained":[{"floor":4,"key":"Ornamental Fan"},{"floor":7,"key":"hubris:OldNail"},{"floor":9,"key":"aspiration:HiddenCompartment"},{"floor":24,"key":"Vajra"},{"floor":26,"key":"Molten Egg 2"},{"floor":27,"key":"infinitespire:Golems Mask"}],"event_choices":[{"damage_healed":0,"gold_gain":175,"player_choice":"AGREE","damage_taken":0,"max_hp_gain":0,"max_hp_loss":0,"event_name":"Liars Game","floor":2,"gold_loss":0,"cards_obtained":["Doubt"]},{"damage_healed":0,"gold_gain":0,"player_choice":"Rummage","damage_taken":0,"relics_obtained":["WarpedTongs"],"max_hp_gain":0,"max_hp_loss":0,"event_name":"Accursed Blacksmith","floor":19,"gold_loss":0,"cards_obtained":["Pain"]},{"damage_healed":0,"gold_gain":0,"player_choice":"Ignored","damage_taken":0,"max_hp_gain":0,"max_hp_loss":0,"event_name":"betterNote:BetterNote","floor":20,"gold_loss":0,"cards_obtained":["Ghostly"]},{"damage_healed":0,"gold_gain":0,"cards_transformed":["Strike_P","Strike_P"],"player_choice":"Transformed Cards","damage_taken":0,"max_hp_gain":0,"max_hp_loss":0,"event_name":"Designer","floor":31,"gold_loss":60,"cards_obtained":["ConjureBlade","EmptyBody"]}],"is_beta":false,"boss_relics":[{"not_picked":["Tiny House","Fusion Hammer"],"picked":"Sozu"},{"not_picked":["hubris:GrandSneckoEye","ReplayTheSpireMod:Onyx Gauntlets"],"picked":"Replay:Wanted Poster"}],"items_purged_floors":[11,13,37],"is_endless":true,"potions_floor_spawned":[3,7,8,14,16,18,24,33,35,38],"killed_by":"Transient","ascension_level":0}}