{"host":"zy4ofcxmwenbynzh","time":1609577324,"event":{"mods":["AchievementEnabler","BaseMod","Colored Map","Colored Powertips","Googly Eyes","Minty Spire (QoL Compilation)","StSLib","slay the spire mod where everything is the same but ironclad has a cowboy hat"],"gold_per_floor":[119,119,135,148,163,163,177,191,244,278,31,31,49,79,79,181,181,193,193,178,128,143,175,175,175,175,207,10,10,39,51,51,147,147,164,114,114,126,139,164,174,209,209,229,247,46,46,46,46,46,46],"floor_reached":50,"playtime":3056,"items_purged":["Writhe","Strike_G","Defend_G","Defend_G"],"score":764,"play_id":"528d5681-3c8a-41ad-9969-f91418ce294a","local_time":"20210102034844","is_ascension_mode":true,"campfire_choices":[{"data":"Bouncing Flask","floor":6,"key":"SMITH"},{"data":"Apotheosis","floor":12,"key":"SMITH"},{"data":"Noxious Fumes","floor":15,"key":"SMITH"},{"data":"Envenom","floor":24,"key":"SMITH"},{"data":"Dodge and Roll","floor":32,"key":"SMITH"},{"floor":49,"key":"REST"}],"circlet_count":0,"master_deck":["Strike_G","Defend_G","Survivor","Neutralize","Underhanded Strike","Bane","Backflip","Bouncing Flask+1","PiercingWail","Tactician","Deflect+1","Bouncing Flask","Noxious Fumes+1","Apotheosis+1","Poisoned Stab","Dodge and Roll+1","Envenom+1","Outmaneuver","Poisoned Stab","Tactician","Reflex","Dodge and Roll+1","Ghostly","Ghostly","Ghostly","Ghostly","Ghostly","Tactician","Tactician","Burst+1","Poisoned Stab+1","Bane+1","Bouncing Flask+1","Noxious Fumes+1","Bane+1","Poisoned Stab+1"],"relics":["Ring of the Snake","Gambling Chip","Smiling Mask","Meat on the Bone","Art of War","Velvet Choker","Toy Ornithopter","Torii","Mummified Hand","War Paint","Bronze Scales","Vajra","Empty Cage","HornCleat","Dream Catcher","Shuriken","TwistedFunnel"],"acts_visited":["Exordium","TheCity","TheBeyond"],"potions_floor_usage":[10,16,30,39,42,45,47,50],"damage_taken":[{"damage":0,"enemies":"Small Slimes","floor":1,"turns":3},{"damage":0,"enemies":"Jaw Worm","floor":3,"turns":4},{"damage":0,"enemies":"2 Louse","floor":4,"turns":2},{"damage":3,"enemies":"Exordium Thugs","floor":5,"turns":5},{"damage":3,"enemies":"Looter","floor":7,"turns":3},{"damage":8,"enemies":"3 Louse","floor":8,"turns":6},{"damage":6,"enemies":"Lagavulin","floor":10,"turns":5},{"damage":2,"enemies":"Large Slime","floor":13,"turns":5},{"damage":2,"enemies":"3 Sentries","floor":14,"turns":6},{"damage":5,"enemies":"Hexaghost","floor":16,"turns":8},{"damage":1,"enemies":"Chosen","floor":18,"turns":4},{"damage":22,"enemies":"2 Thieves","floor":20,"turns":4},{"damage":17,"enemies":"Centurion and Healer","floor":22,"turns":7},{"damage":13,"enemies":"Book of Stabbing","floor":23,"turns":4},{"damage":30,"enemies":"Slavers","floor":27,"turns":6},{"damage":12,"enemies":"Book of Stabbing","floor":30,"turns":4},{"damage":0,"enemies":"Snake Plant","floor":31,"turns":3},{"damage":10,"enemies":"Champ","floor":33,"turns":12},{"damage":13,"enemies":"3 Darklings","floor":35,"turns":6},{"damage":0,"enemies":"3 Shapes","floor":38,"turns":5},{"damage":24,"enemies":"Maw","floor":39,"turns":9},{"damage":2,"enemies":"Reptomancer","floor":40,"turns":7},{"damage":0,"enemies":"Sphere and 2 Shapes","floor":41,"turns":6},{"damage":24,"enemies":"Nemesis","floor":42,"turns":9},{"damage":2,"enemies":"4 Shapes","floor":44,"turns":4},{"damage":11,"enemies":"Spire Growth","floor":45,"turns":5},{"damage":28,"enemies":"Reptomancer","floor":47,"turns":3},{"damage":47,"enemies":"Donu and Deca","floor":50,"turns":8}],"seed_played":"-4301601563808057095","potions_obtained":[{"floor":3,"key":"SteroidPotion"},{"floor":4,"key":"CultistPotion"},{"floor":7,"key":"Regen Potion"},{"floor":13,"key":"GamblersBrew"},{"floor":14,"key":"SkillPotion"},{"floor":18,"key":"DuplicationPotion"},{"floor":39,"key":"SmokeBomb"},{"floor":40,"key":"SkillPotion"},{"floor":42,"key":"Fire Potion"},{"floor":45,"key":"Fruit Juice"}],"is_trial":false,"path_per_floor":["M","?","M","M","M","R","M","M","T","E","$","R","M","E","R","B",null,"M","?","M","$","M","E","R","?","T","E","$","?","E","M","R","B",null,"M","$","?","M","M","E","M","E","T","M","M","$","E","$","R","B"],"character_chosen":"THE_SILENT","items_purchased":["Noxious Fumes","Apotheosis","Bronze Scales","TwistedFunnel"],"campfire_rested":1,"item_purchase_floors":[11,11,28,46],"current_hp_per_floor":[49,42,42,42,39,39,36,28,28,36,36,36,46,44,44,39,70,69,69,47,47,42,41,41,41,41,23,23,23,28,28,28,18,35,22,22,22,22,15,25,25,18,18,28,39,39,28,28,40,0,0],"gold":46,"neow_bonus":"TRANSFORM_TWO_CARDS","is_daily":false,"chose_seed":false,"campfire_upgraded":5,"win_rate":0.0,"timestamp":1609577324,"path_taken":["M","?","M","M","M","R","M","M","T","E","$","R","M","E","R","BOSS","M","?","M","$","M","E","R","?","T","E","?","?","E","M","R","BOSS","M","$","?","M","M","E","M","E","T","M","M","$","E","?","R","BOSS"],"items_purchased_type":["Card","Card","Relic","Relic"],"build_version":"2020-12-22","purchased_purges":4,"victory":false,"max_hp_per_floor":[70,70,70,70,70,70,70,70,70,70,70,70,70,70,70,70,70,70,70,70,70,70,70,70,70,70,70,70,35,35,35,35,35,35,35,35,35,35,35,35,35,35,35,35,40,40,40,40,40,40,40],"card_choices":[{"not_picked":["Terror","Expertise"],"picked":"Backflip","floor":1},{"not_picked":["Flying Knee","Masterful Stab"],"picked":"Bouncing Flask","floor":3},{"not_picked":["Underhanded Strike","Dagger Throw"],"picked":"PiercingWail","floor":4},{"not_picked":["Acrobatics","Flying Knee"],"picked":"Tactician","floor":5},{"not_picked":["Skewer","A Thousand Cuts"],"picked":"Deflect","floor":7},{"not_picked":["Blur","Outmaneuver"],"picked":"Bouncing Flask","floor":8},{"not_picked":["Flying Knee","Heel Hook","Dash"],"picked":"SKIP","floor":10},{"not_picked":["PiercingWail","Prepared"],"picked":"Poisoned Stab","floor":13},{"not_picked":["Doppelganger","Slice"],"picked":"Dodge and Roll","floor":14},{"not_picked":["Adrenaline","Storm of Steel"],"picked":"Envenom","floor":16},{"not_picked":["Heel Hook","Quick Slash"],"picked":"Outmaneuver","floor":18},{"not_picked":["Setup+1","Acrobatics"],"picked":"Poisoned Stab","floor":20},{"not_picked":["Dagger Throw+1","Cloak And Dagger","Choke"],"picked":"SKIP","floor":22},{"not_picked":["Footwork","Accuracy"],"picked":"Tactician","floor":23},{"not_picked":["Distraction","Expertise"],"picked":"Dodge and Roll","floor":27},{"not_picked":["Prepared","Calculated Gamble+1"],"picked":"Tactician","floor":30},{"not_picked":["Outmaneuver","Slice"],"picked":"Tactician","floor":31},{"not_picked":["Venomology","Doppelganger"],"picked":"Burst","floor":33},{"not_picked":["Masterful Stab","Quick Slash+1"],"picked":"Poisoned Stab+1","floor":35},{"not_picked":["Escape Plan+1","Masterful Stab"],"picked":"Bane+1","floor":38},{"not_picked":["Riddle With Holes+1","Choke+1"],"picked":"Bouncing Flask+1","floor":39},{"not_picked":["Tactician+1","Outmaneuver","Deflect+1"],"picked":"SKIP","floor":40},{"not_picked":["Distraction+1","Blade Dance","Slice+1"],"picked":"SKIP","floor":41},{"not_picked":["Endless Agony+1","Malaise"],"picked":"Noxious Fumes+1","floor":42},{"not_picked":["Blade Dance+1","Riddle With Holes","Outmaneuver+1"],"picked":"SKIP","floor":44},{"not_picked":["Well Laid Plans+1","Prepared+1"],"picked":"Bane+1","floor":45},{"not_picked":["Heel Hook","Accuracy+1"],"picked":"Poisoned Stab+1","floor":49}],"player_experience":290020,"relics_obtained":[{"floor":9,"key":"Smiling Mask"},{"floor":10,"key":"Meat on the Bone"},{"floor":14,"key":"Art of War"},{"floor":23,"key":"Torii"},{"floor":26,"key":"Mummified Hand"},{"floor":27,"key":"War Paint"},{"floor":30,"key":"Vajra"},{"floor":40,"key":"HornCleat"},{"floor":42,"key":"Dream Catcher"},{"floor":43,"key":"Shuriken"}],"event_choices":[{"damage_healed":0,"gold_gain":0,"player_choice":"Success","damage_taken":7,"relics_obtained":["Gambling Chip"],"max_hp_gain":0,"max_hp_loss":0,"event_name":"Scrap Ooze","floor":2,"gold_loss":0},{"damage_healed":0,"gold_gain":0,"player_choice":"Opened","damage_taken":0,"relics_obtained":["Toy Ornithopter"],"max_hp_gain":0,"max_hp_loss":0,"event_name":"The Mausoleum","floor":19,"gold_loss":0,"cards_obtained":["Writhe"]},{"damage_healed":0,"gold_gain":0,"cards_transformed":["Strike_G","Defend_G"],"player_choice":"Became Test Subject","damage_taken":0,"max_hp_gain":0,"max_hp_loss":0,"event_name":"Drug Dealer","floor":25,"gold_loss":0,"cards_obtained":["Reflex","Blade Dance"]},{"damage_healed":0,"gold_gain":0,"player_choice":"Became a Ghost","damage_taken":0,"max_hp_gain":0,"max_hp_loss":35,"event_name":"Ghosts","floor":29,"gold_loss":0,"cards_obtained":["Ghostly","Ghostly","Ghostly","Ghostly","Ghostly"]},{"damage_healed":0,"gold_gain":0,"player_choice":"Forge","damage_taken":0,"max_hp_gain":0,"max_hp_loss":0,"event_name":"Accursed Blacksmith","floor":37,"gold_loss":0,"cards_upgraded":["Burst"]}],"is_beta":false,"boss_relics":[{"not_picked":["Runic Pyramid","Runic Dome"],"picked":"Velvet Choker"},{"not_picked":["Busted Crown","Snecko Eye"],"picked":"Empty Cage"}],"items_purged_floors":[21,28,36,46],"is_endless":false,"potions_floor_spawned":[3,4,7,13,14,18,22,23,27,39,40,42,45,47],"killed_by":"Donu and Deca","ascension_level":2}}