{"host":"kfumdudmm22ibbgw","time":1609630606,"event":{"mods":["BaseMod","Minty Spire (QoL Compilation)"],"gold_per_floor":[112,187,202,219,239,239,254,329,354,124,124,134,134,154,154,256,256,266,279,52,0,0,0],"floor_reached":22,"playtime":1412,"items_purged":["Strike_B"],"score":178,"play_id":"66677400-d38f-41a2-b85a-3f75b0321666","local_time":"20210103003646","is_ascension_mode":false,"campfire_choices":[{"data":"Zap","floor":6,"key":"SMITH"},{"data":"Dualcast","floor":11,"key":"SMITH"},{"data":"Echo Form","floor":13,"key":"SMITH"},{"data":"Defend_B","floor":15,"key":"SMITH"}],"circlet_count":0,"master_deck":["Strike_B","Strike_B","Strike_B","Defend_B","Defend_B+1","Defend_B","Defend_B","Zap+1","Dualcast+1","Echo Form+1","Echo Form","Capacitor"],"relics":["Cracked Core","NeowsBlessing","Nunchaku","Lee\u0027s Waffle","Cursed Key","Happy Flower"],"acts_visited":["Exordium","TheCity"],"potions_floor_usage":[16],"damage_taken":[{"damage":0,"enemies":"2 Louse","floor":1,"turns":1},{"damage":0,"enemies":"Cultist","floor":3,"turns":1},{"damage":0,"enemies":"Small Slimes","floor":4,"turns":1},{"damage":11,"enemies":"Blue Slaver","floor":5,"turns":4},{"damage":8,"enemies":"2 Fungi Beasts","floor":7,"turns":4},{"damage":1,"enemies":"Large Slime","floor":12,"turns":6},{"damage":2,"enemies":"3 Louse","floor":14,"turns":4},{"damage":2,"enemies":"The Guardian","floor":16,"turns":11},{"damage":5,"enemies":"Chosen","floor":18,"turns":6},{"damage":16,"enemies":"3 Byrds","floor":19,"turns":5},{"damage":66,"enemies":"Cultist and Chosen","floor":22,"turns":9}],"seed_played":"2336408925313877319","potions_obtained":[{"floor":3,"key":"LiquidMemories"},{"floor":4,"key":"FearPotion"},{"floor":14,"key":"Swift Potion"},{"floor":19,"key":"BlessingOfTheForge"}],"is_trial":false,"path_per_floor":["M","?","M","M","M","R","M","?","T","$","R","M","R","M","R","B",null,"M","M","$","?","M"],"character_chosen":"DEFECT","items_purchased":["Lee\u0027s Waffle","Capacitor","Happy Flower"],"campfire_rested":0,"item_purchase_floors":[10,20,20],"current_hp_per_floor":[75,68,68,68,57,57,49,38,38,82,82,81,81,79,79,77,82,77,61,61,61,0,0],"gold":0,"neow_bonus":"THREE_ENEMY_KILL","is_daily":false,"chose_seed":false,"campfire_upgraded":4,"win_rate":0.0,"timestamp":1609630606,"path_taken":["M","?","M","M","M","R","?","?","T","$","R","M","R","M","R","BOSS","M","M","$","?","M"],"items_purchased_type":["Relic","Card","Relic"],"build_version":"2020-12-22","purchased_purges":1,"victory":false,"max_hp_per_floor":[75,75,75,75,75,75,75,75,75,82,82,82,82,82,82,82,82,82,82,82,82,82,82],"card_choices":[{"not_picked":["Ball Lightning","Turbo","Force Field"],"picked":"SKIP","floor":1},{"not_picked":["Streamline","Stack","Ball Lightning"],"picked":"SKIP","floor":3},{"not_picked":["Scrape","Darkness","Stack"],"picked":"SKIP","floor":4},{"not_picked":["Ball Lightning","Compile Driver","Fusion"],"picked":"SKIP","floor":5},{"not_picked":["Gash","Barrage","Sunder"],"picked":"SKIP","floor":7},{"not_picked":["Turbo","Barrage"],"picked":"Echo Form","floor":12},{"not_picked":["Beam Cell","Fusion","Aggregate"],"picked":"SKIP","floor":14},{"not_picked":["Biased Cognition","Creative AI"],"picked":"Echo Form","floor":16},{"not_picked":["Steam Power","FTL","Force Field"],"picked":"SKIP","floor":18},{"not_picked":["Barrage+1","Self Repair","Tempest+1"],"picked":"SKIP","floor":19}],"player_experience":165203,"relics_obtained":[{"floor":9,"key":"Nunchaku"}],"event_choices":[{"damage_healed":0,"gold_gain":75,"player_choice":"Touch","damage_taken":7,"max_hp_gain":0,"max_hp_loss":0,"event_name":"FaceTrader","floor":2,"gold_loss":0},{"damage_healed":0,"gold_gain":75,"player_choice":"Gather Gold","damage_taken":11,"max_hp_gain":0,"max_hp_loss":0,"event_name":"World of Goop","floor":8,"gold_loss":0},{"damage_healed":0,"gold_gain":0,"player_choice":"Paid Fearfully","damage_taken":0,"max_hp_gain":0,"max_hp_loss":0,"event_name":"Masked Bandits","floor":21,"gold_loss":52}],"is_beta":false,"boss_relics":[{"not_picked":["Philosopher\u0027s Stone","Fusion Hammer"],"picked":"Cursed Key"}],"items_purged_floors":[10],"is_endless":false,"potions_floor_spawned":[3,4,14,19],"killed_by":"Cultist and Chosen","ascension_level":0}}