{"host":"aaqofma31c3gm2hj","time":1609598755,"event":{"mods":["BaseMod","Minty Spire (QoL Compilation)","Replay The Spire","Spicy Shops","StSLib"],"gold_per_floor":[119,119,89,103,114,114,145,145,145,170,181,181,194,245,245,340,340,360,360,14,37,55,88,104,122,122,122,122,122,122,122],"floor_reached":30,"playtime":929,"items_purged":["Defend_P","Strike_P"],"score":590,"play_id":"4dcb92f3-ac9e-450f-85b5-7eb4060e57b3","local_time":"20210102224555","is_ascension_mode":true,"campfire_choices":[{"data":"Eruption","floor":6.0,"key":"SMITH"},{"data":"ForeignInfluence","floor":8.0,"key":"SMITH"},{"data":"Collect","floor":15.0,"key":"SMITH"},{"floor":27.0,"key":"REST"}],"circlet_count":0,"master_deck":["AscendersBane","Strike_P+1","Defend_P+1","Eruption+1","Vigilance+1","TalkToTheHand+1","Collect+1","ForeignInfluence+1","Steam+1","ClearTheMind+1","FollowUp","LessonLearned+1","InnerPeace+1","Brilliance+1","WheelKick+1","Ragnarok+1"],"relics":["PureWater","Molten Egg 2","Replay:Accelerometer","Simple Rune","Golden Idol","Lizard Tail","VioletLotus","TheAbacus","Singing Bowl","Torii"],"acts_visited":["Exordium","TheCity"],"potions_floor_usage":[],"damage_taken":[{"damage":0.0,"enemies":"Cultist","floor":1.0,"turns":2.0},{"damage":4.0,"enemies":"2 Louse","floor":4.0,"turns":3.0},{"damage":4.0,"enemies":"Small Slimes","floor":5.0,"turns":3.0},{"damage":4.0,"enemies":"Lagavulin","floor":7.0,"turns":5.0},{"damage":5.0,"enemies":"Gremlin Nob","floor":10.0,"turns":3.0},{"damage":10.0,"enemies":"Exordium Thugs","floor":11.0,"turns":3.0},{"damage":12.0,"enemies":"Red Slaver","floor":13.0,"turns":3.0},{"damage":0.0,"enemies":"Lagavulin","floor":14.0,"turns":4.0},{"damage":12.0,"enemies":"Slime Boss","floor":16.0,"turns":7.0},{"damage":0.0,"enemies":"Spheric Guardian","floor":18.0,"turns":2.0},{"damage":10.0,"enemies":"3 Byrds","floor":21.0,"turns":4.0},{"damage":16.0,"enemies":"Snake Plant","floor":22.0,"turns":2.0},{"damage":4.0,"enemies":"Replay:Snechameleon","floor":23.0,"turns":6.0},{"damage":11.0,"enemies":"Sentry and Sphere","floor":24.0,"turns":3.0},{"damage":0.0,"enemies":"Cultist and Chosen","floor":25.0,"turns":4.0},{"damage":0,"enemies":"Book of Stabbing","floor":30,"turns":1}],"seed_played":"-2833309720371129406","potions_obtained":[{"floor":3.0,"key":"Reflective Coating"},{"floor":3.0,"key":"Adrenaline Potion"},{"floor":7.0,"key":"SkillPotion"},{"floor":11.0,"key":"Explosive Potion"},{"floor":13.0,"key":"SteroidPotion"},{"floor":18.0,"key":"PowerPotion"},{"floor":22.0,"key":"Regen Potion"},{"floor":23.0,"key":"GamblersBrew"},{"floor":25.0,"key":"Energy Potion"}],"is_trial":false,"path_per_floor":["M","?","?","M","M","R","E","R","T","E","M","?","M","E","R","B",null,"M","?","$","M","M","E","M","M","T","R","$","?","E"],"character_chosen":"WATCHER","items_purchased":["TheAbacus"],"campfire_rested":1,"item_purchase_floors":[20],"current_hp_per_floor":[61,61,61,57,53,53,49,49,49,44,34,34,22,22,22,10,45,45,45,45,35,19,17,17,19,19,37,37,37,37,37],"gold":122,"neow_bonus":"TRANSFORM_TWO_CARDS","is_daily":false,"chose_seed":false,"campfire_upgraded":3,"win_rate":0.0,"timestamp":1609598755,"path_taken":["M","?","?","M","?","R","E","R","T","E","M","?","M","E","R","BOSS","M","?","$","?","M","E","M","M","T","R","$","?","E"],"items_purchased_type":["Relic"],"build_version":"2020-12-22","purchased_purges":2,"victory":false,"max_hp_per_floor":[62,62,62,62,62,62,62,62,62,62,62,56,56,56,56,56,56,56,56,56,56,56,58,60,62,62,62,62,62,62,62],"card_choices":[{"not_picked":["SashWhip","FollowUp","Prostrate"],"picked":"SKIP","floor":1.0},{"not_picked":["Sanctity","ReachHeaven"],"picked":"ClearTheMind","floor":4.0},{"not_picked":["WaveOfTheHand","SashWhip"],"picked":"FollowUp","floor":5.0},{"not_picked":["SandsOfTime+1","Halt","Replay:BluntJabs+1"],"picked":"SKIP","floor":7.0},{"not_picked":["Replay:BluntJabs+1","SashWhip+1","DeceiveReality"],"picked":"SKIP","floor":10.0},{"not_picked":["FollowUp+1","Sanctity"],"picked":"LessonLearned+1","floor":11.0},{"not_picked":["ThirdEye","FlyingSleeves+1"],"picked":"InnerPeace","floor":13.0},{"not_picked":["DeceiveReality","FollowUp+1","WreathOfFlame"],"picked":"SKIP","floor":14.0},{"not_picked":["Alpha","Wish"],"picked":"Brilliance+1","floor":16.0},{"not_picked":["ReachHeaven+1","EmptyBody","PathToVictory"],"picked":"SKIP","floor":18.0},{"not_picked":["Replay:Vibes","SashWhip+1"],"picked":"WheelKick+1","floor":21.0},{"not_picked":["Pray","CutThroughFate+1"],"picked":"Ragnarok+1","floor":22.0},{"not_picked":["Replay:Vibes","Replay:ManipulateFuture","Replay:BluntJabs+1"],"picked":"Singing Bowl","floor":23.0},{"not_picked":["Vengeance","FlurryOfBlows+1","Worship"],"picked":"Singing Bowl","floor":24.0},{"not_picked":["Consecrate+1","ThirdEye","PathToVictory"],"picked":"Singing Bowl","floor":25.0}],"player_experience":551557,"relics_obtained":[{"floor":7.0,"key":"Molten Egg 2"},{"floor":9.0,"key":"Replay:Accelerometer"},{"floor":10.0,"key":"Simple Rune"},{"floor":14.0,"key":"Lizard Tail"},{"floor":23.0,"key":"Singing Bowl"},{"floor":26.0,"key":"Torii"}],"event_choices":[{"damage_healed":0.0,"max_hp_gain":0.0,"max_hp_loss":0.0,"gold_gain":0.0,"event_name":"The Woman in Blue","player_choice":"Bought 2 Potions","floor":3.0,"gold_loss":0.0,"damage_taken":0.0},{"damage_healed":0.0,"max_hp_gain":0.0,"max_hp_loss":6.0,"gold_gain":0.0,"event_name":"Golden Idol","player_choice":"Lose Max HP","floor":12.0,"gold_loss":0.0,"damage_taken":0.0,"relics_obtained":["Golden Idol"]},{"damage_healed":0.0,"max_hp_gain":0.0,"max_hp_loss":0.0,"gold_gain":0.0,"event_name":"Upgrade Shrine","player_choice":"Upgraded","floor":19.0,"gold_loss":0.0,"damage_taken":0.0,"cards_upgraded":["ClearTheMind"]}],"is_beta":false,"boss_relics":[{"not_picked":["Ectoplasm","SacredBark"],"picked":"VioletLotus"}],"items_purged_floors":[20,20],"is_endless":false,"potions_floor_spawned":[7,11,13,18,22,23,25],"killed_by":"Book of Stabbing","ascension_level":20}}