{"host":"51mqhfpmwwd4kxyt","time":1609613414,"event":{"mods":["BaseMod","Downfall","Googly Eyes","Highlight Path","Minty Spire (QoL Compilation)","READ ME - Guardian Mod","StSLib","The Cursed","The Servant 0.9.4"],"gold_per_floor":[109,124,124,142,160,185,185,185,208,188,188,201,233,233,233,330,330,350,350,81,100,280,314,314,332,355,383,395,8,39,58,58,163,163,178,198,198,248,329,355,355,389,389,420,126,126,126,142,142,142,142,142,42,73,73],"floor_reached":56,"playtime":3748,"items_purged":["Regret","Strike_B"],"score":1551,"play_id":"3e061b00-db01-4f79-a801-f9d36370a5db","local_time":"20210102135014","is_ascension_mode":true,"campfire_choices":[{"floor":7,"key":"REST"},{"floor":11,"key":"REST"},{"data":"Hologram","floor":15,"key":"SMITH"},{"floor":24,"key":"REST"},{"floor":32,"key":"REST"},{"floor":41,"key":"RECALL"},{"data":"Apotheosis","floor":47,"key":"SMITH"},{"data":"Turbo","floor":49,"key":"SMITH"},{"data":"TheCursedMod:Dregs","floor":52,"key":"PURGE"}],"circlet_count":0,"master_deck":["Strike_B","Strike_B","Defend_B","Defend_B","Defend_B","Defend_B","Zap","Dualcast","Turbo+1","Hologram+1","Glacier","Go for the Eyes","Skim","Hello World","Seek","FTL","Meteor Strike","Compile Driver","White Noise","expansioncontent:DashGenerateEvil","Sweeping Beam","expansioncontent:Chronoboost","Skim","Sweeping Beam","Chill","Apotheosis+1","Coolheaded+1","Seek","Compile Driver","Rainbow","Double Energy+1","Hologram+1","Compile Driver","Stack+1","Echo Form","Chrysalis","Violence","Double Energy","Chaos+1"],"relics":["SacredBark","Ornamental Fan","Pear","Dream Catcher","Centennial Puzzle","Strawberry","Cursed Key","Vajra","Toy Ornithopter","Ice Cream","Omamori","TungstenRod","Nuclear Battery","Peace Pipe","Kunai","Juzu Bracelet","PreservedInsect","Oddly Smooth Stone","Lee\u0027s Waffle","Nunchaku"],"acts_visited":["Exordium","TheCity","TheBeyond","TheEnding"],"potions_floor_usage":[5,16,16,18,23,23,23,27,27,27,27,30,55,55],"damage_taken":[{"damage":3,"enemies":"2 Louse","floor":1,"turns":3},{"damage":1,"enemies":"Cultist","floor":2,"turns":3},{"damage":7,"enemies":"Jaw Worm","floor":4,"turns":3},{"damage":20,"enemies":"Lots of Slimes","floor":5,"turns":5},{"damage":33,"enemies":"Gremlin Nob","floor":6,"turns":6},{"damage":1,"enemies":"Looter","floor":12,"turns":4},{"damage":17,"enemies":"3 Sentries","floor":13,"turns":8},{"damage":36,"enemies":"The Guardian","floor":16,"turns":14},{"damage":2,"enemies":"Shell Parasite","floor":18,"turns":4},{"damage":6,"enemies":"3 Byrds","floor":21,"turns":4},{"damage":16,"enemies":"Slavers","floor":23,"turns":4},{"damage":5,"enemies":"Cultist and Chosen","floor":25,"turns":6},{"damage":17,"enemies":"Gremlin Leader","floor":27,"turns":6},{"damage":4,"enemies":"Snake Plant","floor":28,"turns":3},{"damage":14,"enemies":"Book of Stabbing","floor":30,"turns":2},{"damage":0,"enemies":"Chosen and Byrds","floor":31,"turns":4},{"damage":2,"enemies":"Champ","floor":33,"turns":8},{"damage":4,"enemies":"Orb Walker","floor":35,"turns":3},{"damage":8,"enemies":"3 Shapes","floor":36,"turns":2},{"damage":0,"enemies":"Mind Bloom Boss Battle","floor":38,"turns":3},{"damage":4,"enemies":"Reptomancer","floor":40,"turns":3},{"damage":25,"enemies":"Giant Head","floor":42,"turns":7},{"damage":1,"enemies":"Reptomancer","floor":44,"turns":4},{"damage":0,"enemies":"Sphere and 2 Shapes","floor":48,"turns":3},{"damage":11,"enemies":"Donu and Deca","floor":50,"turns":6},{"damage":23,"enemies":"Shield and Spear","floor":54,"turns":2},{"damage":10,"enemies":"The Heart","floor":55,"turns":5}],"seed_played":"-5415235422542364943","potions_obtained":[{"floor":1,"key":"LiquidBronze"},{"floor":4,"key":"sneckomod:MuddlingPotion"},{"floor":5,"key":"sneckomod:MuddlingPotion"},{"floor":10,"key":"PotionOfCapacity"},{"floor":12,"key":"Weak Potion"},{"floor":18,"key":"FocusPotion"},{"floor":25,"key":"EntropicBrew"},{"floor":33,"key":"DuplicationPotion"},{"floor":42,"key":"FearPotion"},{"floor":44,"key":"SteroidPotion"}],"is_trial":false,"path_per_floor":["M","M","?","M","M","E","R","T","T","?","R","M","E","?","R","B",null,"M","?","$","M","?","E","R","M","T","E","M","$","E","M","R","B",null,"M","M","?","?","T","E","R","E","T","E","$","?","R","M","R","B",null,"R","$","E","B",null],"character_chosen":"DEFECT","items_purchased":["expansioncontent:DashGenerateEvil","Apotheosis","Omamori","champ:CounterPotion","Echo Form","Lee\u0027s Waffle"],"campfire_rested":4,"item_purchase_floors":[20,29,29,29,45,45],"current_hp_per_floor":[72,71,71,64,44,11,33,43,43,43,68,67,50,57,57,21,92,90,90,90,84,46,30,57,52,52,55,51,51,42,42,69,67,92,88,80,80,80,80,76,76,51,51,50,99,95,95,95,95,84,99,99,99,76,76],"gold":73,"neow_bonus":"BOSS_RELIC","is_daily":false,"chose_seed":false,"campfire_upgraded":3,"win_rate":0.0,"timestamp":1609613414,"path_taken":["M","M","?","M","?","E","R","?","T","?","R","?","E","?","R","BOSS","M","?","$","M","?","E","R","M","T","E","?","?","E","?","R","BOSS","M","M","?","?","?","E","R","E","T","E","?","?","R","M","R","BOSS","R","$","E","BOSS"],"items_purchased_type":["Card","Card","Relic","Potion","Card","Relic"],"build_version":"2020-12-22","purchased_purges":2,"victory":true,"max_hp_per_floor":[75,75,75,75,75,75,75,85,85,85,85,85,85,92,92,92,92,92,92,92,92,92,92,92,92,92,92,92,92,92,92,92,92,92,92,92,92,92,92,92,92,92,92,92,99,99,99,99,99,99,99,99,99,99,99],"card_choices":[{"not_picked":["Undo","Storm"],"picked":"Turbo","floor":1},{"not_picked":["Force Field","Melter"],"picked":"Hologram","floor":2},{"not_picked":["Ball Lightning","Melter"],"picked":"Glacier","floor":4},{"not_picked":["Redo","Melter"],"picked":"Go for the Eyes","floor":5},{"not_picked":["Rebound","Turbo"],"picked":"Skim","floor":6},{"not_picked":["Leap","Compile Driver"],"picked":"Hello World","floor":11},{"not_picked":["Gash","Hologram"],"picked":"Seek","floor":12},{"not_picked":["Stack","Coolheaded"],"picked":"FTL","floor":13},{"not_picked":["Thunder Strike","Core Surge"],"picked":"Meteor Strike","floor":16},{"not_picked":["Turbo","Barrage+1"],"picked":"Compile Driver","floor":18},{"not_picked":["Compile Driver","Leap"],"picked":"Sweeping Beam","floor":21},{"not_picked":["Compile Driver","Seek"],"picked":"Skim","floor":23},{"not_picked":["Streamline","Go for the Eyes"],"picked":"Sweeping Beam","floor":24},{"not_picked":["Go for the Eyes","Barrage","Ball Lightning"],"picked":"SKIP","floor":25},{"not_picked":["Sunder","Leap"],"picked":"Chill","floor":27},{"not_picked":["Go for the Eyes","Streamline"],"picked":"Sweeping Beam+1","floor":28},{"not_picked":["Doom and Gloom","Go for the Eyes"],"picked":"Coolheaded+1","floor":30},{"not_picked":["Ball Lightning","Capacitor"],"picked":"Seek","floor":31},{"not_picked":["Conserve Battery","Auto Shields"],"picked":"Compile Driver","floor":32},{"not_picked":["Biased Cognition","Buffer"],"picked":"Rainbow","floor":33},{"not_picked":["Loop+1","Coolheaded+1"],"picked":"Double Energy+1","floor":35},{"not_picked":["Fusion","Gash","FTL"],"picked":"SKIP","floor":36},{"not_picked":["Cold Snap","Consume+1"],"picked":"Hologram+1","floor":38},{"not_picked":["Rip and Tear+1","Doom and Gloom+1"],"picked":"Compile Driver","floor":40},{"not_picked":["Melter","Ball Lightning+1","Cold Snap+1"],"picked":"SKIP","floor":42},{"not_picked":["Darkness+1","Go for the Eyes"],"picked":"Stack+1","floor":44},{"not_picked":["Discovery","Violence"],"picked":"Chrysalis","floor":46},{"not_picked":["expansioncontent:LastStand","PanicButton"],"picked":"Violence","floor":46},{"not_picked":["Sweeping Beam","Gash+1"],"picked":"Double Energy","floor":48},{"not_picked":["Cold Snap+1","Tempest+1"],"picked":"Chaos+1","floor":54}],"player_experience":303346,"relics_obtained":[{"floor":6,"key":"Ornamental Fan"},{"floor":8,"key":"Pear"},{"floor":9,"key":"Dream Catcher"},{"floor":13,"key":"Centennial Puzzle"},{"floor":23,"key":"Vajra"},{"floor":26,"key":"Toy Ornithopter"},{"floor":27,"key":"Ice Cream"},{"floor":30,"key":"TungstenRod"},{"floor":38,"key":"Peace Pipe"},{"floor":39,"key":"Kunai"},{"floor":40,"key":"Juzu Bracelet"},{"floor":42,"key":"PreservedInsect"},{"floor":44,"key":"Oddly Smooth Stone"},{"floor":54,"key":"Nunchaku"}],"event_choices":[{"cards_removed":["Strike_B"],"damage_healed":0,"gold_gain":0,"player_choice":"Card Removal","damage_taken":0,"max_hp_gain":0,"max_hp_loss":0,"event_name":"Wheel of Change","floor":3,"gold_loss":0},{"damage_healed":0,"gold_gain":0,"player_choice":"Bought 1 Potion","damage_taken":0,"max_hp_gain":0,"max_hp_loss":0,"event_name":"The Woman in Blue","floor":10,"gold_loss":0},{"damage_healed":0,"gold_gain":0,"player_choice":"Box","damage_taken":0,"relics_obtained":["Strawberry"],"max_hp_gain":0,"max_hp_loss":0,"event_name":"Big Fish","floor":14,"gold_loss":0,"cards_obtained":["Regret"]},{"damage_healed":0,"gold_gain":0,"player_choice":"Read","damage_taken":0,"max_hp_gain":0,"max_hp_loss":0,"event_name":"The Library","floor":19,"gold_loss":0,"cards_obtained":["White Noise"]},{"damage_healed":0,"gold_gain":180,"player_choice":"CARD POTION POTION GOLD GOLD ","damage_taken":38,"max_hp_gain":0,"max_hp_loss":0,"event_name":"Knowing Skull","floor":22,"potions_obtained":["GamblersBrew","Dexterity Potion"],"gold_loss":0,"cards_obtained":["expansioncontent:Chronoboost"]},{"cards_removed":["Sweeping Beam"],"damage_healed":0,"gold_gain":0,"player_choice":"Removed Attack","damage_taken":0,"max_hp_gain":0,"max_hp_loss":0,"event_name":"Falling","floor":37,"gold_loss":0},{"damage_healed":0,"gold_gain":0,"player_choice":"Fight","damage_taken":0,"max_hp_gain":0,"max_hp_loss":0,"event_name":"MindBloom","floor":38,"gold_loss":0},{"damage_healed":0,"gold_gain":0,"player_choice":"Memory 2","damage_taken":5,"max_hp_gain":0,"max_hp_loss":0,"event_name":"SensoryStone","floor":46,"gold_loss":0}],"is_beta":false,"boss_relics":[{"not_picked":["Coffee Dripper","Tiny House"],"picked":"Cursed Key"},{"not_picked":["Runic Pyramid","Busted Crown"],"picked":"Nuclear Battery"}],"items_purged_floors":[20,53],"is_endless":false,"potions_floor_spawned":[1,4,5,12,18,25,33,42,44],"ascension_level":4}}