{"host":"4axoa1rfjgnprp9l","time":1609591140,"event":{"mods":["2.2 Compatiblity","AchievementEnabler","BaseMod","Colored Map","DeckTracker","Highlight Path","Minty Spire (QoL Compilation)","Permanent Neow","StSLib","SuperFastMode"],"gold_per_floor":[153,153,172,212,226,226,226,226,226,226,242,0,37,74,74,152,152,194,119,138,1,1,1,1],"floor_reached":23,"playtime":1800,"items_purged":["Strike_B","Defend_B"],"score":366,"play_id":"9ce3b3b6-cb8b-44ab-9d2d-33fabe2b6a92","local_time":"20210102213900","is_ascension_mode":true,"campfire_choices":[{"data":"HandOfGreed","floor":6.0,"key":"SMITH"},{"data":"Zap","floor":8.0,"key":"SMITH"},{"data":"Ball Lightning","floor":10.0,"key":"SMITH"},{"floor":15.0,"key":"REST"}],"circlet_count":0,"master_deck":["AscendersBane","Defend_B","Defend_B","Zap+1","Dualcast+1","HandOfGreed+1","Ball Lightning+1","Conserve Battery","Consume","Double Energy","Go for the Eyes+1","Buffer","Cold Snap+1","Thunder Strike+1","Consume+1","Cold Snap+1","Loop+1","BootSequence","Coolheaded","Self Repair","Necronomicurse"],"relics":["Cracked Core","Molten Egg 2","Chemical X","Astrolabe","Necronomicon"],"acts_visited":["Exordium","TheCity"],"potions_floor_usage":[23],"damage_taken":[{"damage":1.0,"enemies":"2 Louse","floor":1.0,"turns":5.0},{"damage":7.0,"enemies":"Jaw Worm","floor":3.0,"turns":2.0},{"damage":0.0,"enemies":"Cultist","floor":4.0,"turns":2.0},{"damage":6.0,"enemies":"Red Slaver","floor":5.0,"turns":3.0},{"damage":0.0,"enemies":"Blue Slaver","floor":11.0,"turns":2.0},{"damage":2.0,"enemies":"Large Slime","floor":13.0,"turns":5.0},{"damage":19.0,"enemies":"Lots of Slimes","floor":14.0,"turns":5.0},{"damage":27.0,"enemies":"Hexaghost","floor":16.0,"turns":11.0},{"damage":1.0,"enemies":"3 Byrds","floor":18.0,"turns":5.0},{"damage":15.0,"enemies":"Chosen","floor":20.0,"turns":6.0},{"damage":20,"enemies":"Gremlin Leader","floor":23,"turns":4}],"seed_played":"9015346226775818840","potions_obtained":[{"floor":1.0,"key":"Dexterity Potion"},{"floor":5.0,"key":"Fire Potion"},{"floor":14.0,"key":"Energy Potion"},{"floor":20.0,"key":"GamblersBrew"}],"is_trial":false,"path_per_floor":["M","?","M","M","M","R","?","R","T","R","M","$","M","M","R","B",null,"M","?","M","$","?","E"],"character_chosen":"DEFECT","items_purchased":["Chemical X","Self Repair"],"campfire_rested":1,"item_purchase_floors":[12,21],"current_hp_per_floor":[45,45,38,38,32,32,32,32,32,32,32,32,30,11,32,5,55,54,54,39,39,18,0,0],"gold":1,"neow_bonus":"RANDOM_COLORLESS_2","is_daily":false,"chose_seed":false,"campfire_upgraded":3,"win_rate":0.0,"timestamp":1609591140,"path_taken":["M","?","M","M","M","R","?","R","T","R","M","$","M","M","R","BOSS","M","?","?","?","?","E"],"items_purchased_type":["Relic","Card"],"build_version":"2020-12-22","purchased_purges":2,"victory":false,"max_hp_per_floor":[71,71,71,71,71,71,71,71,71,71,71,71,71,71,71,71,71,71,71,71,71,71,71,71],"card_choices":[{"not_picked":["Mayhem","Panache"],"picked":"HandOfGreed","floor":0.0},{"not_picked":["Stack","Leap"],"picked":"Ball Lightning","floor":1.0},{"not_picked":["Barrage","Sweeping Beam"],"picked":"Conserve Battery","floor":3.0},{"not_picked":["Streamline","Barrage"],"picked":"Consume","floor":4.0},{"not_picked":["Gash","Sweeping Beam"],"picked":"Double Energy","floor":5.0},{"not_picked":["Compile Driver+1","Conserve Battery"],"picked":"Go for the Eyes+1","floor":11.0},{"not_picked":["Gash+1","Aggregate"],"picked":"Buffer","floor":13.0},{"not_picked":["Hologram","Ball Lightning+1"],"picked":"Cold Snap+1","floor":14.0},{"not_picked":["Seek","Buffer"],"picked":"Thunder Strike+1","floor":16.0},{"not_picked":["Go for the Eyes+1","Beam Cell+1"],"picked":"BootSequence","floor":18.0},{"not_picked":["Chaos","Ball Lightning+1"],"picked":"Coolheaded","floor":20.0}],"player_experience":765023,"relics_obtained":[{"floor":9.0,"key":"Molten Egg 2"},{"floor":22.0,"key":"Necronomicon"}],"event_choices":[{"damage_healed":0.0,"max_hp_gain":0.0,"max_hp_loss":0.0,"gold_gain":0.0,"event_name":"Shining Light","player_choice":"Ignored","floor":2.0,"gold_loss":0.0,"damage_taken":0.0},{"damage_healed":0.0,"max_hp_gain":0.0,"max_hp_loss":0.0,"gold_gain":0.0,"event_name":"Upgrade Shrine","player_choice":"Upgraded","floor":7.0,"gold_loss":0.0,"damage_taken":0.0,"cards_upgraded":["Dualcast"]},{"cards_removed":["Defend_B"],"damage_healed":0.0,"max_hp_gain":0.0,"max_hp_loss":0.0,"gold_gain":0.0,"event_name":"Designer","player_choice":"Single Remove","floor":19.0,"gold_loss":75.0,"damage_taken":0.0},{"damage_healed":0.0,"max_hp_gain":0.0,"max_hp_loss":0.0,"gold_gain":0.0,"event_name":"Cursed Tome","player_choice":"Obtained Book","floor":22.0,"gold_loss":0.0,"damage_taken":21.0}],"is_beta":false,"boss_relics":[{"not_picked":["Runic Dome","Fusion Hammer"],"picked":"Astrolabe"}],"items_purged_floors":[12,21],"is_endless":false,"potions_floor_spawned":[1,5,14,20],"killed_by":"Gremlin Leader","ascension_level":20}}