{"host":"jm9833yuloeli2yd","time":1609629159,"event":{"mods":["AchievementEnabler","BaseMod","Better Altar","Better Match","Better Note","Better Sensory Stone","Better Skull","Better Third Choice","Better Vampires","BetterRewards","Colored Map","Colored Powertips","DeckTracker","Marked Mod","Minty Spire (QoL Compilation)","Permanent Neow","Quick Restart","StSLib","SuperFastMode"],"gold_per_floor":[119,119,135,148,164,164,181,194,217,251,66,66,66,31,31,110,110,110,110,110,110,0,0,0,0,0,0,0,0,0,0,0,0,0,0,0,0,0,0,0,0,0,0,0,0,0,0,0,0,0,0],"floor_reached":50,"playtime":1852,"items_purged":["Defend_B"],"score":1344,"play_id":"20f6da29-b83b-4767-ab08-5d61ad1116a0","local_time":"20210102181239","is_ascension_mode":true,"campfire_choices":[{"data":"Sweeping Beam","floor":6,"key":"SMITH"},{"floor":12,"key":"REST"},{"data":"Apotheosis","floor":15,"key":"SMITH"},{"data":"Zap","floor":23,"key":"SMITH"},{"floor":25,"key":"REST"},{"floor":32,"key":"REST"},{"floor":40,"key":"REST"},{"floor":42,"key":"REST"},{"floor":44,"key":"RECALL"},{"floor":49,"key":"REST"}],"circlet_count":0,"master_deck":["AscendersBane","Defend_B+1","Defend_B","Zap+1","Dualcast","Glacier","Gash","Ball Lightning","Sweeping Beam+1","Static Discharge","Coolheaded","Capacitor","Apotheosis+1","All For One","Go for the Eyes","Bite","Bite","White Noise","Turbo","Chaos+1","Glacier+1","White Noise+1","Electrodynamics","Steam Power+1","Defragment","Double Energy","Fission","Force Field","Coolheaded"],"relics":["Cracked Core","OrangePellets","Regal Pillow","Omamori","Ectoplasm","Juzu Bracelet","Nloth\u0027s Gift","Nuclear Battery","Turnip","MealTicket","Shovel","Mercury Hourglass"],"acts_visited":["Exordium","TheCity","TheBeyond"],"potions_floor_usage":[16,27,38,50],"damage_taken":[{"damage":0,"enemies":"2 Louse","floor":1,"turns":4},{"damage":2,"enemies":"Cultist","floor":3,"turns":4},{"damage":10,"enemies":"Small Slimes","floor":4,"turns":3},{"damage":15,"enemies":"3 Louse","floor":5,"turns":3},{"damage":0,"enemies":"2 Fungi Beasts","floor":7,"turns":2},{"damage":0,"enemies":"Lots of Slimes","floor":8,"turns":2},{"damage":20,"enemies":"Lagavulin","floor":10,"turns":6},{"damage":23,"enemies":"The Guardian","floor":16,"turns":11},{"damage":8,"enemies":"Spheric Guardian","floor":18,"turns":5},{"damage":25,"enemies":"Chosen","floor":21,"turns":4},{"damage":27,"enemies":"3 Cultists","floor":24,"turns":5},{"damage":20,"enemies":"Book of Stabbing","floor":27,"turns":7},{"damage":32,"enemies":"Centurion and Healer","floor":28,"turns":5},{"damage":2,"enemies":"Snake Plant","floor":29,"turns":6},{"damage":45,"enemies":"Collector","floor":33,"turns":9},{"damage":0,"enemies":"3 Darklings","floor":35,"turns":3},{"damage":7,"enemies":"3 Shapes","floor":36,"turns":7},{"damage":20,"enemies":"Transient","floor":37,"turns":6},{"damage":43,"enemies":"2 Orb Walkers","floor":38,"turns":4},{"damage":7,"enemies":"Sphere and 2 Shapes","floor":39,"turns":4},{"damage":48,"enemies":"Giant Head","floor":41,"turns":8},{"damage":2,"enemies":"Mind Bloom Boss Battle","floor":46,"turns":6},{"damage":26,"enemies":"Nemesis","floor":47,"turns":9},{"damage":37,"enemies":"Jaw Worm Horde","floor":48,"turns":7},{"damage":76,"enemies":"Awakened One","floor":50,"turns":10}],"seed_played":"8226911689372607859","potions_obtained":[{"floor":1,"key":"PowerPotion"},{"floor":8,"key":"PotionOfCapacity"},{"floor":16,"key":"Strength Potion"},{"floor":33,"key":"Fire Potion"},{"floor":35,"key":"SkillPotion"},{"floor":38,"key":"FairyPotion"},{"floor":46,"key":"Weak Potion"}],"is_trial":false,"path_per_floor":["M","?","M","M","M","R","M","M","T","E","$","R","?","?","R","B",null,"M","?","?","M","?","R","M","R","T","E","M","M","?","$","R","B",null,"M","M","M","?","M","R","E","R","T","R","$","?","E","M","R","B"],"character_chosen":"DEFECT","items_purchased":["OrangePellets","Glacier","Apotheosis"],"campfire_rested":6,"item_purchase_floors":[0,0,11],"current_hp_per_floor":[57,57,55,45,30,30,30,30,30,10,10,46,39,56,56,33,62,54,54,54,33,33,33,15,48,48,42,21,27,27,27,60,29,54,60,55,47,9,8,41,24,57,57,57,62,62,45,17,50,0,0],"gold":0,"neow_bonus":"","is_daily":false,"chose_seed":false,"campfire_upgraded":3,"win_rate":0.0,"timestamp":1609629159,"path_taken":["M","?","?","M","M","R","?","M","T","E","$","R","?","?","R","BOSS","M","?","?","M","?","R","M","R","T","E","M","M","?","?","R","BOSS","M","M","M","?","M","R","E","R","T","R","$","?","E","M","R","BOSS"],"items_purchased_type":["Relic","Card","Card"],"build_version":"2020-12-22","purchased_purges":1,"victory":false,"max_hp_per_floor":[71,71,71,71,71,71,71,71,71,71,71,71,71,71,71,71,71,71,71,62,62,62,62,62,62,62,62,62,62,62,62,62,62,62,62,62,62,62,62,62,62,62,62,62,62,62,62,62,62,62,62],"card_choices":[{"not_picked":["Hologram","Redo"],"picked":"Gash","floor":1},{"not_picked":["Cold Snap","Conserve Battery"],"picked":"Ball Lightning","floor":3},{"not_picked":["Turbo","Double Energy"],"picked":"Sweeping Beam","floor":4},{"not_picked":["Barrage","Steam"],"picked":"Static Discharge","floor":5},{"not_picked":["Streamline","Sweeping Beam","Barrage"],"picked":"SKIP","floor":7},{"not_picked":["Lockon","Rebound"],"picked":"Coolheaded","floor":8},{"not_picked":["Cold Snap","Genetic Algorithm"],"picked":"Capacitor","floor":10},{"not_picked":["Thunder Strike","Meteor Strike"],"picked":"All For One","floor":16},{"not_picked":["Streamline","Tempest+1"],"picked":"Go for the Eyes","floor":18},{"not_picked":["Steam Power","Static Discharge"],"picked":"White Noise","floor":21},{"not_picked":["Streamline","Ball Lightning+1"],"picked":"Turbo","floor":24},{"not_picked":["Beam Cell","Compile Driver"],"picked":"Chaos+1","floor":27},{"not_picked":["Streamline","Beam Cell+1"],"picked":"Glacier+1","floor":28},{"not_picked":["Steam+1","Streamline"],"picked":"White Noise+1","floor":29},{"not_picked":["Creative AI","Multi-Cast"],"picked":"Electrodynamics","floor":33},{"not_picked":["Leap","Ball Lightning+1"],"picked":"Steam Power+1","floor":35},{"not_picked":["Tempest","Coolheaded"],"picked":"Defragment","floor":36},{"not_picked":["Steam","Electrodynamics"],"picked":"Double Energy","floor":37},{"not_picked":["Steam+1","Turbo+1","Hello World"],"picked":"SKIP","floor":39},{"not_picked":["Rebound","Multi-Cast"],"picked":"Fission","floor":41},{"not_picked":["Capacitor","Redo"],"picked":"Force Field","floor":46},{"not_picked":["Lockon","Electrodynamics"],"picked":"Coolheaded","floor":47},{"not_picked":["Fusion","Sunder+1","Storm"],"picked":"SKIP","floor":48}],"player_experience":1243969,"relics_obtained":[{"floor":9,"key":"Regal Pillow"},{"floor":10,"key":"Omamori"},{"floor":26,"key":"Toxic Egg 2"},{"floor":27,"key":"Juzu Bracelet"},{"floor":38,"key":"Turnip"},{"floor":41,"key":"MealTicket"},{"floor":46,"key":"Shovel"},{"floor":47,"key":"Mercury Hourglass"}],"event_choices":[{"cards_removed":["Strike_B"],"damage_healed":0,"gold_gain":0,"player_choice":"Offered Basic","damage_taken":0,"max_hp_gain":0,"max_hp_loss":0,"event_name":"Bonfire Elementals","floor":2,"gold_loss":0},{"cards_removed":["Strike_B"],"damage_healed":0,"gold_gain":0,"player_choice":"Card Removal","damage_taken":7,"max_hp_gain":0,"max_hp_loss":0,"event_name":"Golden Wing","floor":13,"gold_loss":0},{"damage_healed":17,"gold_gain":0,"player_choice":"Healed","damage_taken":0,"max_hp_gain":0,"max_hp_loss":0,"event_name":"The Cleric","floor":14,"gold_loss":35},{"damage_healed":0,"gold_gain":0,"player_choice":"Ignored","damage_taken":0,"max_hp_gain":0,"max_hp_loss":0,"event_name":"Ghosts","floor":19,"gold_loss":0},{"damage_healed":0,"gold_gain":0,"player_choice":"Became a vampire","damage_taken":0,"max_hp_gain":0,"max_hp_loss":9,"event_name":"Vampires","floor":20,"gold_loss":0,"cards_obtained":["Bite","Bite"]},{"cards_removed":["Defend_B"],"damage_healed":0,"gold_gain":0,"player_choice":"Upgrade and Remove","damage_taken":0,"max_hp_gain":0,"max_hp_loss":0,"event_name":"Designer","floor":22,"gold_loss":110,"cards_upgraded":["Defend_B"]},{"damage_healed":0,"gold_gain":0,"player_choice":"Traded Relic","damage_taken":0,"relics_obtained":["Nloth\u0027s Gift"],"max_hp_gain":0,"max_hp_loss":0,"event_name":"N\u0027loth","floor":30,"relics_lost":["Toxic Egg 2"],"gold_loss":0},{"damage_healed":0,"gold_gain":0,"player_choice":"Fight","damage_taken":0,"max_hp_gain":0,"max_hp_loss":0,"event_name":"Mysterious Sphere","floor":38,"gold_loss":0},{"damage_healed":0,"gold_gain":0,"player_choice":"Fight","damage_taken":0,"max_hp_gain":0,"max_hp_loss":0,"event_name":"MindBloom","floor":46,"gold_loss":0}],"is_beta":false,"boss_relics":[{"not_picked":["SacredBark","Tiny House"],"picked":"Ectoplasm"},{"not_picked":["Runic Pyramid","Runic Dome"],"picked":"Nuclear Battery"}],"items_purged_floors":[0],"is_endless":false,"potions_floor_spawned":[1,8,10,16,18,24,33,35,38,39,46],"killed_by":"Awakened One","ascension_level":20}}