{"host":"fjaupvxe7fzqrf4j","time":1609566567,"event":{"mods":["ATMod(°¢èªMod)","BaseMod","Minty Spire (QoL Compilation)","StSLib"],"gold_per_floor":[116,116,128,128,128,163,188,188,214,358,704,846,643,976,976,1155,1155,1168,920,920,673,726,854,987,1112,1112,1246,1275,1400,1526,1651,1651,1825,1825,1840,1840,1886,1886,1886,2021,1755,1880,1880,2014,2147,2280,2280,2409,2409,2509,2709,2709,2709,1712,1946,2046],"floor_reached":57,"playtime":2212,"items_purged":["Ball Lightning","Coolheaded","Beam Cell"],"score":4671,"play_id":"e85e1ca5-033c-4770-aee2-8093570d3176","local_time":"20210102134927","daily_mods":["SealedDeck","Heirloom","Time Dilation","Flight","Elite Swarm"],"is_ascension_mode":true,"campfire_choices":[{"floor":8.0,"key":"REST"},{"data":"Fission","floor":15.0,"key":"SMITH"},{"data":"Biased Cognition","floor":32.0,"key":"SMITH"},{"floor":49,"key":"RECALL"},{"data":"Turbo","floor":53,"key":"SMITH"}],"circlet_count":0,"master_deck":["AscendersBane","Conserve Battery+1","Double Energy+1","Skim","Coolheaded+1","Glacier+1","Ball Lightning+1","Creative AI+1","Seek+1","Fission+1","Core Surge+1","Turbo+1","Biased Cognition+1","Loop+1","Electrodynamics","Core Surge","AT_WaterDrop","Panacea+1","Madness+1","Biased Cognition+1","Coolheaded+1","Echo Form","Reboot+1"],"relics":["Cracked Core","AT_ATBox","AT_GoldPhoenixTree","Juzu Bracelet","Blue Candle","AT_TheCollector","MawBank","Happy Flower","PreservedInsect","AT_ArcaneBoots","War Paint","Singing Bowl","AT_TrinityForce","DataDisk","AT_BellDemon","Torii","Whetstone","Eternal Feather","Smiling Mask","FossilizedHelix","AT_SilvercatRing","Unceasing Top","Gremlin Horn","Du-Vu Doll","Red Mask","Omamori","Darkstone Periapt","AT_SunfireAegis","MealTicket","Potion Belt","Sundial","Toxic Egg 2","Busted Crown","Ginger","Emotion Chip","Orichalcum","TungstenRod","AT_RabadonDeathcap","OrangePellets","Bag of Marbles","Peace Pipe","InkBottle","Ice Cream","Letter Opener","Boot","Symbiotic Virus","Bag of Preparation","Nunchaku","AT_TimeSand","White Beast Statue","AT_BellowingDragoncrestRing","AT_ImmortalShieldbow","Orrery","AT_BladeRuinedKing","Art of War"],"acts_visited":["Exordium","TheCity","TheBeyond","TheEnding"],"potions_floor_usage":[42,56,56,56],"damage_taken":[{"damage":0.0,"enemies":"Jaw Worm","floor":1.0,"turns":2.0},{"damage":0.0,"enemies":"Cultist","floor":3.0,"turns":3.0},{"damage":0.0,"enemies":"Lagavulin","floor":6.0,"turns":4.0},{"damage":7.0,"enemies":"3 Sentries","floor":7.0,"turns":7.0},{"damage":11.0,"enemies":"Gremlin Nob","floor":10.0,"turns":4.0},{"damage":0.0,"enemies":"3 Sentries","floor":11.0,"turns":6.0},{"damage":0.0,"enemies":"Lagavulin","floor":12.0,"turns":3.0},{"damage":0.0,"enemies":"3 Sentries","floor":14.0,"turns":4.0},{"damage":20.0,"enemies":"Hexaghost","floor":16.0,"turns":8.0},{"damage":0.0,"enemies":"3 Byrds","floor":18.0,"turns":2.0},{"damage":0.0,"enemies":"Book of Stabbing","floor":23.0,"turns":1.0},{"damage":0.0,"enemies":"Slavers","floor":24.0,"turns":2.0},{"damage":0.0,"enemies":"Gremlin Leader","floor":25.0,"turns":1.0},{"damage":0.0,"enemies":"Book of Stabbing","floor":27.0,"turns":1.0},{"damage":0.0,"enemies":"Masked Bandits","floor":28.0,"turns":2.0},{"damage":0.0,"enemies":"Slavers","floor":29.0,"turns":1.0},{"damage":0.0,"enemies":"Gremlin Leader","floor":30.0,"turns":2.0},{"damage":0.0,"enemies":"Book of Stabbing","floor":31.0,"turns":1.0},{"damage":0.0,"enemies":"Automaton","floor":33.0,"turns":5.0},{"damage":0.0,"enemies":"Orb Walker","floor":35.0,"turns":2.0},{"damage":0,"enemies":"2 Orb Walkers","floor":37,"turns":2},{"damage":0,"enemies":"Giant Head","floor":40,"turns":4},{"damage":0,"enemies":"Nemesis","floor":42,"turns":5},{"damage":0,"enemies":"Giant Head","floor":44,"turns":3},{"damage":0,"enemies":"Reptomancer","floor":45,"turns":1},{"damage":0,"enemies":"Giant Head","floor":46,"turns":2},{"damage":0,"enemies":"Nemesis","floor":48,"turns":1},{"damage":0,"enemies":"Time Eater","floor":50,"turns":5},{"damage":0,"enemies":"Awakened One","floor":51,"turns":3},{"damage":0,"enemies":"Shield and Spear","floor":55,"turns":1},{"damage":0,"enemies":"The Heart","floor":56,"turns":4}],"seed_played":"2992997152159480879","potions_obtained":[{"floor":3.0,"key":"Strength Potion"},{"floor":6.0,"key":"Swift Potion"},{"floor":11.0,"key":"PowerPotion"},{"floor":31.0,"key":"Explosive Potion"},{"floor":35.0,"key":"DuplicationPotion"},{"floor":46,"key":"FearPotion"}],"is_trial":true,"path_per_floor":["M","?","M","?","?","E","E","R","T","E","E","E","$","E","R","B",null,"M","$","?","$","T","E","E","E","T","E","?","E","E","E","R","B",null,"M","?","?","?","?","E","$","E","T","E","E","E","?","E","R","B","B",null,"R","$","E","B",null],"character_chosen":"DEFECT","items_purchased":["War Paint","Turbo","DataDisk","Loop","AT_BellDemon","OrangePellets","Coolheaded+1","AT_BellowingDragoncrestRing","AT_ImmortalShieldbow","Echo Form","Orrery","PotionOfCapacity"],"campfire_rested":1,"item_purchase_floors":[13,13,19,21,21,41,41,54,54,54,54,54],"current_hp_per_floor":[64,64,64,41,34,34,27,48,48,37,37,37,37,39,39,19,60,62,62,62,62,62,62,62,64,64,66,68,70,72,72,84,86,87,89,89,91,81,81,83,95,97,97,99,101,103,98,100,100,100,100,100,100,110,110,110],"gold":2046,"neow_bonus":"","is_daily":false,"chose_seed":false,"campfire_upgraded":3,"win_rate":0.0,"timestamp":1609566567,"path_taken":["M","?","?","?","?","E","E","R","T","E","E","E","$","E","R","BOSS","M","$","?","$","?","E","E","E","T","E","?","E","E","E","R","BOSS","M","?","?","?","?","E","$","E","T","E","E","E","?","E","R","BOSS","BOSS","R","$","E","BOSS"],"items_purchased_type":["Relic","Card","Relic","Card","Relic","Relic","Card","Relic","Relic","Card","Relic","Potion"],"build_version":"2020-12-22","purchased_purges":3,"victory":true,"max_hp_per_floor":[71,71,71,71,71,71,71,71,71,71,71,71,71,73,73,73,73,75,75,75,75,75,75,75,77,77,79,81,83,85,85,85,87,87,89,89,91,93,93,95,95,97,97,99,101,103,98,100,100,100,100,100,100,110,110,110],"card_choices":[{"not_picked":["Barrage","Go for the Eyes","Stack"],"picked":"SKIP","floor":1.0},{"not_picked":["Fusion","Gash","Force Field"],"picked":"SKIP","floor":3.0},{"not_picked":["Hyperbeam","Meteor Strike"],"picked":"Creative AI","floor":6.0},{"not_picked":["Thunder Strike","Meteor Strike","Rainbow"],"picked":"SKIP","floor":7.0},{"not_picked":["Amplify","Thunder Strike"],"picked":"Seek","floor":10.0},{"not_picked":["AT_WaterDrop","Multi-Cast"],"picked":"Fission","floor":11.0},{"not_picked":["Amplify","Seek"],"picked":"Core Surge","floor":12.0},{"not_picked":["Amplify","Buffer","AT_WaterDrop"],"picked":"Singing Bowl","floor":14.0},{"not_picked":["Creative AI","Machine Learning"],"picked":"Biased Cognition","floor":16.0},{"not_picked":["Rebound","Conserve Battery+1","AT_HeatAcrobatics+1"],"picked":"Singing Bowl","floor":18.0},{"not_picked":["Thunder Strike","Reboot"],"picked":"Electrodynamics","floor":23.0},{"not_picked":["All For One","Amplify"],"picked":"Core Surge","floor":24.0},{"not_picked":["Creative AI","Reboot","Hyperbeam"],"picked":"Singing Bowl","floor":25.0},{"not_picked":["Machine Learning","Reboot","Thunder Strike"],"picked":"Singing Bowl","floor":27.0},{"not_picked":["Sweeping Beam","Ball Lightning","Aggregate"],"picked":"Singing Bowl","floor":28.0},{"not_picked":["Machine Learning","Creative AI","Amplify"],"picked":"Singing Bowl","floor":29.0},{"not_picked":["Amplify","Fission","Buffer"],"picked":"Singing Bowl","floor":30.0},{"not_picked":["Buffer","All For One"],"picked":"AT_WaterDrop","floor":31.0},{"not_picked":["AT_WaterDrop","Buffer","Rainbow+1"],"picked":"Singing Bowl","floor":33.0},{"not_picked":["Coolheaded+1"],"picked":"Singing Bowl","floor":35.0},{"not_picked":["Redo+1"],"picked":"Singing Bowl","floor":37},{"not_picked":[],"picked":"Panacea+1","floor":38},{"not_picked":[],"picked":"Madness+1","floor":38},{"not_picked":["AT_FamilyPortrait+1"],"picked":"Singing Bowl","floor":38},{"not_picked":["Creative AI"],"picked":"Singing Bowl","floor":40},{"not_picked":["Hyperbeam"],"picked":"Singing Bowl","floor":42},{"not_picked":["Electrodynamics"],"picked":"Singing Bowl","floor":44},{"not_picked":["Seek+1"],"picked":"Singing Bowl","floor":45},{"not_picked":["Multi-Cast+1"],"picked":"Singing Bowl","floor":46},{"not_picked":["Thunder Strike"],"picked":"Singing Bowl","floor":48},{"not_picked":["Rebound"],"picked":"Singing Bowl","floor":54},{"not_picked":["Beam Cell"],"picked":"Singing Bowl","floor":54},{"not_picked":["Steam+1"],"picked":"Singing Bowl","floor":54},{"not_picked":["Lockon"],"picked":"Singing Bowl","floor":54},{"not_picked":["Turbo+1"],"picked":"Singing Bowl","floor":54},{"not_picked":[],"picked":"Reboot+1","floor":55}],"player_experience":320819,"relics_obtained":[{"floor":6.0,"key":"Blue Candle"},{"floor":7.0,"key":"AT_TheCollector"},{"floor":9.0,"key":"MawBank"},{"floor":10.0,"key":"Happy Flower"},{"floor":11.0,"key":"PreservedInsect"},{"floor":12.0,"key":"AT_SpeedBoots"},{"floor":14.0,"key":"Singing Bowl"},{"floor":23.0,"key":"Torii"},{"floor":23.0,"key":"Whetstone"},{"floor":24.0,"key":"Eternal Feather"},{"floor":24.0,"key":"Smiling Mask"},{"floor":25.0,"key":"FossilizedHelix"},{"floor":25.0,"key":"AT_SilvercatRing"},{"floor":26.0,"key":"Unceasing Top"},{"floor":27.0,"key":"Gremlin Horn"},{"floor":27.0,"key":"Du-Vu Doll"},{"floor":28.0,"key":"Red Mask"},{"floor":28.0,"key":"Omamori"},{"floor":29.0,"key":"Darkstone Periapt"},{"floor":29.0,"key":"AT_SunfireAegis"},{"floor":30.0,"key":"MealTicket"},{"floor":31.0,"key":"Potion Belt"},{"floor":31.0,"key":"Sundial"},{"floor":33.0,"key":"Toxic Egg 2"},{"floor":35.0,"key":"Ginger"},{"floor":37,"key":"Emotion Chip"},{"floor":37,"key":"Orichalcum"},{"floor":40,"key":"TungstenRod"},{"floor":40,"key":"AT_RabadonDeathcap"},{"floor":42,"key":"Bag of Marbles"},{"floor":42,"key":"Peace Pipe"},{"floor":43,"key":"InkBottle"},{"floor":44,"key":"Ice Cream"},{"floor":44,"key":"Letter Opener"},{"floor":45,"key":"Boot"},{"floor":45,"key":"Symbiotic Virus"},{"floor":46,"key":"Bag of Preparation"},{"floor":46,"key":"Nunchaku"},{"floor":48,"key":"AT_TimeSand"},{"floor":48,"key":"White Beast Statue"},{"floor":55,"key":"AT_BladeRuinedKing"},{"floor":55,"key":"Art of War"}],"event_choices":[{"damage_healed":0.0,"max_hp_gain":0.0,"max_hp_loss":0.0,"gold_gain":0.0,"event_name":"Upgrade Shrine","player_choice":"Upgraded","floor":2.0,"gold_loss":0.0,"damage_taken":0.0,"cards_upgraded":["Coolheaded"]},{"damage_healed":0.0,"max_hp_gain":0.0,"max_hp_loss":0.0,"gold_gain":0.0,"event_name":"Shining Light","player_choice":"Entered Light","floor":4.0,"gold_loss":0.0,"damage_taken":21.0,"cards_upgraded":["Ball Lightning","Double Energy"]},{"damage_healed":0.0,"max_hp_gain":0.0,"max_hp_loss":0.0,"gold_gain":0.0,"event_name":"Scrap Ooze","player_choice":"Success","floor":5.0,"gold_loss":0.0,"damage_taken":5.0,"relics_obtained":["Juzu Bracelet"]},{"damage_healed":0.0,"max_hp_gain":0.0,"max_hp_loss":0.0,"gold_gain":0.0,"event_name":"N\u0027loth","player_choice":"Ignored","floor":20.0,"gold_loss":0.0,"damage_taken":0.0},{"damage_healed":0.0,"max_hp_gain":0.0,"max_hp_loss":0.0,"gold_gain":0.0,"event_name":"Masked Bandits","player_choice":"Fought Bandits","floor":28.0,"gold_loss":0.0,"damage_taken":0.0},{"cards_removed":["Cold Snap"],"damage_healed":5.0,"max_hp_gain":0.0,"max_hp_loss":0.0,"gold_gain":0.0,"event_name":"Bonfire Elementals","player_choice":"Offered Common","floor":36.0,"gold_loss":0.0,"damage_taken":0.0},{"cards_removed":["Cold Snap"],"damage_healed":5.0,"max_hp_gain":0.0,"max_hp_loss":0.0,"gold_gain":0.0,"event_name":"Bonfire Elementals","player_choice":"Offered Special","floor":36.0,"gold_loss":0.0,"damage_taken":0.0},{"damage_healed":0,"gold_gain":0,"player_choice":"Fight","damage_taken":0,"max_hp_gain":0,"max_hp_loss":0,"event_name":"Mysterious Sphere","floor":37,"gold_loss":0},{"damage_healed":0,"gold_gain":0,"player_choice":"Memory 3","damage_taken":10,"max_hp_gain":0,"max_hp_loss":0,"event_name":"SensoryStone","floor":38,"gold_loss":0},{"damage_healed":0,"gold_gain":0,"player_choice":"Copied","damage_taken":0,"max_hp_gain":0,"max_hp_loss":0,"event_name":"Duplicator","floor":39,"gold_loss":0,"cards_obtained":["Biased Cognition"]},{"damage_healed":0,"gold_gain":0,"player_choice":"Max HP","damage_taken":0,"max_hp_gain":0,"max_hp_loss":5,"event_name":"Winding Halls","floor":47,"gold_loss":0}],"is_beta":false,"boss_relics":[{"not_picked":["SlaversCollar","Coffee Dripper"],"picked":"AT_TrinityForce"},{"not_picked":["Fusion Hammer","Cursed Key"],"picked":"Busted Crown"}],"items_purged_floors":[19,41,54],"is_endless":false,"potions_floor_spawned":[3,6,7,11,18,25,29,31,35,42,46,48,55],"ascension_level":20}}