{"host":"0azimyi6n3ugndj4","time":1609611580,"event":{"mods":["2.2 Compatiblity","BaseMod","Bestiary","Conspire","Curses Come First","Defuse TimeMaze Blight","Hermit","Hyrulean Relics","Infinite Spire","Minty Spire (QoL Compilation)","Relic Stats","Replay The Spire","StSLib","SuperFastMode","The Cursed","Uncapped","¡¼?Úª?ø«¡½REMEMod"],"gold_per_floor":[141,141,171,171,216,318,357,357,357,357,83,179,179,179,179,416,416,476,512,512,548,548,548,581,244,267,354,274,274,274,274,274,508,508,562,119,218,218,168,168,168],"floor_reached":40,"playtime":856,"items_purged":[],"score":966,"play_id":"0dd3c4dc-8ba8-40e5-8491-80af5bb84f46","local_time":"20210103031940","daily_mods":["SealedDeck","Hoarder","Insanity","Chimera","Specialized","Vintage","ControlledChaos","Allstar","Diverse","Colorless Cards","Heirloom","Time Dilation","Flight","Elite Swarm","Lethality","Midas","Binary"],"is_ascension_mode":true,"campfire_choices":[{"floor":8,"key":"REST"}],"circlet_count":0,"master_deck":["Demon Form+1","Wraith Form v2","Echo Form","DevaForm","AscendersBane","Bash","Survivor","Zap","Strike_R","Strike_G","Strike_B","Defend_R","Defend_G","Defend_P","TheCursedMod:CircleOfFlame","TheCursedMod:CursedShiv","Havoc","Storm","Deadly Poison","Replay:Hum","PiercingWail","ReplayTheSpireMod:LeadingStrike","TheCursedMod:SurpriseAttack","Hidden Blade","Deadly Poison","Shrug It Off","Skewer","FollowUp","Cold Snap","hermit:ItchyTrigger","ReplayTheSpireMod:Trickstab","TheCursedMod:VitalStrike","Replay:Poison Smokescreen","Body Slam","BowlingBash","REME_Cut","Adaptation","Protect","hermit:HighCaliber","Searing Blow","Deadly Poison","Masterful Stab","Replay:Poison Smokescreen","Leap","Leap","Underhanded Strike","Ball Lightning","Rebound","TheCursedMod:Stigma","Blizzard","Anger","hermit:FlashPowder","Go for the Eyes","TheCursedMod:CursedAmulet","TheCursedMod:CursedAmulet","Bouncing Flask","TheCursedMod:CircleOfCorruption","hermit:Deadeye","Sword Boomerang","Vengeance","Dagger Throw","hermit:WideOpen","hermit:Dive","Replay:DivineShield","Replay:DivineShield","Replay:DivineShield","Replay:DivineShield","Replay:DivineShield","Replay:DivineShield","Replay:DivineShield","Replay:DivineShield","Replay:DivineShield","Replay:DivineShield","Replay:DivineShield","Replay:DivineShield","Replay:DivineShield","Replay:DivineShield","Replay:DivineShield","Shockwave","Shockwave","Shockwave","hermit:Feint","hermit:Feint","hermit:Feint","hermit:CursedWeapon","hermit:CursedWeapon","hermit:CursedWeapon","Blade Dance","Blade Dance","Blade Dance","TheCursedMod:Torture","TheCursedMod:Torture","TheCursedMod:Torture","SignatureMove","SignatureMove","SignatureMove","TheCursedMod:Torture","TheCursedMod:Torture","TheCursedMod:Torture","Thunderclap","Thunderclap","Thunderclap","Heavy Blade","Heavy Blade","Heavy Blade","Scrape","Scrape","Scrape","REME_CRH","REME_CRH","REME_CRH","Corpse Explosion","Corpse Explosion","Corpse Explosion","Flame Barrier","Flame Barrier","Flame Barrier","Neutralize","Neutralize","Neutralize","Cleave","Cleave","Cleave","conspire:SpireCoStock","conspire:SpireCoStock","conspire:SpireCoStock"],"relics":["Frozen Eye","Busted Crown","REME_ComplimentaryCards","Unceasing Top","Replay:Wax Seal","Darkstone Periapt","Replay:Rubber Ducky","zeldaRelics:CourageTriforce","Chameleon Ring","Sizzling Blood","Eternal Feather","REME_ChargedStone","infinitespire:CheckeredPen","conspire:Boomerang","zeldaRelics:WisdomTriforce","Juzu Bracelet","Gremlin Food","ReplayFunnel","TheAbacus","Replay:Bronze Core","Nunchaku","Strawberry","REME_CardOfGreed","REME_PuzzleBoxRelic"],"acts_visited":["Exordium","TheCity","TheBeyond"],"potions_floor_usage":[33,33,40],"damage_taken":[{"damage":0,"enemies":"Small Slimes","floor":1,"turns":3},{"damage":0,"enemies":"Cultist","floor":3,"turns":1},{"damage":0,"enemies":"2 Louse","floor":5,"turns":2},{"damage":32,"enemies":"Lagavulin","floor":6,"turns":4},{"damage":0,"enemies":"Exordium Wildlife","floor":7,"turns":2},{"damage":26,"enemies":"3 Sentries","floor":12,"turns":5},{"damage":31,"enemies":"The Guardian","floor":16,"turns":8},{"damage":48,"enemies":"Spheric Guardian","floor":18,"turns":7},{"damage":11,"enemies":"Chosen","floor":19,"turns":3},{"damage":7,"enemies":"Shelled Parasite and Fungi","floor":21,"turns":5},{"damage":16,"enemies":"Snecko","floor":24,"turns":5},{"damage":25,"enemies":"Nightmare","floor":27,"turns":6},{"damage":67,"enemies":"Collector","floor":33,"turns":7},{"damage":42,"enemies":"3 Darklings","floor":35,"turns":3},{"damage":2,"enemies":"conspire:MimicChest","floor":37,"turns":2},{"damage":76,"enemies":"Reptomancer","floor":40,"turns":2}],"seed_played":"1288726401407514009","potions_obtained":[{"floor":3,"key":"DuplicationPotion"},{"floor":6,"key":"LifebloodPotion"},{"floor":14,"key":"Languid Potion"},{"floor":15,"key":"SkillPotion"},{"floor":33,"key":"PowerPotion"},{"floor":35,"key":"AttackPotion"}],"is_trial":true,"path_per_floor":["M","?","M","?","M","E","M","R","T","?","$","E","$","?","R","B",null,"M","M","T","M","?","R","M","$","T","NM","?","?","?","?","R","B",null,"M","$","?","?","?","E"],"character_chosen":"THE_SILENT","items_purchased":["Eternal Feather","ReplayFunnel","TheAbacus","Strawberry","FairyPotion","REME_CardOfGreed"],"campfire_rested":1,"item_purchase_floors":[11,25,25,36,36,36],"current_hp_per_floor":[59,59,59,59,59,27,27,46,46,50,50,28,28,28,70,43,63,19,12,12,9,9,70,58,58,58,37,37,37,37,37,70,7,54,16,23,25,25,25,0,0],"gold":168,"neow_bonus":"","is_daily":false,"chose_seed":false,"campfire_upgraded":0,"win_rate":0.0,"timestamp":1609611580,"path_taken":["M","?","?","?","?","E","M","R","T","?","$","E","?","?","R","BOSS","M","?","?","?","?","R","M","?","T","NM","?","?","?","?","R","BOSS","M","?","?","?","?","E"],"items_purchased_type":["Relic","Relic","Relic","Relic","Potion","Relic"],"build_version":"2020-12-22","purchased_purges":0,"victory":false,"max_hp_per_floor":[66,66,66,66,66,66,66,66,66,70,70,70,70,70,70,70,70,70,70,70,70,70,70,70,70,70,70,70,70,70,70,70,70,70,70,77,77,77,77,77,77],"relic_stats":{"Darkstone Periapt":0,"Nunchaku":[1],"Busted Crown":24,"TheAbacus":[0],"counters":[16,65],"Eternal Feather":136,"Juzu Bracelet":2,"obtain_stats":[{"Darkstone Periapt":3,"ReplayFunnel":25,"REME_ChargedStone":17,"Sizzling Blood":10,"Juzu Bracelet":21,"zeldaRelics:WisdomTriforce":27,"Replay:Rubber Ducky":5,"Frozen Eye":0,"Nunchaku":35,"Chameleon Ring":7,"TheAbacus":25,"Replay:Bronze Core":34,"Strawberry":36,"zeldaRelics:CouragePiece":6,"Replay:Wax Seal":1,"Ring of the Snake":0,"Gremlin Food":24,"zeldaRelics:WisdomPiece":20,"Eternal Feather":11,"conspire:Boomerang":19,"infinitespire:CheckeredPen":18,"zeldaRelics:CourageTriforce":12,"Busted Crown":0,"REME_CardOfGreed":36,"REME_PuzzleBoxRelic":37,"Unceasing Top":0,"REME_ComplimentaryCards":0},{"Darkstone Periapt":2,"ReplayFunnel":11,"REME_ChargedStone":7,"Sizzling Blood":5,"Juzu Bracelet":10,"zeldaRelics:WisdomTriforce":12,"Replay:Rubber Ducky":3,"Frozen Eye":0,"Nunchaku":14,"Chameleon Ring":5,"TheAbacus":11,"Replay:Bronze Core":13,"Strawberry":14,"zeldaRelics:CouragePiece":4,"Replay:Wax Seal":1,"Ring of the Snake":0,"Gremlin Food":11,"zeldaRelics:WisdomPiece":9,"Eternal Feather":5,"conspire:Boomerang":9,"infinitespire:CheckeredPen":8,"zeldaRelics:CourageTriforce":6,"Busted Crown":0,"REME_CardOfGreed":14,"REME_PuzzleBoxRelic":15,"Unceasing Top":0,"REME_ComplimentaryCards":0},{"Darkstone Periapt":4,"ReplayFunnel":45,"REME_ChargedStone":25,"Sizzling Blood":12,"Juzu Bracelet":40,"zeldaRelics:WisdomTriforce":51,"Replay:Rubber Ducky":6,"Frozen Eye":0,"Nunchaku":61,"Chameleon Ring":12,"TheAbacus":45,"Replay:Bronze Core":58,"Strawberry":61,"zeldaRelics:CouragePiece":10,"Replay:Wax Seal":3,"Ring of the Snake":0,"Gremlin Food":45,"zeldaRelics:WisdomPiece":35,"Eternal Feather":12,"conspire:Boomerang":35,"infinitespire:CheckeredPen":32,"zeldaRelics:CourageTriforce":17,"Busted Crown":0,"REME_CardOfGreed":61,"REME_PuzzleBoxRelic":63,"Unceasing Top":0,"REME_ComplimentaryCards":0}],"Unceasing Top":[18]},"card_choices":[],"player_experience":1501183,"relics_obtained":[{"floor":1,"key":"Replay:Wax Seal"},{"floor":3,"key":"Darkstone Periapt"},{"floor":5,"key":"Replay:Rubber Ducky"},{"floor":6,"key":"zeldaRelics:CouragePiece"},{"floor":7,"key":"Chameleon Ring"},{"floor":9,"key":"zeldaRelics:CouragePiece"},{"floor":12,"key":"zeldaRelics:CouragePiece"},{"floor":18,"key":"infinitespire:CheckeredPen"},{"floor":19,"key":"conspire:Boomerang"},{"floor":20,"key":"zeldaRelics:WisdomPiece"},{"floor":21,"key":"Juzu Bracelet"},{"floor":24,"key":"Gremlin Food"},{"floor":26,"key":"zeldaRelics:WisdomPiece"},{"floor":27,"key":"zeldaRelics:WisdomPiece"},{"floor":35,"key":"Nunchaku"},{"floor":37,"key":"REME_PuzzleBoxRelic"}],"event_choices":[{"damage_healed":0,"gold_gain":0,"player_choice":"Upgraded","damage_taken":0,"max_hp_gain":0,"max_hp_loss":0,"event_name":"Upgrade Shrine","floor":2,"gold_loss":0,"cards_upgraded":["Demon Form"]},{"cards_removed":["Eruption"],"damage_healed":0,"gold_gain":0,"player_choice":"Purged","damage_taken":0,"max_hp_gain":0,"max_hp_loss":0,"event_name":"Purifier","floor":4,"gold_loss":0},{"damage_healed":0,"gold_gain":0,"player_choice":"Got Potions","damage_taken":0,"max_hp_gain":0,"max_hp_loss":0,"event_name":"Lab","floor":14,"gold_loss":0},{"damage_healed":0,"gold_gain":0,"player_choice":"Ignored","damage_taken":0,"max_hp_gain":0,"max_hp_loss":0,"event_name":"Ghosts","floor":22,"gold_loss":0},{"damage_healed":0,"gold_gain":0,"player_choice":"Ignored","damage_taken":0,"max_hp_gain":0,"max_hp_loss":0,"event_name":"N\u0027loth","floor":29,"gold_loss":0},{"damage_healed":0,"gold_gain":0,"player_choice":"Ignored","damage_taken":0,"max_hp_gain":0,"max_hp_loss":0,"event_name":"Vampires","floor":30,"gold_loss":0},{"damage_healed":0,"gold_gain":0,"cards_transformed":["Replay:AtTheReady"],"player_choice":"Transformed","damage_taken":0,"max_hp_gain":0,"max_hp_loss":0,"event_name":"Transmorgrifier","floor":31,"gold_loss":0,"cards_obtained":["Corpse Explosion"]},{"damage_healed":0,"gold_gain":0,"player_choice":"3 cards matched","damage_taken":0,"max_hp_gain":0,"max_hp_loss":0,"event_name":"Match and Keep!","floor":38,"gold_loss":0,"cards_obtained":["Flame Barrier","Neutralize","Cleave"]},{"damage_healed":0,"gold_gain":0,"player_choice":"Invest 1","damage_taken":0,"max_hp_gain":0,"max_hp_loss":0,"event_name":"conspire:Investor","floor":39,"gold_loss":0}],"is_beta":false,"boss_relics":[{"not_picked":["Snecko Heart","Painkiller Herb"],"picked":"REME_ChargedStone"},{"not_picked":["REME_DuelDisc","Velvet Choker"],"picked":"Replay:Bronze Core"}],"items_purged_floors":[],"is_endless":true,"potions_floor_spawned":[3,6,7,16,19,33,35],"killed_by":"Reptomancer","ascension_level":20}}