{"host":"ktoxvvst1mwxww91","time":1609623235,"event":{"mods":["BaseMod","Hermit","Minty Spire (QoL Compilation)","StSLib","The Hierophant"],"gold_per_floor":[109,119,18,34,52,85,104,104,104,115,290,290,290,308,308,403,403,417,206,206,223,223,223,236,236,236,236,336,354,372,407,407,502,502,517,168,182,30,48,48,78,97,97,97,97,115,131,131,131,131],"floor_reached":51,"playtime":2655,"items_purged":["Strike_R","Strike_R","Strike_R"],"score":1080,"play_id":"2bd73b41-4dd4-491e-8d0d-63a06c200134","local_time":"20210102223355","is_ascension_mode":true,"campfire_choices":[{"data":"Armaments","floor":8,"key":"SMITH"},{"data":"Demon Form","floor":15,"key":"SMITH"},{"data":"Ghostly","floor":23,"key":"SMITH"},{"data":"Ghostly","floor":25,"key":"SMITH"},{"data":"Ghostly","floor":32,"key":"SMITH"},{"data":"Ghostly","floor":40,"key":"SMITH"},{"data":"Ghostly","floor":45,"key":"SMITH"},{"data":"Juggernaut","floor":49,"key":"SMITH"}],"circlet_count":0,"master_deck":["Strike_R","Strike_R","Defend_R","Defend_R","Defend_R","Defend_R","Bash","Metallicize","Rampage","Shrug It Off","Pommel Strike","Pommel Strike","Armaments+1","Demon Form+1","Shrug It Off","Corruption","Fire Breathing","Reckless Charge","Metallicize","Dark Embrace","Ghostly+1","Ghostly+1","Ghostly+1","Ghostly+1","Ghostly+1","Juggernaut+1","Intimidate","Immolate","Fiend Fire","True Grit","Feel No Pain+1","Reaper","Ghostly+1","Fire Breathing+1","Heavy Blade"],"relics":["Burning Blood","Turnip","Blood Vial","Question Card","Runic Pyramid","Shuriken","StoneCalendar","Letter Opener","White Beast Statue","Busted Crown","DollysMirror","Toxic Egg 2","Paper Frog"],"acts_visited":["Exordium","TheCity","TheBeyond"],"potions_floor_usage":[6,6,18,28,28,31,41,46,46,46,50],"damage_taken":[{"damage":11,"enemies":"Small Slimes","floor":1,"turns":5},{"damage":7,"enemies":"Jaw Worm","floor":2,"turns":5},{"damage":8,"enemies":"2 Louse","floor":4,"turns":3},{"damage":0,"enemies":"2 Fungi Beasts","floor":5,"turns":3},{"damage":24,"enemies":"3 Sentries","floor":6,"turns":8},{"damage":10,"enemies":"Exordium Wildlife","floor":7,"turns":4},{"damage":0,"enemies":"Looter","floor":10,"turns":4},{"damage":8,"enemies":"Large Slime","floor":14,"turns":5},{"damage":29,"enemies":"The Guardian","floor":16,"turns":10},{"damage":28,"enemies":"3 Byrds","floor":18,"turns":5},{"damage":0,"enemies":"Chosen","floor":21,"turns":5},{"damage":3,"enemies":"Centurion and Healer","floor":24,"turns":7},{"damage":2,"enemies":"Colosseum Slavers","floor":28,"turns":6},{"damage":22,"enemies":"Colosseum Nobs","floor":28,"turns":8},{"damage":0,"enemies":"Snecko","floor":29,"turns":5},{"damage":23,"enemies":"Shelled Parasite and Fungi","floor":30,"turns":7},{"damage":5,"enemies":"Book of Stabbing","floor":31,"turns":7},{"damage":9,"enemies":"Champ","floor":33,"turns":12},{"damage":0,"enemies":"3 Shapes","floor":35,"turns":5},{"damage":2,"enemies":"Orb Walker","floor":37,"turns":5},{"damage":0,"enemies":"Transient","floor":39,"turns":5},{"damage":0,"enemies":"Giant Head","floor":41,"turns":9},{"damage":0,"enemies":"Maw","floor":42,"turns":8},{"damage":31,"enemies":"Jaw Worm Horde","floor":46,"turns":7},{"damage":12,"enemies":"Writhing Mass","floor":47,"turns":8},{"damage":12,"enemies":"Donu and Deca","floor":50,"turns":8}],"seed_played":"-3183959358451695626","potions_obtained":[{"floor":2,"key":"Strength Potion"},{"floor":4,"key":"Explosive Potion"},{"floor":14,"key":"SteroidPotion"},{"floor":16,"key":"ColorlessPotion"},{"floor":24,"key":"FearPotion"},{"floor":28,"key":"SteroidPotion"},{"floor":29,"key":"DuplicationPotion"},{"floor":33,"key":"ColorlessPotion"},{"floor":35,"key":"Weak Potion"},{"floor":41,"key":"SpeedPotion"},{"floor":46,"key":"BlessingOfTheForge"},{"floor":47,"key":"Block Potion"}],"is_trial":false,"path_per_floor":["M","M","$","M","M","E","M","R","T","M","?","?","?","M","R","B",null,"M","$","?","M","?","R","M","R","T","?","?","M","M","E","R","B",null,"M","$","M","$","M","R","E","M","T","?","R","M","M","?","R","B",null],"character_chosen":"IRONCLAD","items_purchased":["Shrug It Off","Fire Breathing","Reckless Charge","Feel No Pain","Reaper","DollysMirror"],"campfire_rested":0,"item_purchase_floors":[3,19,19,36,36,38],"current_hp_per_floor":[67,66,66,64,70,52,50,50,50,58,58,58,63,63,63,42,68,48,48,48,56,38,38,38,38,38,33,25,33,18,21,21,20,37,43,43,43,43,43,43,43,43,43,43,43,40,36,36,36,43],"gold":131,"neow_bonus":"ONE_RARE_RELIC","is_daily":false,"chose_seed":false,"campfire_upgraded":8,"win_rate":0.0,"timestamp":1609623235,"path_taken":["M","M","$","M","M","E","M","R","T","M","?","?","?","M","R","BOSS","M","$","?","M","?","R","M","R","T","?","?","M","M","E","R","BOSS","M","$","M","$","M","R","E","M","T","?","R","M","?","?","R","BOSS"],"items_purchased_type":["Card","Card","Card","Card","Card","Relic"],"build_version":"2020-12-22","purchased_purges":3,"victory":true,"max_hp_per_floor":[72,72,72,72,72,72,72,72,72,72,72,72,77,77,77,77,77,77,77,77,77,38,38,38,38,38,43,43,43,43,43,43,43,43,43,43,43,43,43,43,43,43,43,43,43,43,43,43,43,43],"card_choices":[{"not_picked":["Pommel Strike","Pummel"],"picked":"Metallicize","floor":1},{"not_picked":["Clash","Bloodletting"],"picked":"Rampage","floor":2},{"not_picked":["Wild Strike","Clash"],"picked":"Pommel Strike","floor":4},{"not_picked":["Thunderclap","Sever Soul"],"picked":"Pommel Strike","floor":5},{"not_picked":["Offering","Twin Strike"],"picked":"Armaments","floor":6},{"not_picked":["Bloodletting","Body Slam","Anger"],"picked":"SKIP","floor":7},{"not_picked":["Clothesline","Anger","Perfected Strike"],"picked":"Demon Form","floor":10},{"not_picked":["Clothesline","Brutality","Headbutt"],"picked":"Shrug It Off","floor":14},{"not_picked":["Bludgeon","Limit Break","Fiend Fire"],"picked":"Corruption","floor":16},{"not_picked":["Thunderclap","Warcry","Perfected Strike","Headbutt"],"picked":"SKIP","floor":18},{"not_picked":["Warcry+1","Dropkick","Clash"],"picked":"Dark Embrace","floor":21},{"not_picked":["Headbutt","Thunderclap","Infernal Blade","Iron Wave"],"picked":"SKIP","floor":24},{"not_picked":["Clash+1","Sword Boomerang","Armaments"],"picked":"Juggernaut","floor":28},{"not_picked":["Dropkick+1","Sever Soul","Clothesline"],"picked":"Intimidate","floor":29},{"not_picked":["Iron Wave","Inflame","Wild Strike","Thunderclap+1"],"picked":"SKIP","floor":30},{"not_picked":["Blood for Blood","Dual Wield","Inflame"],"picked":"Immolate","floor":31},{"not_picked":["Exhume","Corruption","Bludgeon"],"picked":"Fiend Fire","floor":33},{"not_picked":["Sever Soul+1"],"picked":"True Grit","floor":35},{"not_picked":["Thunderclap+1","Combust+1"],"picked":"SKIP","floor":37},{"not_picked":["Clothesline+1","Body Slam"],"picked":"SKIP","floor":39},{"not_picked":["Twin Strike"],"picked":"Fire Breathing+1","floor":41},{"not_picked":["Pommel Strike+1"],"picked":"Heavy Blade","floor":42},{"not_picked":["Dark Embrace","Bloodletting+1"],"picked":"SKIP","floor":46},{"not_picked":["Perfected Strike","Cleave+1"],"picked":"SKIP","floor":47}],"player_experience":883093,"relics_obtained":[{"floor":6,"key":"Blood Vial"},{"floor":9,"key":"Question Card"},{"floor":26,"key":"Shuriken"},{"floor":28,"key":"StoneCalendar"},{"floor":28,"key":"Letter Opener"},{"floor":31,"key":"White Beast Statue"},{"floor":41,"key":"Toxic Egg 2"},{"floor":43,"key":"Paper Frog"}],"event_choices":[{"damage_healed":0,"gold_gain":175,"player_choice":"AGREE","damage_taken":0,"max_hp_gain":0,"max_hp_loss":0,"event_name":"Liars Game","floor":11,"gold_loss":0,"cards_obtained":["Doubt"]},{"cards_removed":["Doubt"],"damage_healed":0,"gold_gain":0,"player_choice":"Forget","damage_taken":0,"max_hp_gain":0,"max_hp_loss":0,"event_name":"Living Wall","floor":12,"gold_loss":0},{"damage_healed":0,"gold_gain":0,"player_choice":"Donut","damage_taken":0,"max_hp_gain":5,"max_hp_loss":0,"event_name":"Big Fish","floor":13,"gold_loss":0},{"damage_healed":0,"gold_gain":0,"player_choice":"Read","damage_taken":0,"max_hp_gain":0,"max_hp_loss":0,"event_name":"The Library","floor":20,"gold_loss":0,"cards_obtained":["Metallicize"]},{"damage_healed":0,"gold_gain":0,"player_choice":"Became a Ghost","damage_taken":0,"max_hp_gain":0,"max_hp_loss":39,"event_name":"Ghosts","floor":22,"gold_loss":0,"cards_obtained":["Ghostly","Ghostly","Ghostly","Ghostly","Ghostly"]},{"damage_healed":0,"gold_gain":0,"player_choice":"Shed Blood","damage_taken":10,"max_hp_gain":5,"max_hp_loss":0,"event_name":"Forgotten Altar","floor":27,"gold_loss":0},{"damage_healed":0,"gold_gain":0,"player_choice":"Fight","damage_taken":0,"max_hp_gain":0,"max_hp_loss":0,"event_name":"Colosseum","floor":28,"gold_loss":0},{"damage_healed":0,"gold_gain":0,"player_choice":"Fought Nobs","damage_taken":0,"max_hp_gain":0,"max_hp_loss":0,"event_name":"Colosseum","floor":28,"gold_loss":0},{"damage_healed":0,"gold_gain":0,"player_choice":"Forge","damage_taken":0,"max_hp_gain":0,"max_hp_loss":0,"event_name":"Accursed Blacksmith","floor":44,"gold_loss":0,"cards_upgraded":["Feel No Pain"]},{"damage_healed":0,"gold_gain":0,"player_choice":"0 cards matched","damage_taken":0,"max_hp_gain":0,"max_hp_loss":0,"event_name":"Match and Keep!","floor":48,"gold_loss":0,"cards_obtained":[]}],"is_beta":false,"boss_relics":[{"not_picked":["Black Star","Runic Cube"],"picked":"Runic Pyramid"},{"not_picked":["Runic Dome","Sozu"],"picked":"Busted Crown"}],"items_purged_floors":[3,19,36],"is_endless":false,"potions_floor_spawned":[2,4,14,16,24,28,29,33,35,37,39,41,42,46,47],"ascension_level":9}}