{"host":"k6u7q08ihsmpx7o5","time":1609553667,"event":{"mods":["BaseMod","Bestiary","Minty Spire (QoL Compilation)","StSLib"],"gold_per_floor":[109,35,35,49,69,98,98,98,98],"floor_reached":8,"playtime":295,"items_purged":[],"score":112,"play_id":"da86ecc8-7a85-4d68-b145-2700ef49acd8","local_time":"20210102031427","is_ascension_mode":true,"campfire_choices":[],"circlet_count":0,"master_deck":["AscendersBane","Strike_R","Strike_R+1","Strike_R","Strike_R","Strike_R","Defend_R","Defend_R","Defend_R","Defend_R","Bash","Thunderclap+1","Dark Embrace","Burning Pact","Infernal Blade","Second Wind"],"relics":["Burning Blood","NeowsBlessing","Anchor","Mercury Hourglass"],"acts_visited":["Exordium"],"potions_floor_usage":[8],"damage_taken":[{"damage":0,"enemies":"Cultist","floor":1,"turns":1},{"damage":0,"enemies":"Jaw Worm","floor":4,"turns":1},{"damage":0,"enemies":"Small Slimes","floor":5,"turns":1},{"damage":32,"enemies":"3 Sentries","floor":6,"turns":10},{"damage":30,"enemies":"Lagavulin","floor":8,"turns":5}],"seed_played":"7522680618032479540","potions_obtained":[{"floor":4,"key":"Strength Potion"},{"floor":6,"key":"LiquidBronze"}],"is_trial":false,"path_per_floor":["M","$","T","M","M","E","?","E"],"character_chosen":"IRONCLAD","items_purchased":["Dark Embrace"],"campfire_rested":0,"item_purchase_floors":[2],"current_hp_per_floor":[74,74,74,75,75,49,26,0,0],"gold":98,"neow_bonus":"THREE_ENEMY_KILL","is_daily":false,"chose_seed":false,"campfire_upgraded":0,"win_rate":0.0,"timestamp":1609553667,"path_taken":["M","$","?","M","?","E","?","E"],"items_purchased_type":["Card"],"build_version":"2020-12-22","purchased_purges":0,"victory":false,"max_hp_per_floor":[75,75,75,75,75,75,75,75,75],"card_choices":[{"not_picked":["Warcry","Havoc"],"picked":"Thunderclap","floor":1},{"not_picked":["Anger","Twin Strike"],"picked":"Burning Pact","floor":4},{"not_picked":["Pommel Strike","Flex"],"picked":"Infernal Blade","floor":5},{"not_picked":["Combust","Shockwave"],"picked":"Second Wind","floor":6}],"player_experience":1916227,"relics_obtained":[{"floor":3,"key":"Anchor"},{"floor":6,"key":"Mercury Hourglass"}],"event_choices":[{"damage_healed":0,"gold_gain":0,"player_choice":"Entered Light","damage_taken":23,"max_hp_gain":0,"max_hp_loss":0,"event_name":"Shining Light","floor":7,"gold_loss":0,"cards_upgraded":["Thunderclap","Strike_R"]}],"is_beta":false,"boss_relics":[],"items_purged_floors":[],"is_endless":false,"potions_floor_spawned":[4,6],"killed_by":"Lagavulin","ascension_level":20}}