{"host":"7o30bgpqouqblh42","time":1609551751,"event":{"mods":["AchievementEnabler","Aspiration","BaseMod","Colored Map","Downfall","Highlight Path","Minty Spire (QoL Compilation)","StSLib","SuperFastMode"],"gold_per_floor":[116,41,41,58,33,61,61,80,134,53,65,79,10,26,26,127,127,127,127],"floor_reached":18,"playtime":1478,"items_purged":["Guardian:Aged"],"score":162,"play_id":"2227acfb-c676-4ba2-bc1d-81fbba147e42","local_time":"20210101204231","is_ascension_mode":false,"campfire_choices":[{"data":"WindmillStrike","floor":7,"key":"SMITH"},{"floor":15,"key":"REST"}],"circlet_count":0,"master_deck":["Strike_P","Strike_P","Strike_P","Strike_P","Defend_P+1","Defend_P","Defend_P+1","Defend_P","Eruption","Vigilance","Apotheosis+1","Protect","Crescendo","EmptyBody","WindmillStrike+1","ThirdEye","expansioncontent:Collect","Prostrate","DeceiveReality","Prostrate","Devotion"],"relics":["PureWater","aspiration:HummingbirdHeart","War Paint","aspiration:FutureDiary"],"acts_visited":["Exordium","TheCity"],"potions_floor_usage":[16,16],"damage_taken":[{"damage":7,"enemies":"2 Louse","floor":1,"turns":4},{"damage":0,"enemies":"Cultist","floor":4,"turns":3},{"damage":23,"enemies":"3 Sentries","floor":6,"turns":15},{"damage":0,"enemies":"Small Slimes","floor":8,"turns":3},{"damage":3,"enemies":"Exordium Wildlife","floor":11,"turns":5},{"damage":1,"enemies":"Large Slime","floor":12,"turns":6},{"damage":0,"enemies":"3 Louse","floor":14,"turns":4},{"damage":7,"enemies":"The Guardian","floor":16,"turns":10},{"damage":0,"enemies":"3 Byrds","floor":18,"turns":5}],"seed_played":"6452226373929437160","potions_obtained":[{"floor":6,"key":"FearPotion"},{"floor":8,"key":"DistilledChaos"},{"floor":12,"key":"FearPotion"},{"floor":14,"key":"PowerPotion"}],"is_trial":false,"path_per_floor":["M","$","?","M","$","E","R","M","T","$","M","M","$","M","R","B",null,"M"],"character_chosen":"WATCHER","items_purchased":["EmptyBody","expansioncontent:Collect","DeceiveReality"],"campfire_rested":1,"item_purchase_floors":[5,10,13],"current_hp_per_floor":[65,65,65,65,65,42,42,42,42,42,39,38,38,38,59,52,72,72,72],"gold":127,"neow_bonus":"RANDOM_COLORLESS_2","is_daily":false,"chose_seed":false,"campfire_upgraded":1,"win_rate":0.0,"timestamp":1609551751,"path_taken":["M","$","?","M","?","E","R","?","T","?","?","M","?","M","R","BOSS","M"],"items_purchased_type":["Card","Card","Card"],"build_version":"2020-12-22","purchased_purges":1,"victory":false,"max_hp_per_floor":[72,72,72,72,72,72,72,72,72,72,72,72,72,72,72,72,72,72,72],"card_choices":[{"not_picked":["Secret Weapon","expansioncontent:StudyTheSpire"],"picked":"Apotheosis","floor":0},{"not_picked":["InnerPeace","BowlingBash"],"picked":"Protect","floor":1},{"not_picked":["FlurryOfBlows","Protect"],"picked":"Crescendo","floor":4},{"not_picked":["SandsOfTime","MentalFortress"],"picked":"WindmillStrike","floor":6},{"not_picked":["CrushJoints","WaveOfTheHand"],"picked":"ThirdEye","floor":8},{"not_picked":["JustLucky","CrushJoints","CutThroughFate"],"picked":"SKIP","floor":11},{"not_picked":["Consecrate","Study"],"picked":"Prostrate","floor":12},{"not_picked":["LikeWater","DevaForm"],"picked":"Prostrate","floor":14},{"not_picked":["Omniscience","DeusExMachina"],"picked":"Devotion","floor":16}],"player_experience":219608,"relics_obtained":[{"floor":6,"key":"aspiration:HummingbirdHeart"},{"floor":9,"key":"War Paint"}],"event_choices":[{"damage_healed":0,"gold_gain":0,"player_choice":"Upgraded","damage_taken":0,"max_hp_gain":0,"max_hp_loss":0,"event_name":"Upgrade Shrine","floor":3,"gold_loss":0,"cards_upgraded":["Apotheosis"]}],"is_beta":false,"boss_relics":[{"not_picked":["SacredBark","aspiration:RunicSpoon"],"picked":"aspiration:FutureDiary"}],"items_purged_floors":[2],"is_endless":false,"potions_floor_spawned":[6,8,12,14],"killed_by":"3 Byrds","ascension_level":0}}