{"host":"jfjanrmpavyj4ikg","time":1609568947,"event":{"mods":["AchievementEnabler","BaseMod","BetterRewards","Colored Map","Colored Powertips","GifTheSpireLib","Hermit","Infinite Spire","Minty Spire (QoL Compilation)","Quick Restart","Rare Cards Sparkle","Replay The Spire","Shop Mod","StSLib","The Cursed","The Disciple","The Hierophant","The Necromancer"],"gold_per_floor":[119,44,319,332,350,385,385,397,397,397,26,53,53,69,69,169,169,184,150,150,200,115,115,195,195,250,250,282,102,102,102,102],"floor_reached":31,"playtime":3379,"items_purged":["TheCursedMod:Defend_TheCursed","TheCursedMod:Strike_TheCursed","TheCursedMod:Defend_TheCursed","TheCursedMod:Defend_TheCursed"],"score":359,"play_id":"f1f1df8c-a269-465a-9360-503c0bea0b5d","local_time":"20210101222907","is_ascension_mode":false,"campfire_choices":[{"data":"TheCursedMod:RapidMovement","floor":7.0,"key":"SMITH"},{"data":"TheCursedMod:CursedWand","floor":10.0,"key":"SMITH"},{"data":"TheCursedMod:SpitefulStrike","floor":13.0,"key":"SMITH"},{"data":"TheCursedMod:RapidMovement","floor":15.0,"key":"SMITH"},{"data":"TheCursedMod:WearCloak","floor":23.0,"key":"SMITH"},{"data":"Pot Of Greed","floor":25.0,"key":"SMITH"},{"data":"Pot Of Greed","floor":27.0,"key":"SMITH"}],"circlet_count":0,"master_deck":["TheCursedMod:Strike_TheCursed","TheCursedMod:Strike_TheCursed","TheCursedMod:Strike_TheCursed","TheCursedMod:Defend_TheCursed","TheCursedMod:CursedWand+1","TheCursedMod:CleanUpWorkshop","TheCursedMod:Dregs","TheCursedMod:SpitefulStrike+1","Regret","TheCursedMod:RapidMovement+1","TheCursedMod:WearCloak+1","TheCursedMod:CursedStaff","Pot Of Greed+1","Pot Of Greed+1","TheCursedMod:RapidMovement+1","TheCursedMod:CursedSpellbook","TheCursedMod:CursedSpellbook","TheCursedMod:Stretching","Hallucinations","Writhe","TheCursedMod:Hemoplague+1","Decay","ReplayTheSpireMod:Splinters"],"relics":["TheCursedMod:BlackMagic101","Vajra","infinitespire:Bottled Soul","Potion Belt","Grinning Jar","Ring of Chaos","WingedGreaves","Ring of Greed","ReplayTheSpireMod:Ring of Collecting","MealTicket","Replay:Wax Seal","Divine Protection","ReplayTheSpireMod:Ring of Exchange","Ring of Hypnosis","ReplayTheSpireMod:Lightbulb","Toy Ornithopter"],"acts_visited":["Exordium","TheCity"],"potions_floor_usage":[],"damage_taken":[{"damage":1.0,"enemies":"Cultist","floor":1.0,"turns":5.0},{"damage":4.0,"enemies":"Jaw Worm","floor":4.0,"turns":3.0},{"damage":0.0,"enemies":"Small Slimes","floor":5.0,"turns":2.0},{"damage":21.0,"enemies":"3 Sentries","floor":6.0,"turns":10.0},{"damage":2.0,"enemies":"Looter","floor":8.0,"turns":3.0},{"damage":11.0,"enemies":"Gremlin Nob","floor":12.0,"turns":4.0},{"damage":6.0,"enemies":"Blue Slaver","floor":14.0,"turns":3.0},{"damage":42.0,"enemies":"Fading Forest","floor":16.0,"turns":11.0},{"damage":6.0,"enemies":"Spheric Guardian","floor":18.0,"turns":5.0},{"damage":1.0,"enemies":"2 Thieves","floor":19.0,"turns":5.0},{"damage":29.0,"enemies":"Slavers","floor":28.0,"turns":11.0},{"damage":66,"enemies":"Gremlin Leader","floor":31,"turns":4}],"seed_played":"-6907886542310566012","potions_obtained":[{"floor":1.0,"key":"SkillPotion"},{"floor":5.0,"key":"LifebloodPotion"},{"floor":8.0,"key":"FearPotion"},{"floor":16.0,"key":"Reflective Coating"},{"floor":18.0,"key":"Explosive Potion"}],"is_trial":false,"path_per_floor":["M","$","?","M","M","E","R","M","T","R","$","E","R","M","R","B",null,"M","M","AVR","?","?","R","T","R","T","R","E","$","?","E"],"character_chosen":"THE_CURSED","items_purchased":["TheCursedMod:WearCloak","TheCursedMod:CursedStaff","Potion Belt","TheCursedMod:Hemoplague+1"],"campfire_rested":0,"item_purchase_floors":[11,11,11,29],"current_hp_per_floor":[81,81,81,77,77,56,56,54,54,54,54,43,43,37,37,17,82,76,75,75,75,75,75,75,75,75,75,46,61,61,0,0],"gold":102,"neow_bonus":"TEN_PERCENT_HP_BONUS","is_daily":false,"chose_seed":false,"campfire_upgraded":7,"win_rate":0.0,"timestamp":1609568947,"path_taken":["M","?","?","M","M","E","R","?","T","R","$","E","R","M","R","BOSS","M","M","AVR","?","?","R","?","R","T","R","E","$","?","E"],"items_purchased_type":["Card","Card","Relic","Card"],"build_version":"2020-12-22","purchased_purges":4,"victory":false,"max_hp_per_floor":[82,82,82,82,82,82,82,82,82,82,82,82,82,82,82,82,82,82,82,82,82,82,82,82,82,82,82,82,82,82,82,82],"card_choices":[{"not_picked":["TheCursedMod:SoulReap","TheCursedMod:CursedShiv"],"picked":"TheCursedMod:SpitefulStrike","floor":1.0},{"not_picked":["TheCursedMod:CircleOfCorruption","TheCursedMod:ManaBullet","TheCursedMod:Stigma"],"picked":"SKIP","floor":4.0},{"not_picked":["TheCursedMod:Obscuration","TheCursedMod:TroublousMinions"],"picked":"TheCursedMod:RapidMovement","floor":5.0},{"not_picked":["TheCursedMod:SpitefulPlan","TheCursedMod:CursedMace","TheCursedMod:Wield"],"picked":"SKIP","floor":6.0},{"not_picked":["TheCursedMod:SmokeScreen","TheCursedMod:Stretching","TheCursedMod:FuryStrike"],"picked":"SKIP","floor":8.0},{"not_picked":["TheCursedMod:BlessingInDisguise","TheCursedMod:SurpriseAttack"],"picked":"TheCursedMod:RapidMovement","floor":12.0},{"not_picked":["TheCursedMod:LuckyCharm","TheCursedMod:TacticalStrike"],"picked":"TheCursedMod:CursedSpellbook","floor":14.0},{"not_picked":["TheCursedMod:BlessingInDisguise","TheCursedMod:CircleOfFocus"],"picked":"TheCursedMod:CursedSpellbook","floor":18.0},{"not_picked":["TheCursedMod:CursedStaff","TheCursedMod:CursedBoomerang"],"picked":"TheCursedMod:Stretching","floor":19.0},{"not_picked":["TheCursedMod:FleshFromBone+1","TheCursedMod:DoubleShield+1","TheCursedMod:TacticalStrike"],"picked":"SKIP","floor":28.0}],"player_experience":46679,"relics_obtained":[{"floor":6.0,"key":"Vajra"},{"floor":9.0,"key":"infinitespire:Bottled Soul"},{"floor":12.0,"key":"Grinning Jar"},{"floor":21.0,"key":"Ring of Greed"},{"floor":21.0,"key":"ReplayTheSpireMod:Ring of Collecting"},{"floor":21.0,"key":"MealTicket"},{"floor":21.0,"key":"Replay:Wax Seal"},{"floor":24.0,"key":"ReplayTheSpireMod:Ring of Exchange"},{"floor":26.0,"key":"Ring of Hypnosis"},{"floor":26.0,"key":"ReplayTheSpireMod:Lightbulb"},{"floor":28.0,"key":"Toy Ornithopter"}],"event_choices":[{"damage_healed":0.0,"max_hp_gain":0.0,"max_hp_loss":0.0,"gold_gain":275.0,"event_name":"Golden Shrine","player_choice":"Desecrate","floor":3.0,"gold_loss":0.0,"damage_taken":0.0,"cards_obtained":["Regret"]},{"damage_healed":0.0,"max_hp_gain":0.0,"max_hp_loss":0.0,"gold_gain":0.0,"event_name":"Addict","player_choice":"Obtained Relic","floor":22.0,"gold_loss":85.0,"damage_taken":0.0,"relics_obtained":["Divine Protection"]}],"is_beta":false,"boss_relics":[{"not_picked":["Runic Dome","Replay:Bronze Core"],"picked":"Ring of Chaos"}],"items_purged_floors":[2,11,20,29],"is_endless":false,"potions_floor_spawned":[1,5,8,16,18],"killed_by":"Gremlin Leader","ascension_level":0}}