{"host":"qxeepl7ydvsgmfdb","time":1609596479,"event":{"mods":["AchievementEnabler","BaseMod","Colored Powertips","Minty Spire (QoL Compilation)","Quick Restart","slay the spire mod where everything is the same but ironclad has a cowboy hat"],"gold_per_floor":[118,134,134,99,118,146,146,146,146,157,121,121,134,150,150,255,255,266,120,131,131,150,150,150],"floor_reached":23,"playtime":1214,"items_purged":[],"score":212,"play_id":"e38e031e-a900-4e26-ab59-687a6fbc3ec3","local_time":"20210102090759","is_ascension_mode":true,"campfire_choices":[{"floor":8.0,"key":"REST"},{"floor":12.0,"key":"REST"},{"floor":15,"key":"REST"}],"circlet_count":0,"master_deck":["Strike_B","Strike_B","Strike_B","Defend_B","Defend_B","Defend_B","Defend_B","Zap","Dualcast","Sweeping Beam","Redo","Darkness","Conserve Battery","CurseOfTheBell","Cold Snap","Defragment"],"relics":["Cracked Core","NeowsBlessing","InkBottle","CultistMask","Vajra","Calling Bell","Pen Nib","Letter Opener","Unceasing Top","Toy Ornithopter"],"acts_visited":["Exordium","TheCity"],"potions_floor_usage":[16,20,22],"damage_taken":[{"damage":0.0,"enemies":"Cultist","floor":1.0,"turns":1.0},{"damage":0.0,"enemies":"Jaw Worm","floor":2.0,"turns":1.0},{"damage":0.0,"enemies":"Small Slimes","floor":5.0,"turns":1.0},{"damage":42.0,"enemies":"Gremlin Nob","floor":6.0,"turns":4.0},{"damage":18.0,"enemies":"3 Louse","floor":10.0,"turns":3.0},{"damage":23.0,"enemies":"Gremlin Gang","floor":13.0,"turns":3.0},{"damage":10,"enemies":"Large Slime","floor":14,"turns":5},{"damage":42,"enemies":"The Guardian","floor":16,"turns":9},{"damage":10,"enemies":"Chosen","floor":18,"turns":4},{"damage":23,"enemies":"3 Byrds","floor":20,"turns":4},{"damage":38,"enemies":"Snake Plant","floor":22,"turns":5},{"damage":43,"enemies":"Gremlin Leader","floor":23,"turns":3}],"seed_played":"4089343649903076612","potions_obtained":[{"floor":10.0,"key":"Block Potion"},{"floor":13.0,"key":"SneckoOil"},{"floor":14,"key":"Energy Potion"},{"floor":16,"key":"Weak Potion"}],"is_trial":false,"path_per_floor":["M","M","?","?","M","E","?","R","T","M","$","R","M","M","R","B",null,"M","$","M","?","M","E"],"character_chosen":"DEFECT","items_purchased":["Lockon","Toy Ornithopter"],"campfire_rested":3,"item_purchase_floors":[11,19],"current_hp_per_floor":[75,75,68,75,75,33,33,55,55,37,37,59,36,26,48,6,75,65,65,47,75,42,0,0],"gold":150,"neow_bonus":"THREE_ENEMY_KILL","is_daily":false,"chose_seed":false,"campfire_upgraded":0,"win_rate":0.0,"timestamp":1609596479,"path_taken":["M","?","?","?","M","E","?","R","T","?","$","R","M","M","R","BOSS","M","$","M","?","M","E"],"items_purchased_type":["Card","Relic"],"build_version":"2020-12-22","purchased_purges":0,"victory":false,"max_hp_per_floor":[75,75,75,75,75,75,75,75,75,75,75,75,75,75,75,75,75,75,75,75,75,75,75,75],"card_choices":[{"not_picked":["Redo","Rebound"],"picked":"Sweeping Beam","floor":1.0},{"not_picked":["Compile Driver","Reprogram"],"picked":"Redo","floor":2.0},{"not_picked":["Steam Power","Coolheaded"],"picked":"Darkness","floor":5.0},{"not_picked":["Sunder","Gash","Rebound"],"picked":"SKIP","floor":6.0},{"not_picked":["Hologram","Rip and Tear"],"picked":"Conserve Battery","floor":10.0},{"not_picked":["Double Energy","Steam","Fission"],"picked":"SKIP","floor":13.0},{"not_picked":["Undo","Stack","Glacier"],"picked":"SKIP","floor":14},{"not_picked":["Lockon","Stack"],"picked":"Cold Snap","floor":18},{"not_picked":["Recycle","Lockon+1"],"picked":"Defragment","floor":20},{"not_picked":["Streamline","Beam Cell+1","Conserve Battery"],"picked":"SKIP","floor":22}],"player_experience":358397,"relics_obtained":[{"floor":6.0,"key":"InkBottle"},{"floor":9.0,"key":"Vajra"},{"floor":17,"key":"Pen Nib"},{"floor":17,"key":"Letter Opener"},{"floor":17,"key":"Unceasing Top"}],"event_choices":[{"cards_removed":["Strike_B"],"damage_healed":0.0,"max_hp_gain":0.0,"max_hp_loss":0.0,"gold_gain":0.0,"event_name":"Golden Wing","player_choice":"Card Removal","floor":3.0,"gold_loss":0.0,"damage_taken":7.0},{"damage_healed":18.0,"max_hp_gain":0.0,"max_hp_loss":0.0,"gold_gain":0.0,"event_name":"The Cleric","player_choice":"Healed","floor":4.0,"gold_loss":35.0,"damage_taken":0.0},{"damage_healed":0.0,"max_hp_gain":0.0,"max_hp_loss":0.0,"gold_gain":0.0,"event_name":"FaceTrader","player_choice":"Trade","floor":7.0,"gold_loss":0.0,"damage_taken":0.0,"relics_obtained":["CultistMask"]},{"cards_removed":["Lockon"],"damage_healed":28,"gold_gain":0,"player_choice":"Offered Uncommon","damage_taken":0,"max_hp_gain":0,"max_hp_loss":0,"event_name":"Bonfire Elementals","floor":21,"gold_loss":0}],"is_beta":false,"boss_relics":[{"not_picked":["Snecko Eye","Runic Pyramid"],"picked":"Calling Bell"}],"items_purged_floors":[],"is_endless":false,"potions_floor_spawned":[10,13,14,16],"killed_by":"Gremlin Leader","ascension_level":2}}