{"host":"hfcva6mq15ctj0gu","time":1609605898,"event":{"mods":["Abigail Mod","AchievementEnabler","Act Like it!","Alarm Clock","BaseMod","Better Altar","Better Match","Better Note","Better Skull","Better Third Choice","BetterRewards","CapriCore","Card Forge","Colored Map","Curses Come First","Disable Question Mark Monsters","Displayed Cursed Tome","Emptier Cage","FoggyMod","Friendly Minions","Gold Saver","Grow up Mod","Highlight Path","Kiyohime????","Kratos Character Expansion","Marisa????????","Minty Spire (QoL Compilation)","Permanent Neow","Reimu??????","Remilia??????","Shade Mod","Shop Mod","StSLib","The Immortal","The Servant 0.9.4","The Vixen","Transform Curses","Virulent Crown","Yakumo Yukari mod","????"],"gold_per_floor":[828,828,828,421,421,451,451,461,533,533,568,247,275,275,28,147,147,162,237,237,162,142,173,17,17,43,66,66,99,123,27,27,152,152,200,0,0,0,126,192,49,94,106,118,146,158,221,249,216,258],"floor_reached":51,"playtime":2577,"items_purged":[],"score":1203,"play_id":"ec0e782b-e55d-44d0-9c8f-2d2261b9f153","local_time":"20210102174458","is_ascension_mode":false,"campfire_choices":[{"floor":7,"key":"RECALL"},{"floor":32,"key":"REST"}],"circlet_count":0,"master_deck":["Vigilance+1","FlurryOfBlows+1","FlurryOfBlows+1","FlurryOfBlows+1","Worship+1","Secret Weapon+1","Worship+1","Evaluate+1","LikeWater+1","FlurryOfBlows+1","Wireheading+1","Alpha+1","Prostrate+1","Brilliance+1","Conclude+1","Prostrate+1","LikeWater+1","InnerPeace+1","SandsOfTime+1","Wish+1","DeusExMachina+1","Brilliance+1","FlurryOfBlows+1","Prostrate+1","Omniscience+1"],"relics":["PureWater","Hammer of Thor","Seething Fire","Anvil of the Gods","Matryoshka","MerchantsRug","Turnip","Membership Card","Bag of Marbles","Du-Vu Doll","Mercury Hourglass","Thread and Needle","Frozen Egg 2","Shuriken","KratosMod:chalice","RedLine:ReiMu","Damaru","Peace Pipe","Golden Idol","Toolbox","RedLine:ReiMu","Bronze Scales","Gambling Chip","HandDrill","Omamori","Art of War","InkBottle","Nunchaku","Melange","Cursed Key","Red Mask","Mercury Hourglass","Happy Flower","Question Card","MawBank","Incense Burner","Bottled Flame"],"acts_visited":["Exordium","TheCity","TheBeyond"],"potions_floor_usage":[23],"damage_taken":[{"damage":0,"enemies":"Cultist","floor":1,"turns":1},{"damage":33,"enemies":"Lagavulin","floor":6,"turns":4},{"damage":0,"enemies":"2 Louse","floor":8,"turns":1},{"damage":25,"enemies":"3 Sentries","floor":11,"turns":3},{"damage":3,"enemies":"Lagavulin","floor":13,"turns":3},{"damage":55,"enemies":"The Guardian","floor":16,"turns":4},{"damage":3,"enemies":"Chosen","floor":18,"turns":3},{"damage":32,"enemies":"Book of Stabbing","floor":23,"turns":4},{"damage":2,"enemies":"Spheric Guardian","floor":27,"turns":2},{"damage":12,"enemies":"Gremlin Leader","floor":29,"turns":2},{"damage":3,"enemies":"Snecko","floor":30,"turns":3},{"damage":14,"enemies":"Champ","floor":33,"turns":4},{"damage":5,"enemies":"Orb Walker","floor":35,"turns":3},{"damage":37,"enemies":"Nemesis","floor":40,"turns":5},{"damage":3,"enemies":"Giant Head","floor":42,"turns":3},{"damage":17,"enemies":"3 Shapes","floor":45,"turns":3},{"damage":3,"enemies":"Maw","floor":47,"turns":3},{"damage":24,"enemies":"Sphere and 2 Shapes","floor":48,"turns":3},{"damage":19,"enemies":"Time Eater","floor":50,"turns":3}],"seed_played":"-8477807207363986471","potions_obtained":[{"floor":6,"key":"Dexterity Potion"},{"floor":8,"key":"DistilledChaos"},{"floor":13,"key":"Block Potion"},{"floor":16,"key":"EssenceOfSteel"},{"floor":22,"key":"Dexterity Potion"},{"floor":23,"key":"SneckoOil"},{"floor":30,"key":"SkillPotion"},{"floor":39,"key":"FairyPotion"},{"floor":42,"key":"ColorlessPotion"},{"floor":45,"key":"Fire Potion"},{"floor":47,"key":"Fire Potion"}],"is_trial":false,"path_per_floor":["M","?","?","$","?","E","R","M","T","?","E","$","E","?","R","B",null,"M","?","?","?","?","E","R","?","T","M","$","E","M","$","R","B",null,"M","?","?","$","?","E","R","E","T","R","M","?","M","M","R","B",null],"character_chosen":"WATCHER","items_purchased":["FlurryOfBlows","Matryoshka","MerchantsRug","LessonLearned","DollysMirror","Membership Card","Bag of Marbles","FlurryOfBlows","Worship","Secret Weapon","Mercury Hourglass","Thread and Needle","Meditate","Mayhem","Damaru","Peace Pipe","FlurryOfBlows","Tantrum","Wireheading+1","Eternal Feather","Toolbox","MentalFortress+1","Prostrate","Gambling Chip","HandDrill","LikeWater+1","InnerPeace","Nunchaku","Melange","Question Card","MawBank","Prostrate","Omniscience"],"campfire_rested":1,"item_purchase_floors":[0,0,0,0,0,0,0,0,0,0,4,4,4,4,12,12,12,12,12,15,15,15,15,24,24,24,24,31,31,41,41,49,49],"current_hp_per_floor":[50,60,70,80,90,67,77,87,97,107,92,102,116,72,82,37,259,266,250,260,270,280,258,277,287,297,305,315,313,320,330,409,405,429,434,444,454,464,474,447,469,476,486,496,489,499,506,492,502,493],"gold":270,"neow_bonus":"","is_daily":false,"chose_seed":false,"campfire_upgraded":0,"win_rate":0.0,"timestamp":1609605898,"path_taken":["M","?","?","$","?","E","R","?","T","?","E","?","E","?","R","BOSS","M","?","?","?","?","E","R","?","T","?","?","E","?","?","R","BOSS","M","?","?","$","?","E","R","E","T","R","?","?","?","?","R","BOSS"],"items_purchased_type":["Card","Relic","Relic","Card","Relic","Relic","Relic","Card","Card","Card","Relic","Relic","Card","Card","Relic","Relic","Card","Card","Card","Relic","Relic","Card","Card","Relic","Relic","Card","Card","Relic","Relic","Relic","Relic","Card","Card"],"build_version":"2020-12-22","purchased_purges":0,"victory":true,"max_hp_per_floor":[92,102,112,122,132,142,152,162,172,182,192,202,219,229,239,249,259,269,279,289,299,309,319,329,339,349,359,369,379,389,399,409,419,429,439,449,459,469,479,489,499,509,519,529,539,549,559,569,579,589],"card_choices":[{"not_picked":["WreathOfFlame","JustLucky"],"picked":"Worship","floor":1},{"not_picked":["EmptyBody","EmptyFist"],"picked":"Evaluate","floor":6},{"not_picked":["SignatureMove","Sanctity"],"picked":"LikeWater+1","floor":8},{"not_picked":["SashWhip","BowlingBash","FlyingSleeves"],"picked":"SKIP","floor":11},{"not_picked":["SashWhip","InnerPeace"],"picked":"Alpha","floor":13},{"not_picked":["Alpha","Judgement"],"picked":"Brilliance","floor":16},{"not_picked":["JustLucky","Sanctity","BowlingBash"],"picked":"SKIP","floor":18},{"not_picked":["Blind","Enlightenment"],"picked":"Mind Blast","floor":21},{"not_picked":["BattleHymn","Indignation"],"picked":"Meditate","floor":21},{"not_picked":["SignatureMove","ReachHeaven"],"picked":"Conclude","floor":21},{"not_picked":["TalkToTheHand","MasterReality+1"],"picked":"Prostrate","floor":23},{"not_picked":["Evaluate","Tantrum","SashWhip"],"picked":"SKIP","floor":27},{"not_picked":["Crescendo","ThirdEye"],"picked":"SandsOfTime+1","floor":29},{"not_picked":["Protect","Meditate","Halt"],"picked":"SKIP","floor":30},{"not_picked":["MasterReality+1","Establishment+1"],"picked":"Wish","floor":33},{"not_picked":["LikeWater+1","FlyingSleeves+1","Evaluate+1"],"picked":"SKIP","floor":35},{"not_picked":["Violence","Discovery"],"picked":"Blind","floor":39},{"not_picked":["LikeWater+1","Consecrate+1"],"picked":"WindmillStrike+1","floor":40},{"not_picked":["ReachHeaven","SashWhip+1","WaveOfTheHand+1"],"picked":"DeusExMachina","floor":42},{"not_picked":["Vengeance","Halt+1","BowlingBash","CutThroughFate"],"picked":"SKIP","floor":45},{"not_picked":["SashWhip","SignatureMove+1","EmptyFist+1"],"picked":"FlurryOfBlows","floor":47},{"not_picked":["Weave","Perseverance+1","Indignation","ThirdEye+1"],"picked":"SKIP","floor":48}],"player_experience":86956,"relics_obtained":[{"floor":6,"key":"Frozen Egg 2"},{"floor":9,"key":"Potion Belt"},{"floor":9,"key":"Shuriken"},{"floor":11,"key":"War Paint"},{"floor":13,"key":"Strawberry"},{"floor":23,"key":"Bronze Scales"},{"floor":26,"key":"Omamori"},{"floor":26,"key":"Art of War"},{"floor":29,"key":"InkBottle"},{"floor":39,"key":"Mercury Hourglass"},{"floor":40,"key":"Happy Flower"},{"floor":42,"key":"Incense Burner"},{"floor":43,"key":"Bottled Flame"}],"event_choices":[{"damage_healed":0,"gold_gain":0,"player_choice":"Box","damage_taken":0,"relics_obtained":["Du-Vu Doll"],"max_hp_gain":0,"max_hp_loss":0,"event_name":"Big Fish","floor":2,"gold_loss":0,"cards_obtained":["Regret"]},{"damage_healed":60,"gold_gain":0,"player_choice":"Embrace Burn","damage_taken":0,"max_hp_gain":0,"max_hp_loss":102,"event_name":"betterThird:BetterShining","floor":3,"gold_loss":0},{"cards_removed":["Defend_P"],"damage_healed":0,"gold_gain":0,"player_choice":"Offered Basic","damage_taken":0,"max_hp_gain":0,"max_hp_loss":0,"event_name":"Bonfire Elementals","floor":5,"gold_loss":0},{"damage_healed":0,"gold_gain":0,"player_choice":"Take Damage","damage_taken":54,"relics_obtained":["Golden Idol"],"max_hp_gain":0,"max_hp_loss":0,"event_name":"Golden Idol","floor":14,"gold_loss":0},{"damage_healed":0,"gold_gain":75,"player_choice":"Touch","damage_taken":26,"max_hp_gain":0,"max_hp_loss":0,"event_name":"FaceTrader","floor":19,"gold_loss":0},{"cards_removed":["MentalFortress"],"damage_healed":0,"gold_gain":0,"player_choice":"Purged","damage_taken":0,"max_hp_gain":0,"max_hp_loss":0,"event_name":"Purifier","floor":20,"gold_loss":0},{"damage_healed":0,"gold_gain":0,"player_choice":"1","damage_taken":0,"max_hp_gain":0,"max_hp_loss":0,"event_name":"betterMatch:BetterMatch","floor":21,"gold_loss":0,"cards_obtained":["betterMatch:ColorlessUncommonCard","betterMatch:UncommonCard","betterMatch:UncommonCard"]},{"damage_healed":0,"gold_gain":0,"player_choice":"Bought 1 Potion","damage_taken":0,"max_hp_gain":0,"max_hp_loss":0,"event_name":"The Woman in Blue","floor":22,"gold_loss":0},{"damage_healed":0,"gold_gain":0,"player_choice":"Ignored","damage_taken":0,"max_hp_gain":0,"max_hp_loss":0,"event_name":"Vampires","floor":25,"gold_loss":0},{"damage_healed":0,"gold_gain":0,"player_choice":"Paid","damage_taken":0,"relics_obtained":["Red Mask"],"max_hp_gain":0,"max_hp_loss":0,"event_name":"Tomb of Lord Red Mask","floor":36,"gold_loss":200},{"damage_healed":0,"gold_gain":0,"player_choice":"Ignored","damage_taken":0,"max_hp_gain":0,"max_hp_loss":0,"event_name":"The Moai Head","floor":37,"gold_loss":0},{"damage_healed":0,"gold_gain":0,"player_choice":"Random: Red","damage_taken":0,"max_hp_gain":0,"max_hp_loss":0,"event_name":"betterThird:BetterPortal","floor":39,"gold_loss":0},{"damage_healed":0,"gold_gain":0,"cards_transformed":["WindmillStrike"],"player_choice":"Transformed","damage_taken":0,"max_hp_gain":0,"max_hp_loss":0,"event_name":"Transmorgrifier","floor":46,"gold_loss":0,"cards_obtained":["Brilliance"]}],"is_beta":false,"boss_relics":[{"not_picked":["Tiny House","Pandora\u0027s Box"],"picked":"RedLine:ReiMu"},{"not_picked":["Runic Dome","Runic Pyramid"],"picked":"Cursed Key"}],"items_purged_floors":[],"is_endless":false,"potions_floor_spawned":[6,8,13,16,23,30,42,45,47],"ascension_level":0}}