{"host":"jkgg7n5hn1slsm35","time":1609581807,"event":{"mods":["Aspiration","BaseMod","BetterRewards","Conspire","Googly Eyes","Gremlin Skip","Halation","Highlight Path","Hubris","Infinite Spire","Minty Spire (QoL Compilation)","Permanent Neow","StSLib","SuperFastMode","vexMod"],"gold_per_floor":[109,129,79,103,115,161,181,181,181,235,10,38,0,0,0,114,114,140,140,123,23,41,41,72,112,112,60,60,87,127,142,142,267,267,278,291,291],"floor_reached":36,"playtime":1042,"items_purged":["Strike_R","Strike_R","Strike_R"],"score":421,"play_id":"e65e9b76-0486-49b6-849a-f9641873b8c1","local_time":"20210102110327","is_ascension_mode":false,"campfire_choices":[{"data":"Body Slam","floor":8,"key":"SMITH"},{"floor":15,"key":"REST"},{"floor":23,"key":"REST"},{"floor":32,"key":"REST"}],"circlet_count":0,"master_deck":["Defend_R","Defend_R","Defend_R","Defend_R","Cleave","conspire:SpireCoStock","Body Slam+1","Body Slam","Body Slam","Pommel Strike","Ghostly Armor","Metallicize","Clash+1","Barricade","infinitespire:Collect","Iron Wave","Ghostly Armor+1","Clash+1"],"relics":["Burning Blood","NeowsBlessing","Orichalcum","hubris:BottledRain","vexMod:InvisibilityCloak","conspire:DecoderRing","hubris:OldNail","vexMod:TanglingVine","hubris:SlimyHat","Shovel","Dream Catcher","Empty Cage"],"acts_visited":["Exordium","TheCity","TheBeyond"],"potions_floor_usage":[6,6,7,25,25,25,33,35],"damage_taken":[{"damage":0,"enemies":"conspire:RoseBush","floor":1,"turns":1},{"damage":0,"enemies":"2 Louse","floor":2,"turns":1},{"damage":0,"enemies":"Jaw Worm","floor":5,"turns":1},{"damage":48,"enemies":"Lagavulin","floor":6,"turns":7},{"damage":2,"enemies":"Exordium Thugs","floor":7,"turns":5},{"damage":22,"enemies":"3 Sentries","floor":10,"turns":7},{"damage":9,"enemies":"Exordium Wildlife","floor":12,"turns":5},{"damage":37,"enemies":"The Guardian","floor":16,"turns":16},{"damage":34,"enemies":"Shell Parasite","floor":18,"turns":6},{"damage":25,"enemies":"2 Thieves","floor":20,"turns":4},{"damage":20,"enemies":"Snake Plant","floor":22,"turns":5},{"damage":16,"enemies":"Centurion and Healer","floor":24,"turns":5},{"damage":38,"enemies":"Nightmare","floor":25,"turns":9},{"damage":8,"enemies":"Shelled Parasite and Fungi","floor":29,"turns":4},{"damage":12,"enemies":"Snake Plant","floor":30,"turns":6},{"damage":7,"enemies":"Cultist and Chosen","floor":31,"turns":7},{"damage":12,"enemies":"Champ","floor":33,"turns":9},{"damage":7,"enemies":"Orb Walker","floor":35,"turns":5},{"damage":99,"enemies":"2 Orb Walkers","floor":36,"turns":5}],"seed_played":"-2252000785454335157","potions_obtained":[{"floor":1,"key":"LiquidBronze"},{"floor":5,"key":"LiquidBronze"},{"floor":6,"key":"HeartOfIron"},{"floor":12,"key":"FearPotion"},{"floor":20,"key":"BloodPotion"},{"floor":24,"key":"Explosive Potion"},{"floor":31,"key":"CultistPotion"},{"floor":33,"key":"LiquidMemories"}],"is_trial":false,"path_per_floor":["M","M","?","T","M","E","M","R","T","E","$","M","$","?","R","B",null,"M","?","M","$","M","R","M","NM","T","$","AVR","M","M","M","R","B",null,"M","?"],"character_chosen":"IRONCLAD","items_purchased":["hubris:OldNail","Ghostly Armor","Iron Wave"],"campfire_rested":3,"item_purchase_floors":[11,13,27],"current_hp_per_floor":[80,80,80,80,80,38,42,42,42,26,26,23,23,28,53,22,85,57,57,38,38,24,49,39,24,24,24,24,22,16,15,40,34,85,84,0,0],"gold":291,"neow_bonus":"THREE_ENEMY_KILL","is_daily":false,"chose_seed":false,"campfire_upgraded":1,"win_rate":0.0,"timestamp":1609581807,"path_taken":["M","?","?","?","M","E","M","R","T","E","$","?","$","?","R","BOSS","M","?","M","$","?","R","M","NM","T","?","AVR","?","M","M","R","BOSS","M","?"],"items_purchased_type":["Relic","Card","Card"],"build_version":"2020-12-22","purchased_purges":3,"victory":false,"max_hp_per_floor":[80,80,80,80,80,80,80,80,80,80,80,80,80,85,85,85,85,85,85,85,85,85,85,85,85,85,85,85,85,85,85,85,85,85,85,85,85],"card_choices":[{"not_picked":["Headbutt","Carnage","Rupture"],"picked":"SKIP","floor":1},{"not_picked":["conspire:ExplosiveBarrier","Evolve"],"picked":"Cleave","floor":2},{"not_picked":["Sentinel","Power Through","Sever Soul"],"picked":"SKIP","floor":5},{"not_picked":["Armaments","Shrug It Off"],"picked":"Body Slam","floor":6},{"not_picked":["Pommel Strike","Wild Strike"],"picked":"Body Slam","floor":7},{"not_picked":["Perfected Strike","Havoc"],"picked":"Body Slam","floor":10},{"not_picked":["Cleave","Carnage"],"picked":"Pommel Strike","floor":12},{"not_picked":["Bloodletting","Perfected Strike"],"picked":"Metallicize","floor":18},{"not_picked":["Heavy Blade","infinitespire:OneForAll+1","Twin Strike+1"],"picked":"SKIP","floor":20},{"not_picked":["Inflame","Wild Strike"],"picked":"Clash+1","floor":22},{"not_picked":["Pummel","Cleave+1"],"picked":"Barricade","floor":24},{"not_picked":["infinitespire:FinalStrike","infinitespire:Menacing"],"picked":"infinitespire:Collect","floor":25},{"not_picked":["Bludgeon","Perfected Strike+1","hubris:ReadiedAction"],"picked":"SKIP","floor":25},{"not_picked":["True Grit","Iron Wave"],"picked":"Ghostly Armor+1","floor":29},{"not_picked":["Perfected Strike","Warcry","Headbutt"],"picked":"SKIP","floor":30},{"not_picked":["Sword Boomerang","Reckless Charge+1","Wild Strike"],"picked":"SKIP","floor":31},{"not_picked":["Flex","Warcry"],"picked":"Clash+1","floor":32},{"not_picked":["Shockwave+1","Wild Strike+1","Clash"],"picked":"SKIP","floor":35}],"player_experience":1812252,"relics_obtained":[{"floor":4,"key":"Orichalcum"},{"floor":6,"key":"hubris:BottledRain"},{"floor":9,"key":"vexMod:InvisibilityCloak"},{"floor":10,"key":"conspire:DecoderRing"},{"floor":25,"key":"hubris:SlimyHat"},{"floor":26,"key":"Shovel"}],"event_choices":[{"damage_healed":0,"gold_gain":0,"player_choice":"Invest 1","damage_taken":0,"max_hp_gain":0,"max_hp_loss":0,"event_name":"conspire:Investor","floor":3,"gold_loss":0},{"damage_healed":0,"gold_gain":0,"player_choice":"Donut","damage_taken":0,"max_hp_gain":5,"max_hp_loss":0,"event_name":"Big Fish","floor":14,"gold_loss":0},{"cards_removed":["Strike_R"],"damage_healed":0,"gold_gain":0,"player_choice":"Offered Basic","damage_taken":0,"max_hp_gain":0,"max_hp_loss":0,"event_name":"Bonfire Elementals","floor":19,"gold_loss":0},{"damage_healed":0,"gold_gain":0,"player_choice":"Fight","damage_taken":0,"max_hp_gain":0,"max_hp_loss":0,"event_name":"Mysterious Sphere","floor":36,"gold_loss":0}],"is_beta":false,"boss_relics":[{"not_picked":["halation:Risk","conspire:RoyalGoblet"],"picked":"vexMod:TanglingVine"},{"not_picked":["vexMod:CursedCompass","vexMod:DeviousBotling"],"picked":"Empty Cage"}],"items_purged_floors":[11,21,28],"is_endless":true,"potions_floor_spawned":[1,5,6,12,20,24,31,33],"killed_by":"2 Orb Walkers","ascension_level":0}}