{"host":"q1yq0ibtlljsjzm9","time":1609624885,"event":{"mods":["BaseMod","DeckTracker","Hermit","Minty Spire (QoL Compilation)","StSLib"],"gold_per_floor":[116,63,142,88,106,141,141,174,222,242,276,293,304,304,304,304,304],"floor_reached":16,"playtime":1122,"items_purged":[],"score":120,"play_id":"de84d7b4-1939-437d-9982-e38278a917b2","local_time":"20210102140125","is_ascension_mode":false,"campfire_choices":[{"floor":7,"key":"RECALL"},{"floor":15,"key":"REST"}],"circlet_count":0,"master_deck":["Strike_R","Strike_R","Strike_R","Strike_R+1","Strike_R+1","Defend_R","Defend_R","Defend_R","Defend_R","Bash+1","Ghostly Armor+1","Heavy Blade","Armaments","Iron Wave+1","Impervious","Clothesline","Spot Weakness","Metallicize","Sword Boomerang","Heavy Blade"],"relics":["Burning Blood","Bag of Marbles","Centennial Puzzle","Whetstone"],"acts_visited":["Exordium"],"potions_floor_usage":[6,8],"damage_taken":[{"damage":0,"enemies":"2 Louse","floor":1,"turns":3},{"damage":2,"enemies":"Small Slimes","floor":5,"turns":5},{"damage":34,"enemies":"3 Sentries","floor":6,"turns":8},{"damage":8,"enemies":"Lagavulin","floor":8,"turns":5},{"damage":6,"enemies":"Jaw Worm","floor":10,"turns":4},{"damage":17,"enemies":"Gremlin Nob","floor":11,"turns":5},{"damage":5,"enemies":"Red Slaver","floor":12,"turns":3},{"damage":2,"enemies":"Blue Slaver","floor":13,"turns":3},{"damage":53,"enemies":"Slime Boss","floor":16,"turns":9}],"seed_played":"547635704333790008","potions_obtained":[{"floor":1,"key":"Strength Potion"},{"floor":5,"key":"Explosive Potion"}],"is_trial":false,"path_per_floor":["M","$","?","$","M","E","R","E","T","M","E","M","M","?","R","B"],"character_chosen":"IRONCLAD","items_purchased":["Heavy Blade","Armaments"],"campfire_rested":1,"item_purchase_floors":[2,4],"current_hp_per_floor":[80,80,80,80,80,52,52,50,50,50,39,40,44,28,52,0,0],"gold":304,"neow_bonus":"UPGRADE_CARD","is_daily":false,"chose_seed":false,"campfire_upgraded":0,"win_rate":0.0,"timestamp":1609624885,"path_taken":["M","$","?","$","M","E","R","E","T","M","E","M","M","?","R","BOSS"],"items_purchased_type":["Card","Card"],"build_version":"2020-12-22","purchased_purges":0,"victory":false,"max_hp_per_floor":[80,80,80,80,80,80,80,80,80,80,80,80,80,80,80,80,80],"card_choices":[{"not_picked":["Battle Trance","Blood for Blood"],"picked":"Ghostly Armor","floor":1},{"not_picked":["Armaments","Burning Pact"],"picked":"Iron Wave","floor":5},{"not_picked":["Shockwave","Body Slam"],"picked":"Impervious","floor":6},{"not_picked":["Thunderclap","Warcry"],"picked":"Clothesline","floor":8},{"not_picked":["Hemokinesis","Sword Boomerang"],"picked":"Spot Weakness","floor":10},{"not_picked":["Fire Breathing","Brutality"],"picked":"Metallicize","floor":11},{"not_picked":["Armaments","Body Slam"],"picked":"Sword Boomerang","floor":12},{"not_picked":["Metallicize","Armaments"],"picked":"Heavy Blade","floor":13}],"player_experience":45450,"relics_obtained":[{"floor":6,"key":"Bag of Marbles"},{"floor":8,"key":"Centennial Puzzle"},{"floor":11,"key":"Whetstone"}],"event_choices":[{"damage_healed":0,"gold_gain":79,"player_choice":"Gained Gold","damage_taken":0,"max_hp_gain":0,"max_hp_loss":0,"event_name":"Golden Wing","floor":3,"gold_loss":0},{"damage_healed":0,"gold_gain":0,"player_choice":"Entered Light","damage_taken":16,"max_hp_gain":0,"max_hp_loss":0,"event_name":"Shining Light","floor":14,"gold_loss":0,"cards_upgraded":["Strike_R","Ghostly Armor"]}],"is_beta":false,"boss_relics":[],"items_purged_floors":[],"is_endless":false,"potions_floor_spawned":[1,5],"killed_by":"Slime Boss","ascension_level":0}}