{"host":"nqsrckqog5ia9mbo","time":1609589301,"event":{"mods":["AchievementEnabler","BaseMod","Colored Map","Highlight Path","Minty Spire (QoL Compilation)"],"gold_per_floor":[119,197,197,207,207,232,244,284,296,338,350,350],"floor_reached":11,"playtime":669,"items_purged":[],"score":125,"play_id":"f9309ab0-3cbc-47cb-bd62-a5114e0dfc94","local_time":"20210102130821","is_ascension_mode":true,"campfire_choices":[{"data":"Entrench","floor":7,"key":"SMITH"}],"circlet_count":0,"master_deck":["Strike_R","Strike_R","Strike_R","Strike_R","Strike_R","Defend_R","Defend_R","Defend_R","Defend_R","Shrug It Off","Entrench+1","Iron Wave","Body Slam"],"relics":["Burning Blood","NeowsBlessing","Question Card","MawBank","Dream Catcher","Darkstone Periapt"],"acts_visited":["Exordium"],"potions_floor_usage":[8,11],"damage_taken":[{"damage":0,"enemies":"Cultist","floor":1,"turns":1},{"damage":0,"enemies":"Small Slimes","floor":4,"turns":1},{"damage":0,"enemies":"Gremlin Nob","floor":6,"turns":1},{"damage":33,"enemies":"3 Sentries","floor":8,"turns":18},{"damage":52,"enemies":"Gremlin Nob","floor":11,"turns":6}],"seed_played":"4006216781901454761","potions_obtained":[{"floor":1,"key":"EssenceOfSteel"},{"floor":4,"key":"PowerPotion"}],"is_trial":false,"path_per_floor":["M","T","?","M","?","E","R","E","T","?","E"],"character_chosen":"IRONCLAD","items_purchased":[],"campfire_rested":0,"item_purchase_floors":[],"current_hp_per_floor":[80,80,80,80,73,79,79,52,52,52,0,0],"gold":350,"neow_bonus":"THREE_ENEMY_KILL","is_daily":false,"chose_seed":false,"campfire_upgraded":1,"win_rate":0.0,"timestamp":1609589301,"path_taken":["M","?","?","?","?","E","R","E","T","?","E"],"items_purchased_type":[],"build_version":"2020-12-22","purchased_purges":0,"victory":false,"max_hp_per_floor":[80,80,80,80,80,80,80,80,80,80,80,80],"card_choices":[{"not_picked":["Sever Soul","Carnage"],"picked":"Shrug It Off","floor":1},{"not_picked":["Thunderclap","Perfected Strike","Pommel Strike"],"picked":"Entrench","floor":4},{"not_picked":["Perfected Strike","Cleave","Sword Boomerang"],"picked":"Iron Wave","floor":6},{"not_picked":["Pommel Strike","Flex","Blood for Blood"],"picked":"Body Slam","floor":8}],"player_experience":71318,"relics_obtained":[{"floor":2,"key":"Question Card"},{"floor":6,"key":"MawBank"},{"floor":8,"key":"Dream Catcher"},{"floor":9,"key":"Darkstone Periapt"}],"event_choices":[{"damage_healed":0,"gold_gain":0,"player_choice":"Bought 0 Potions","damage_taken":0,"max_hp_gain":0,"max_hp_loss":0,"event_name":"The Woman in Blue","floor":3,"gold_loss":0},{"cards_removed":["Bash"],"damage_healed":0,"gold_gain":0,"player_choice":"Card Removal","damage_taken":7,"max_hp_gain":0,"max_hp_loss":0,"event_name":"Golden Wing","floor":5,"gold_loss":0},{"damage_healed":0,"gold_gain":30,"player_choice":"Searched \u00271\u0027 times","damage_taken":0,"max_hp_gain":0,"max_hp_loss":0,"event_name":"Dead Adventurer","floor":10,"gold_loss":0}],"is_beta":false,"boss_relics":[],"items_purged_floors":[],"is_endless":false,"potions_floor_spawned":[1,4],"killed_by":"Gremlin Nob","ascension_level":4}}