{"host":"640uue19m79c7wbt","time":1609575669,"event":{"mods":["BaseMod","Colored Map","Googly Eyes","Highlight Path","Minty Spire (QoL Compilation)","Quick Restart","StSLib"],"gold_per_floor":[116,134,50,62,24,57,57,86,86,36,36,36,111,141,141,237,237,249,249,269,280,280,280,296,324,351,351,363,398,408,419,419,518,518,538,538,557,12,0,0,32,32,32,32,57,75,75,87,87,87],"floor_reached":51,"playtime":3108,"items_purged":[],"score":960,"play_id":"24b0415f-ac97-4f14-b38c-22f406046463","local_time":"20210102032109","is_ascension_mode":true,"campfire_choices":[{"data":"Adrenaline","floor":7.0,"key":"SMITH"},{"floor":12.0,"key":"REST"},{"floor":15.0,"key":"REST"},{"floor":23.0,"key":"REST"},{"floor":27.0,"key":"REST"},{"floor":32.0,"key":"REST"},{"data":"Night Terror","floor":40.0,"key":"SMITH"},{"floor":42.0,"key":"REST"},{"floor":49,"key":"REST"}],"circlet_count":0,"master_deck":["Strike_G","Strike_G","Strike_G","Defend_G","Defend_G","Defend_G","Defend_G","Defend_G","Survivor","Neutralize","PiercingWail","Dash","Well Laid Plans","Dagger Throw","Blade Dance","Accuracy+1","Adrenaline+1","Eviscerate","Footwork","Night Terror+1","Cloak And Dagger","Necronomicurse","Underhanded Strike","Footwork","Underhanded Strike","Footwork","Caltrops","Crippling Poison","Corpse Explosion","Backstab+1","Panache","Accuracy","Venomology","Bandage Up","Calculated Gamble+1","Madness","Madness","Envenom"],"relics":["Ring of the Snake","NeowsBlessing","Tingsha","Odd Mushroom","Mercury Hourglass","Mummified Hand","Necronomicon","Bag of Preparation","Orichalcum","Pen Nib","HoveringKite","Thread and Needle","Strange Spoon","Red Mask","Blood Vial","TungstenRod","Ancient Tea Set"],"acts_visited":["Exordium","TheCity","TheBeyond"],"potions_floor_usage":[46,46,50,50,50,50],"damage_taken":[{"damage":0.0,"enemies":"Cultist","floor":1.0,"turns":1.0},{"damage":0.0,"enemies":"2 Louse","floor":2.0,"turns":1.0},{"damage":0.0,"enemies":"Jaw Worm","floor":4.0,"turns":1.0},{"damage":24.0,"enemies":"3 Sentries","floor":6.0,"turns":10.0},{"damage":11.0,"enemies":"The Mushroom Lair","floor":8.0,"turns":4.0},{"damage":15.0,"enemies":"Lagavulin","floor":14.0,"turns":5.0},{"damage":23.0,"enemies":"Slime Boss","floor":16.0,"turns":8.0},{"damage":3.0,"enemies":"Shell Parasite","floor":18.0,"turns":2.0},{"damage":3.0,"enemies":"2 Thieves","floor":20.0,"turns":3.0},{"damage":17.0,"enemies":"Shelled Parasite and Fungi","floor":21.0,"turns":6.0},{"damage":0.0,"enemies":"3 Cultists","floor":24.0,"turns":5.0},{"damage":8.0,"enemies":"Gremlin Leader","floor":25.0,"turns":5.0},{"damage":13.0,"enemies":"Snake Plant","floor":28.0,"turns":3.0},{"damage":0.0,"enemies":"Book of Stabbing","floor":29.0,"turns":4.0},{"damage":0.0,"enemies":"Cultist and Chosen","floor":30.0,"turns":4.0},{"damage":1.0,"enemies":"Centurion and Healer","floor":31.0,"turns":2.0},{"damage":32.0,"enemies":"Champ","floor":33.0,"turns":12.0},{"damage":0.0,"enemies":"Orb Walker","floor":35.0,"turns":2.0},{"damage":4.0,"enemies":"3 Shapes","floor":37.0,"turns":5.0},{"damage":33.0,"enemies":"Nemesis","floor":41.0,"turns":7.0},{"damage":4.0,"enemies":"Reptomancer","floor":45.0,"turns":6.0},{"damage":0,"enemies":"Maw","floor":46,"turns":5},{"damage":8,"enemies":"Spire Growth","floor":48,"turns":4},{"damage":86,"enemies":"Awakened One","floor":50,"turns":12}],"seed_played":"-1498126732783148277","potions_obtained":[{"floor":6.0,"key":"PowerPotion"},{"floor":18.0,"key":"Energy Potion"},{"floor":28.0,"key":"EntropicBrew"},{"floor":30.0,"key":"AttackPotion"},{"floor":35.0,"key":"SneckoOil"},{"floor":37.0,"key":"Weak Potion"}],"is_trial":false,"path_per_floor":["M","M","$","M","$","E","R","?","T","?","?","R","?","E","R","B",null,"M","?","M","M","?","R","M","E","T","R","M","E","M","M","R","B",null,"M","?","M","$","?","R","E","R","T","?","E","M","?","M","R","B",null],"character_chosen":"THE_SILENT","items_purchased":["Well Laid Plans","Dagger Throw","Accuracy","Panache","Accuracy","Venomology","Strange Spoon"],"campfire_rested":7,"item_purchase_floors":[3,3,5,38,38,38,38],"current_hp_per_floor":[70,70,70,70,70,46,46,35,35,35,35,56,45,30,51,28,60,57,41,38,21,21,42,42,34,34,55,42,42,42,41,62,30,60,60,60,56,56,56,56,23,44,44,44,46,66,58,52,70,21],"gold":87,"neow_bonus":"THREE_ENEMY_KILL","is_daily":false,"chose_seed":false,"campfire_upgraded":2,"win_rate":0.0,"timestamp":1609575669,"path_taken":["M","M","$","?","$","E","R","?","T","?","?","R","?","E","R","BOSS","M","?","M","M","?","R","?","E","T","R","M","E","M","M","R","BOSS","M","?","?","$","?","R","E","R","T","?","E","M","?","M","R","BOSS"],"items_purchased_type":["Card","Card","Card","Card","Card","Card","Relic"],"build_version":"2020-12-22","purchased_purges":0,"victory":true,"max_hp_per_floor":[70,70,70,70,70,70,70,70,70,70,70,70,70,70,70,70,70,70,70,70,70,70,70,70,70,70,70,70,70,70,70,70,70,70,70,70,70,70,70,70,70,70,70,70,70,70,70,70,70,70],"card_choices":[{"not_picked":["Sucker Punch","Masterful Stab"],"picked":"PiercingWail","floor":1.0},{"not_picked":["PiercingWail","Eviscerate"],"picked":"Dash","floor":2.0},{"not_picked":["Poisoned Stab","Dodge and Roll"],"picked":"Blade Dance","floor":4.0},{"not_picked":["Blade Dance","Finisher"],"picked":"Adrenaline","floor":6.0},{"not_picked":["Cloak And Dagger","Setup"],"picked":"Eviscerate","floor":8.0},{"not_picked":["Flying Knee","Riddle With Holes"],"picked":"Footwork","floor":14.0},{"not_picked":["Glass Knife","Doppelganger"],"picked":"Night Terror","floor":16.0},{"not_picked":["Slice+1","Deadly Poison+1"],"picked":"Cloak And Dagger","floor":18.0},{"not_picked":["Poisoned Stab+1","Finisher"],"picked":"Underhanded Strike","floor":20.0},{"not_picked":["Flying Knee","Dagger Spray+1"],"picked":"Footwork","floor":21.0},{"not_picked":["Choke","All Out Attack"],"picked":"Underhanded Strike","floor":24.0},{"not_picked":["All Out Attack","Outmaneuver","Backflip"],"picked":"SKIP","floor":25.0},{"not_picked":["Reflex","Die Die Die"],"picked":"Footwork","floor":28.0},{"not_picked":["Backflip","Blade Dance"],"picked":"Caltrops","floor":29.0},{"not_picked":["Slice","All Out Attack"],"picked":"Crippling Poison","floor":30.0},{"not_picked":["Sucker Punch","Bane","Deadly Poison"],"picked":"SKIP","floor":31.0},{"not_picked":["Adrenaline","Wraith Form v2"],"picked":"Corpse Explosion","floor":33.0},{"not_picked":["PiercingWail","Dodge and Roll+1","Deflect"],"picked":"SKIP","floor":35.0},{"not_picked":["Flechettes","Malaise"],"picked":"Backstab+1","floor":37.0},{"not_picked":["Dodge and Roll","Flechettes","PiercingWail+1"],"picked":"SKIP","floor":41.0},{"not_picked":["Flash of Steel","Finesse"],"picked":"Bandage Up","floor":44.0},{"not_picked":["Dagger Spray+1","Bane","Poisoned Stab"],"picked":"SKIP","floor":45.0},{"not_picked":["Dagger Throw","Dodge and Roll+1"],"picked":"Calculated Gamble+1","floor":46},{"not_picked":["Backflip","Caltrops"],"picked":"Envenom","floor":48}],"player_experience":550731,"relics_obtained":[{"floor":6.0,"key":"Tingsha"},{"floor":8.0,"key":"Odd Mushroom"},{"floor":9.0,"key":"Mercury Hourglass"},{"floor":14.0,"key":"Mummified Hand"},{"floor":19.0,"key":"Necronomicon"},{"floor":25.0,"key":"Bag of Preparation"},{"floor":26.0,"key":"Orichalcum"},{"floor":29.0,"key":"Pen Nib"},{"floor":41.0,"key":"Blood Vial"},{"floor":43.0,"key":"TungstenRod"},{"floor":45.0,"key":"Ancient Tea Set"}],"event_choices":[{"damage_healed":0.0,"max_hp_gain":0.0,"max_hp_loss":0.0,"gold_gain":0.0,"event_name":"Mushrooms","player_choice":"Fought Mushrooms","floor":8.0,"gold_loss":0.0,"damage_taken":0.0},{"cards_removed":["Strike_G"],"damage_healed":0.0,"max_hp_gain":0.0,"max_hp_loss":0.0,"gold_gain":0.0,"event_name":"The Cleric","player_choice":"Card Removal","floor":10.0,"gold_loss":50.0,"damage_taken":0.0},{"damage_healed":0.0,"max_hp_gain":0.0,"max_hp_loss":0.0,"gold_gain":0.0,"event_name":"Living Wall","player_choice":"Grow","floor":11.0,"gold_loss":0.0,"damage_taken":0.0,"cards_upgraded":["Accuracy"]},{"damage_healed":0.0,"max_hp_gain":0.0,"max_hp_loss":0.0,"gold_gain":75.0,"event_name":"World of Goop","player_choice":"Gather Gold","floor":13.0,"gold_loss":0.0,"damage_taken":11.0},{"damage_healed":0.0,"max_hp_gain":0.0,"max_hp_loss":0.0,"gold_gain":0.0,"event_name":"Cursed Tome","player_choice":"Obtained Book","floor":19.0,"gold_loss":0.0,"damage_taken":16.0},{"cards_removed":["Strike_G"],"damage_healed":0.0,"max_hp_gain":0.0,"max_hp_loss":0.0,"gold_gain":0.0,"event_name":"Purifier","player_choice":"Purged","floor":22.0,"gold_loss":0.0,"damage_taken":0.0},{"damage_healed":0.0,"max_hp_gain":0.0,"max_hp_loss":0.0,"gold_gain":0.0,"event_name":"WeMeetAgain","player_choice":"Gave Potion","floor":36.0,"gold_loss":0.0,"damage_taken":0.0,"relics_obtained":["Thread and Needle"]},{"damage_healed":0.0,"max_hp_gain":0.0,"max_hp_loss":0.0,"gold_gain":0.0,"event_name":"Tomb of Lord Red Mask","player_choice":"Paid","floor":39.0,"gold_loss":12.0,"damage_taken":0.0,"relics_obtained":["Red Mask"]},{"damage_healed":0.0,"max_hp_gain":0.0,"max_hp_loss":0.0,"gold_gain":0.0,"event_name":"SensoryStone","player_choice":"Memory 1","floor":44.0,"gold_loss":0.0,"damage_taken":0.0},{"damage_healed":0,"gold_gain":0,"player_choice":"Embrace Madness","damage_taken":9,"max_hp_gain":0,"max_hp_loss":0,"event_name":"Winding Halls","floor":47,"gold_loss":0,"cards_obtained":["Madness","Madness"]}],"is_beta":false,"boss_relics":[{"not_picked":["Cursed Key","Fusion Hammer","Ectoplasm"]},{"not_picked":["Velvet Choker","Snecko Eye"],"picked":"HoveringKite"}],"items_purged_floors":[],"is_endless":false,"potions_floor_spawned":[6,18,28,29,30,35,37,45],"ascension_level":5}}