{"host":"os9owiyb0rak6c8n","time":1609617723,"event":{"mods":["AchievementEnabler","BaseMod","Beaked The Cultist","Better Third Choice","Block Reminder","Colored Map","Colored Powertips","Dio Mod","Minty Spire (QoL Compilation)","Robot Space Explorer","Spicy Shops","StSLib","The Death Knight","The Dragon Tamer"],"gold_per_floor":[115,115,135,67,77,104,104,116,141,141,156,3,3,3,3,100,100,116,116,116,133,145,172,172,198,277,293,312,325,325,29,29,133,133,143,143,143,156,172,172,198,218,244,244,244,279,279,279,279,279],"floor_reached":51,"playtime":2018,"items_purged":["Strike_G"],"score":1058,"play_id":"4caae8f5-f9c3-4ece-a583-87c1bc752ec2","local_time":"20210102210203","is_ascension_mode":true,"campfire_choices":[{"data":"Dash","floor":7,"key":"SMITH"},{"floor":10,"key":"REST"},{"data":"Neutralize","floor":13,"key":"SMITH"},{"data":"Survivor","floor":15,"key":"SMITH"},{"floor":24,"key":"REST"},{"floor":30,"key":"REST"},{"floor":32,"key":"REST"},{"data":"Leg Sweep","floor":40,"key":"SMITH"},{"data":"Cloak And Dagger","floor":49,"key":"SMITH"}],"circlet_count":0,"master_deck":["Strike_G","Strike_G","Strike_G","Defend_G","Defend_G","Defend_G","Defend_G","Defend_G","Survivor+1","Neutralize+1","A Thousand Cuts+1","Poisoned Stab","Dash+1","PiercingWail","Footwork","Footwork","After Image","Blade Dance","Dagger Throw+1","Backflip","Leg Sweep+1","Infinite Blades+1","Escape Plan+1","Cloak And Dagger+1","Dodge and Roll","Footwork","Storm of Steel","Finisher","Malaise+1"],"relics":["Ring of the Snake","Centennial Puzzle","Bronze Scales","WristBlade","HornCleat","MealTicket","Vajra","Busted Crown","Singing Bowl","CeramicFish","Toxic Egg 2"],"acts_visited":["Exordium","TheCity","TheBeyond"],"potions_floor_usage":[11,18,22,23,25,33,33,33,39,41,46,46],"damage_taken":[{"damage":5,"enemies":"2 Louse","floor":1,"turns":3},{"damage":1,"enemies":"Cultist","floor":3,"turns":3},{"damage":0,"enemies":"Small Slimes","floor":5,"turns":3},{"damage":28,"enemies":"3 Sentries","floor":6,"turns":8},{"damage":10,"enemies":"2 Fungi Beasts","floor":8,"turns":3},{"damage":0,"enemies":"Large Slime","floor":11,"turns":5},{"damage":27,"enemies":"The Guardian","floor":16,"turns":14},{"damage":0,"enemies":"3 Byrds","floor":18,"turns":4},{"damage":0,"enemies":"Chosen","floor":21,"turns":5},{"damage":15,"enemies":"Snake Plant","floor":22,"turns":6},{"damage":22,"enemies":"Book of Stabbing","floor":23,"turns":7},{"damage":33,"enemies":"Slavers","floor":25,"turns":9},{"damage":8,"enemies":"Shelled Parasite and Fungi","floor":27,"turns":6},{"damage":0,"enemies":"Snecko","floor":28,"turns":6},{"damage":0,"enemies":"Chosen and Byrds","floor":29,"turns":6},{"damage":22,"enemies":"Collector","floor":33,"turns":11},{"damage":24,"enemies":"3 Darklings","floor":35,"turns":5},{"damage":0,"enemies":"3 Shapes","floor":38,"turns":6},{"damage":2,"enemies":"Maw","floor":39,"turns":9},{"damage":2,"enemies":"Reptomancer","floor":41,"turns":7},{"damage":12,"enemies":"3 Darklings","floor":42,"turns":4},{"damage":13,"enemies":"Giant Head","floor":46,"turns":7},{"damage":6,"enemies":"Jotaro","floor":50,"turns":13}],"seed_played":"-7038328187205372754","potions_obtained":[{"floor":3,"key":"Poison Potion"},{"floor":8,"key":"SpeedPotion"},{"floor":11,"key":"DistilledChaos"},{"floor":22,"key":"BlessingOfTheForge"},{"floor":23,"key":"SpeedPotion"},{"floor":27,"key":"Strength Potion"},{"floor":28,"key":"Explosive Potion"},{"floor":29,"key":"Weak Potion"},{"floor":36,"key":"SmokeBomb"},{"floor":36,"key":"Block Potion"},{"floor":36,"key":"BlessingOfTheForge"},{"floor":39,"key":"SneckoOil"},{"floor":42,"key":"CunningPotion"}],"is_trial":false,"path_per_floor":["M","?","M","$","M","E","R","M","T","R","M","$","R","?","R","B",null,"M","?","?","M","M","E","R","E","T","M","M","M","R","$","R","B",null,"M","?","$","M","M","R","E","M","T","?","?","E","?","?","R","B",null],"character_chosen":"THE_SILENT","items_purchased":["Dash","Footwork","Footwork","Vajra"],"campfire_rested":4,"item_purchase_floors":[4,12,31,31],"current_hp_per_floor":[58,58,57,57,57,29,29,19,19,40,40,40,40,63,63,36,62,62,62,62,62,47,25,46,13,13,5,5,5,26,41,62,40,63,39,39,54,54,52,52,52,42,42,42,69,56,56,58,58,52],"gold":279,"neow_bonus":"ONE_RANDOM_RARE_CARD","is_daily":false,"chose_seed":false,"campfire_upgraded":5,"win_rate":0.0,"timestamp":1609617723,"path_taken":["M","?","?","$","M","E","R","M","T","R","M","?","R","?","R","BOSS","M","?","?","M","M","E","R","E","T","M","?","M","R","$","R","BOSS","M","?","$","?","M","R","E","M","T","?","?","E","?","?","R","BOSS"],"items_purchased_type":["Card","Card","Card","Relic"],"build_version":"2020-12-22","purchased_purges":1,"victory":true,"max_hp_per_floor":[70,70,70,70,70,70,70,70,70,70,70,70,70,70,70,70,70,70,70,70,70,70,70,70,70,70,70,70,70,70,70,70,70,70,70,70,70,70,70,70,72,74,74,74,69,69,69,71,71,71],"card_choices":[{"not_picked":["Blur","Cloak And Dagger"],"picked":"Poisoned Stab","floor":1},{"not_picked":["Blur","Dagger Throw"],"picked":"Poisoned Stab","floor":3},{"not_picked":["Underhanded Strike","Flying Knee"],"picked":"PiercingWail","floor":5},{"not_picked":["Masterful Stab","Bane","Escape Plan"],"picked":"SKIP","floor":6},{"not_picked":["Heel Hook","Terror"],"picked":"Footwork","floor":8},{"not_picked":["Grand Finale","Flying Knee","Backstab"],"picked":"SKIP","floor":11},{"not_picked":["Burst","Grand Finale"],"picked":"After Image","floor":16},{"not_picked":["Leg Sweep","Underhanded Strike"],"picked":"Blade Dance","floor":18},{"not_picked":["Sucker Punch+1","Acrobatics"],"picked":"Dagger Throw+1","floor":21},{"not_picked":["Well Laid Plans","Flechettes"],"picked":"Backflip","floor":22},{"not_picked":["Backflip","Crippling Poison+1"],"picked":"Leg Sweep","floor":23},{"not_picked":["Blade Dance","Underhanded Strike"],"picked":"Infinite Blades+1","floor":25},{"not_picked":["Sucker Punch","Predator"],"picked":"Escape Plan+1","floor":27},{"not_picked":["Caltrops","Blade Dance"],"picked":"Cloak And Dagger","floor":28},{"not_picked":["Acrobatics","Caltrops"],"picked":"Dodge and Roll","floor":29},{"not_picked":["Phantasmal Killer","Die Die Die"],"picked":"Storm of Steel","floor":33},{"not_picked":["Endless Agony+1"],"picked":"SKIP","floor":35},{"not_picked":[],"picked":"Finisher","floor":38},{"not_picked":["Slice+1"],"picked":"SKIP","floor":39},{"not_picked":["Dagger Throw"],"picked":"Singing Bowl","floor":41},{"not_picked":["Dagger Spray"],"picked":"Singing Bowl","floor":42},{"not_picked":[],"picked":"Malaise+1","floor":46},{"not_picked":["Madness+1"],"picked":"Singing Bowl","floor":48}],"player_experience":535496,"relics_obtained":[{"floor":6,"key":"Centennial Puzzle"},{"floor":9,"key":"Bronze Scales"},{"floor":23,"key":"HornCleat"},{"floor":25,"key":"MealTicket"},{"floor":41,"key":"Singing Bowl"},{"floor":43,"key":"CeramicFish"},{"floor":46,"key":"Toxic Egg 2"}],"event_choices":[{"damage_healed":0,"gold_gain":0,"player_choice":"Forge","damage_taken":0,"max_hp_gain":0,"max_hp_loss":0,"event_name":"Accursed Blacksmith","floor":2,"gold_loss":0,"cards_upgraded":["A Thousand Cuts"]},{"damage_healed":23,"gold_gain":0,"player_choice":"Banana","damage_taken":0,"max_hp_gain":0,"max_hp_loss":0,"event_name":"Big Fish","floor":14,"gold_loss":0},{"damage_healed":0,"gold_gain":0,"player_choice":"Ignored","damage_taken":0,"max_hp_gain":0,"max_hp_loss":0,"event_name":"Ghosts","floor":19,"gold_loss":0},{"cards_removed":["Strike_G"],"damage_healed":0,"gold_gain":0,"player_choice":"Purged","damage_taken":0,"max_hp_gain":0,"max_hp_loss":0,"event_name":"Purifier","floor":20,"gold_loss":0},{"damage_healed":0,"gold_gain":0,"player_choice":"Got Potions","damage_taken":0,"max_hp_gain":0,"max_hp_loss":0,"event_name":"Lab","floor":36,"gold_loss":0},{"cards_removed":["Poisoned Stab"],"damage_healed":0,"gold_gain":0,"player_choice":"Removed Attack","damage_taken":0,"max_hp_gain":0,"max_hp_loss":0,"event_name":"Falling","floor":44,"gold_loss":0},{"damage_healed":0,"gold_gain":0,"player_choice":"Ignored","damage_taken":0,"max_hp_gain":0,"max_hp_loss":0,"event_name":"Mysterious Sphere","floor":47,"gold_loss":0},{"damage_healed":0,"gold_gain":0,"player_choice":"Memory 1","damage_taken":0,"max_hp_gain":0,"max_hp_loss":0,"event_name":"SensoryStone","floor":48,"gold_loss":0}],"is_beta":false,"boss_relics":[{"not_picked":["Runic Pyramid","SacredBark"],"picked":"WristBlade"},{"not_picked":["Snecko Eye","beaked:MawFillet"],"picked":"Busted Crown"}],"items_purged_floors":[12],"is_endless":false,"potions_floor_spawned":[3,8,11,22,23,27,28,29,38,39,42],"ascension_level":9}}