{"host":"0ydzwspkajt4brzd","time":1609579870,"event":{"mods":["AchievementEnabler","BaseMod","Colored Map","DeckTracker","Googly Eyes","Highlight Path","Minty Spire (QoL Compilation)","Quick Restart","Random Character Button","Rare Cards Sparkle"],"gold_per_floor":[114,128,203,203,203,203,228,228,255,255,267,38,68,82,82,82,82],"floor_reached":16,"playtime":509,"items_purged":[],"score":167,"play_id":"8b2a9eb7-bacf-495c-a169-853de8748d77","local_time":"20210102013110","is_ascension_mode":true,"campfire_choices":[{"data":"Fire Breathing","floor":6,"key":"SMITH"},{"floor":8,"key":"REST"},{"data":"Bash","floor":10,"key":"SMITH"},{"data":"Pommel Strike","floor":15,"key":"SMITH"}],"circlet_count":0,"master_deck":["AscendersBane","Strike_R+1","Strike_R+1","Strike_R+1","Strike_R+1","Strike_R","Defend_R","Defend_R","Defend_R","Defend_R","Bash+1","Headbutt","Fire Breathing+1","Feel No Pain","Uppercut","Inflame","Body Slam","Pommel Strike+1"],"relics":["Burning Blood","Blood Vial","InkBottle","Strawberry","Whetstone","PreservedInsect"],"acts_visited":["Exordium"],"potions_floor_usage":[],"damage_taken":[{"damage":3,"enemies":"2 Louse","floor":1,"turns":3},{"damage":13,"enemies":"Jaw Worm","floor":2,"turns":4},{"damage":20,"enemies":"3 Sentries","floor":7,"turns":4},{"damage":7,"enemies":"Small Slimes","floor":11,"turns":4},{"damage":25,"enemies":"Lagavulin","floor":13,"turns":6},{"damage":7,"enemies":"Looter","floor":14,"turns":3},{"damage":33,"enemies":"Slime Boss","floor":16,"turns":5}],"seed_played":"4582601724028386296","potions_obtained":[{"floor":7,"key":"Strength Potion"},{"floor":11,"key":"SteroidPotion"}],"is_trial":false,"path_per_floor":["M","M","?","?","?","R","E","R","T","R","M","$","E","M","R","B"],"character_chosen":"IRONCLAD","items_purchased":["Whetstone","Inflame"],"campfire_rested":1,"item_purchase_floors":[12,12],"current_hp_per_floor":[75,68,57,45,29,29,17,41,48,48,49,49,32,33,33,2,2],"gold":82,"neow_bonus":"THREE_CARDS","is_daily":false,"chose_seed":false,"campfire_upgraded":3,"win_rate":0.0,"timestamp":1609579870,"path_taken":["M","M","?","?","?","R","E","R","T","R","M","$","E","M","R","BOSS"],"items_purchased_type":["Relic","Card"],"build_version":"2020-12-22","purchased_purges":0,"victory":false,"max_hp_per_floor":[80,80,80,80,80,80,80,80,87,87,87,87,87,87,87,87,87],"card_choices":[{"not_picked":["Warcry","Iron Wave"],"picked":"Headbutt","floor":0},{"not_picked":["Clash","Power Through"],"picked":"Fire Breathing","floor":1},{"not_picked":["Sentinel","Sever Soul","Thunderclap"],"picked":"SKIP","floor":2},{"not_picked":["Juggernaut","Cleave"],"picked":"Feel No Pain","floor":7},{"not_picked":["Rampage","Heavy Blade"],"picked":"Uppercut","floor":11},{"not_picked":["Clash","Rupture"],"picked":"Body Slam","floor":13},{"not_picked":["Iron Wave","Twin Strike"],"picked":"Pommel Strike","floor":14}],"player_experience":421256,"relics_obtained":[{"floor":7,"key":"InkBottle"},{"floor":9,"key":"Strawberry"},{"floor":13,"key":"PreservedInsect"}],"event_choices":[{"damage_healed":0,"gold_gain":75,"player_choice":"Gather Gold","damage_taken":11,"max_hp_gain":0,"max_hp_loss":0,"event_name":"World of Goop","floor":3,"gold_loss":0},{"damage_healed":0,"gold_gain":0,"player_choice":"Success","damage_taken":12,"relics_obtained":["Blood Vial"],"max_hp_gain":0,"max_hp_loss":0,"event_name":"Scrap Ooze","floor":4,"gold_loss":0},{"damage_healed":0,"gold_gain":0,"player_choice":"Entered Light","damage_taken":16,"max_hp_gain":0,"max_hp_loss":0,"event_name":"Shining Light","floor":5,"gold_loss":0,"cards_upgraded":["Strike_R","Strike_R"]}],"is_beta":false,"boss_relics":[],"items_purged_floors":[],"is_endless":false,"potions_floor_spawned":[7,11],"killed_by":"Slime Boss","ascension_level":11}}