{"host":"yo9wwslrag05lh37","time":1609563197,"event":{"mods":["AchievementEnabler","BaseMod","Block Reminder","Colored Map","Colored Powertips","GifTheSpireLib","HexUI Lib","Highlight Path","Minty Spire (QoL Compilation)","Rare Cards Sparkle","Relic Stats","StSLib","everything is the same but u backflip on backflip"],"gold_per_floor":[113,113,126,42,53,53,83,83,83,183,183,193,220,231,231,332,332,352,277,287,237,248,248,281,281,281,309,329,29,128,155,155,260,260,273,273,284,295,311,345,41,41,41,59,59,93,93,124,124,124,124,124,22,54,54],"floor_reached":56,"playtime":6293,"items_purged":["Defend_G","Parasite"],"score":1648,"play_id":"92af7e5c-f0d8-4b74-b4f5-8cda2e624d16","local_time":"20210102055317","is_ascension_mode":true,"campfire_choices":[{"data":"Infinite Blades","floor":6.0,"key":"SMITH"},{"data":"Tools of the Trade","floor":8.0,"key":"SMITH"},{"data":"Footwork","floor":11.0,"key":"SMITH"},{"data":"Terror","floor":15.0,"key":"SMITH"},{"floor":23.0,"key":"REST"},{"data":"A Thousand Cuts","floor":25.0,"key":"SMITH"},{"data":"Accuracy","floor":32.0,"key":"SMITH"},{"floor":42.0,"key":"RECALL"},{"data":"Noxious Fumes","floor":45.0,"key":"SMITH"},{"data":"A Thousand Cuts","floor":47,"key":"SMITH"},{"data":"Burst","floor":49,"key":"SMITH"},{"data":"Cloak And Dagger","floor":52,"key":"SMITH"}],"circlet_count":0,"master_deck":["Strike_G","Defend_G","Defend_G","Defend_G","Defend_G","Survivor","Neutralize","Terror+1","Infinite Blades+1","Footwork+1","Flying Knee","Tools of the Trade+1","Dodge and Roll","PiercingWail","Leg Sweep","PiercingWail","A Thousand Cuts+1","Escape Plan+1","Well Laid Plans+1","Venomology+1","Backflip+1","Crippling Poison+1","Cloak And Dagger+1","Infinite Blades","Escape Plan","Accuracy+1","Deadly Poison+1","Accuracy+1","Infinite Blades","A Thousand Cuts+1","CurseOfTheBell","Footwork+1","Prepared+1","Noxious Fumes+1","Prepared+1","Burst+1","Backflip","Choke+1"],"relics":["SlaversCollar","Prayer Wheel","InkBottle","Letter Opener","Mummified Hand","Astrolabe","Eternal Feather","CaptainsWheel","Dream Catcher","Medical Kit","Art of War","Calling Bell","Blood Vial","Blue Candle","Mango","Vajra","TwistedFunnel","Pear","Meat on the Bone","Bird Faced Urn"],"acts_visited":["Exordium","TheCity","TheBeyond","TheEnding"],"potions_floor_usage":[46,48,48,50,54],"damage_taken":[{"damage":2.0,"enemies":"Small Slimes","floor":1.0,"turns":5.0},{"damage":1.0,"enemies":"Cultist","floor":3.0,"turns":4.0},{"damage":0.0,"enemies":"2 Louse","floor":5.0,"turns":2.0},{"damage":1.0,"enemies":"Lagavulin","floor":7.0,"turns":6.0},{"damage":53.0,"enemies":"Gremlin Gang","floor":12.0,"turns":8.0},{"damage":3.0,"enemies":"3 Sentries","floor":13.0,"turns":9.0},{"damage":0.0,"enemies":"2 Fungi Beasts","floor":14.0,"turns":4.0},{"damage":0.0,"enemies":"Hexaghost","floor":16.0,"turns":11.0},{"damage":16.0,"enemies":"Spheric Guardian","floor":18.0,"turns":5.0},{"damage":4.0,"enemies":"Shell Parasite","floor":20.0,"turns":8.0},{"damage":13.0,"enemies":"Snake Plant","floor":22.0,"turns":6.0},{"damage":4.0,"enemies":"Book of Stabbing","floor":24.0,"turns":5.0},{"damage":1.0,"enemies":"Slavers","floor":27.0,"turns":5.0},{"damage":3.0,"enemies":"Centurion and Healer","floor":28.0,"turns":5.0},{"damage":3.0,"enemies":"Gremlin Leader","floor":31.0,"turns":4.0},{"damage":4.0,"enemies":"Automaton","floor":33.0,"turns":6.0},{"damage":0.0,"enemies":"Orb Walker","floor":35.0,"turns":3.0},{"damage":23.0,"enemies":"3 Shapes","floor":37.0,"turns":3.0},{"damage":23.0,"enemies":"Transient","floor":38.0,"turns":5.0},{"damage":7.0,"enemies":"Writhing Mass","floor":39.0,"turns":4.0},{"damage":1.0,"enemies":"Giant Head","floor":40.0,"turns":6.0},{"damage":15.0,"enemies":"Jaw Worm Horde","floor":44.0,"turns":3.0},{"damage":7,"enemies":"Reptomancer","floor":46,"turns":4},{"damage":0,"enemies":"Giant Head","floor":48,"turns":5},{"damage":13,"enemies":"Donu and Deca","floor":50,"turns":5},{"damage":52,"enemies":"Shield and Spear","floor":54,"turns":4},{"damage":49,"enemies":"The Heart","floor":55,"turns":7}],"seed_played":"5493827557504337565","potions_obtained":[{"floor":5.0,"key":"EssenceOfSteel"},{"floor":13.0,"key":"CunningPotion"},{"floor":14.0,"key":"DistilledChaos"},{"floor":22.0,"key":"SkillPotion"},{"floor":24.0,"key":"Fire Potion"},{"floor":33.0,"key":"PowerPotion"},{"floor":39.0,"key":"AttackPotion"},{"floor":40.0,"key":"Energy Potion"},{"floor":48,"key":"CunningPotion"}],"is_trial":false,"path_per_floor":["M","?","M","?","M","R","E","R","T","?","R","M","E","M","R","B",null,"M","?","M","?","M","R","E","R","T","E","M","$","?","E","R","B",null,"M","?","M","M","M","E","$","R","T","M","R","E","R","E","R","B",null,"R","$","E","B",null],"character_chosen":"THE_SILENT","items_purchased":["Medical Kit","Accuracy","TwistedFunnel","Backflip","GhostInAJar"],"campfire_rested":1,"item_purchase_floors":[29,29,41,41,53],"current_hp_per_floor":[68,73,72,72,72,72,71,71,71,71,71,18,15,15,15,15,60,44,44,40,40,27,49,45,60,60,59,56,56,56,53,68,64,86,88,88,66,60,55,56,56,77,77,64,85,89,96,96,96,83,93,96,96,56,43],"gold":54,"neow_bonus":"BOSS_RELIC","is_daily":false,"chose_seed":false,"campfire_upgraded":10,"win_rate":0.0,"timestamp":1609563197,"path_taken":["M","?","M","?","?","R","E","R","T","?","R","M","E","?","R","BOSS","M","?","M","?","M","R","E","R","T","E","?","$","?","E","R","BOSS","M","?","M","?","?","E","$","R","T","M","R","E","R","E","R","BOSS","R","$","E","BOSS"],"items_purchased_type":["Relic","Card","Relic","Card","Potion"],"build_version":"2020-12-22","purchased_purges":2,"victory":true,"max_hp_per_floor":[70,75,75,75,75,75,75,75,75,75,75,75,75,75,75,75,75,75,75,75,75,75,75,75,75,75,75,75,75,75,75,75,75,89,89,89,89,89,89,89,86,86,86,86,86,96,96,96,96,96,96,96,96,96,96],"relic_stats":{"counters":[27,142],"Astrolabe":["Escape Plan","Well Laid Plans","Venomology"],"Blue Candle":[2],"Eternal Feather":82,"Letter Opener":[409],"Medical Kit":[4],"Blood Vial":14,"Dream Catcher":0,"Mummified Hand":[152],"Bird Faced Urn":[22],"Prayer Wheel":12,"Art of War":[4],"obtain_stats":[{"TwistedFunnel":41,"Pear":46,"Astrolabe":17,"Blue Candle":34,"Vajra":40,"Eternal Feather":24,"Mango":34,"Letter Opener":9,"Medical Kit":29,"Calling Bell":34,"Blood Vial":34,"SlaversCollar":0,"CaptainsWheel":26,"Dream Catcher":27,"Mummified Hand":13,"Bird Faced Urn":54,"Prayer Wheel":4,"Art of War":31,"InkBottle":7,"Ring of the Snake":0,"Meat on the Bone":48},{"TwistedFunnel":21,"Pear":23,"Astrolabe":8,"Blue Candle":16,"Vajra":21,"Eternal Feather":12,"Mango":16,"Letter Opener":4,"Medical Kit":14,"Calling Bell":16,"Blood Vial":16,"SlaversCollar":0,"CaptainsWheel":12,"Dream Catcher":13,"Mummified Hand":6,"Bird Faced Urn":26,"Prayer Wheel":2,"Art of War":15,"InkBottle":4,"Ring of the Snake":0,"Meat on the Bone":24},{"TwistedFunnel":114,"Pear":121,"Astrolabe":49,"Blue Candle":93,"Vajra":114,"Eternal Feather":73,"Mango":93,"Letter Opener":17,"Medical Kit":83,"Calling Bell":93,"Blood Vial":93,"SlaversCollar":0,"CaptainsWheel":73,"Dream Catcher":78,"Mummified Hand":34,"Bird Faced Urn":135,"Prayer Wheel":9,"Art of War":87,"InkBottle":17,"Ring of the Snake":0,"Meat on the Bone":126}],"InkBottle":[75],"Meat on the Bone":24},"card_choices":[{"not_picked":["Dagger Throw","Underhanded Strike"],"picked":"Terror","floor":1.0},{"not_picked":["Flying Knee","Dagger Spray"],"picked":"Infinite Blades","floor":3.0},{"not_picked":["Sucker Punch","Bane"],"picked":"Footwork","floor":5.0},{"not_picked":["Backstab","Prepared"],"picked":"Flying Knee","floor":5.0},{"not_picked":["Expertise","Bane"],"picked":"Tools of the Trade","floor":7.0},{"not_picked":["Sucker Punch","All Out Attack"],"picked":"Dodge and Roll","floor":12.0},{"not_picked":["Dagger Spray","Dagger Throw","Outmaneuver"],"picked":"SKIP","floor":12.0},{"not_picked":["Riddle With Holes","Well Laid Plans"],"picked":"PiercingWail","floor":13.0},{"not_picked":["PiercingWail","Dagger Throw"],"picked":"Leg Sweep","floor":14.0},{"not_picked":["Heel Hook","Acrobatics"],"picked":"PiercingWail","floor":14.0},{"not_picked":["Doppelganger","Tools of the Trade"],"picked":"A Thousand Cuts","floor":16.0},{"not_picked":["Quick Slash","Masterful Stab"],"picked":"Backflip+1","floor":18.0},{"not_picked":["Riddle With Holes","All Out Attack","Backstab"],"picked":"SKIP","floor":18.0},{"not_picked":["Leg Sweep","Skewer"],"picked":"Crippling Poison+1","floor":20.0},{"not_picked":["PiercingWail","Sucker Punch+1"],"picked":"Cloak And Dagger","floor":20.0},{"not_picked":["Masterful Stab+1","Quick Slash"],"picked":"Infinite Blades","floor":22.0},{"not_picked":["Deflect","Bane","Tactician"],"picked":"SKIP","floor":22.0},{"not_picked":["PiercingWail","Choke"],"picked":"Escape Plan","floor":24.0},{"not_picked":["Backflip+1","Acrobatics"],"picked":"Accuracy+1","floor":27.0},{"not_picked":["Outmaneuver","Prepared"],"picked":"Deadly Poison+1","floor":28.0},{"not_picked":["Deadly Poison","Poisoned Stab","Masterful Stab"],"picked":"SKIP","floor":28.0},{"not_picked":["Crippling Poison+1","Die Die Die"],"picked":"Infinite Blades","floor":31.0},{"not_picked":["Night Terror","Storm of Steel"],"picked":"A Thousand Cuts","floor":33.0},{"not_picked":["Blade Dance","Deadly Poison","Slice+1"],"picked":"SKIP","floor":35.0},{"not_picked":["Deflect","Bane","Dash+1"],"picked":"SKIP","floor":35.0},{"not_picked":["Acrobatics","Bullet Time"],"picked":"Prepared+1","floor":37.0},{"not_picked":["Dagger Spray","Blur","Bane+1"],"picked":"SKIP","floor":37.0},{"not_picked":["Predator","Deflect"],"picked":"Noxious Fumes","floor":38.0},{"not_picked":["Sucker Punch","Outmaneuver+1","Underhanded Strike"],"picked":"SKIP","floor":38.0},{"not_picked":["Bane","Acrobatics"],"picked":"Prepared+1","floor":39.0},{"not_picked":["Bane+1","Underhanded Strike+1","Deadly Poison"],"picked":"SKIP","floor":39.0},{"not_picked":["Noxious Fumes+1","Concentrate+1"],"picked":"Burst","floor":40.0},{"not_picked":["Prepared+1","Deadly Poison"],"picked":"Choke+1","floor":44.0},{"not_picked":["Blade Dance","Masterful Stab","Slice"],"picked":"SKIP","floor":44.0},{"not_picked":["PiercingWail+1","Poisoned Stab+1","Sucker Punch"],"picked":"SKIP","floor":46},{"not_picked":["Slice+1","Deflect+1","Bane+1"],"picked":"SKIP","floor":48},{"not_picked":["Slice","Deadly Poison+1","Dagger Throw+1"],"picked":"SKIP","floor":54}],"player_experience":1436832,"relics_obtained":[{"floor":7.0,"key":"InkBottle"},{"floor":9.0,"key":"Letter Opener"},{"floor":13.0,"key":"Mummified Hand"},{"floor":24.0,"key":"Eternal Feather"},{"floor":26.0,"key":"CaptainsWheel"},{"floor":27.0,"key":"Dream Catcher"},{"floor":31.0,"key":"Art of War"},{"floor":34.0,"key":"Blood Vial"},{"floor":34.0,"key":"Blue Candle"},{"floor":34.0,"key":"Mango"},{"floor":40.0,"key":"Vajra"},{"floor":46,"key":"Pear"},{"floor":48,"key":"Meat on the Bone"},{"floor":54,"key":"Bird Faced Urn"}],"event_choices":[{"damage_healed":0.0,"max_hp_gain":5.0,"max_hp_loss":0.0,"gold_gain":0.0,"event_name":"Big Fish","player_choice":"Donut","floor":2.0,"gold_loss":0.0,"damage_taken":0.0},{"damage_healed":0.0,"max_hp_gain":0.0,"max_hp_loss":0.0,"gold_gain":0.0,"event_name":"WeMeetAgain","player_choice":"Paid Gold","floor":4.0,"gold_loss":84.0,"damage_taken":0.0,"relics_obtained":["Prayer Wheel"]},{"damage_healed":0.0,"max_hp_gain":0.0,"max_hp_loss":0.0,"gold_gain":100.0,"event_name":"Golden Shrine","player_choice":"Pray","floor":10.0,"gold_loss":0.0,"damage_taken":0.0},{"cards_removed":["Strike_G"],"damage_healed":0.0,"max_hp_gain":0.0,"max_hp_loss":0.0,"gold_gain":0.0,"event_name":"Beggar","player_choice":"Gave Gold","floor":19.0,"gold_loss":75.0,"damage_taken":0.0},{"damage_healed":0.0,"max_hp_gain":0.0,"max_hp_loss":0.0,"gold_gain":0.0,"event_name":"The Joust","player_choice":"Bet on Owner","floor":21.0,"gold_loss":50.0,"damage_taken":0.0},{"damage_healed":0.0,"max_hp_gain":0.0,"max_hp_loss":0.0,"gold_gain":99.0,"event_name":"Nest","player_choice":"Stole From Cult","floor":30.0,"gold_loss":0.0,"damage_taken":0.0},{"damage_healed":0.0,"max_hp_gain":0.0,"max_hp_loss":0.0,"gold_gain":0.0,"event_name":"Duplicator","player_choice":"Copied","floor":36.0,"gold_loss":0.0,"damage_taken":0.0,"cards_obtained":["Footwork"]}],"is_beta":false,"boss_relics":[{"not_picked":["Snecko Eye","Empty Cage"],"picked":"Astrolabe"},{"not_picked":["Velvet Choker","Fusion Hammer"],"picked":"Calling Bell"}],"items_purged_floors":[29,41],"is_endless":false,"potions_floor_spawned":[5,13,14,22,24,28,33,37,39,40,48],"ascension_level":5}}