{"host":"Ian","time":1609599107,"event":{"mods":["BaseMod","Bestiary","Block Reminder","Colored Map","Highlight Path","Key Reminder","Minty Spire (QoL Compilation)","Relic Stats"],"gold_per_floor":[113,129,139,64,83,83,83,115,194,194,194,194,222,234,234,305,305,320,337,9,9,9,9,28,40,113,147,347,347,379,395,395,395,395],"floor_reached":33,"playtime":2074,"items_purged":["Strike_R"],"score":630,"play_id":"6155f6d0-dbd6-4843-8bd0-2b749eb8ca88","local_time":"20210102145147","is_ascension_mode":true,"campfire_choices":[{"data":"Bash","floor":6.0,"key":"SMITH"},{"data":"Cleave","floor":10.0,"key":"SMITH"},{"data":"Double Tap","floor":12.0,"key":"SMITH"},{"data":"Pommel Strike","floor":15.0,"key":"SMITH"},{"data":"Brutality","floor":29,"key":"SMITH"},{"floor":32,"key":"REST"}],"circlet_count":0,"master_deck":["AscendersBane","Strike_R","Strike_R","Strike_R","Defend_R","Defend_R","Defend_R","Defend_R","Bash+1","Secret Weapon","Cleave+1","Ghostly Armor+1","Disarm","Disarm","Shrug It Off","Double Tap+1","Feel No Pain","Pommel Strike+1","Brutality+1","Hemokinesis","Clothesline","RitualDagger","Burning Pact+1","Exhume","Rage","Offering","Second Wind"],"relics":["Burning Blood","TungstenRod","Pantograph","Bag of Preparation","keyreminder:keyreminder","Sozu","Lizard Tail","War Paint","Bottled Tornado"],"acts_visited":["Exordium","TheCity"],"potions_floor_usage":[],"damage_taken":[{"damage":1.0,"enemies":"Cultist","floor":1.0,"turns":3.0},{"damage":1.0,"enemies":"Small Slimes","floor":2.0,"turns":3.0},{"damage":1.0,"enemies":"2 Louse","floor":3.0,"turns":4.0},{"damage":17.0,"enemies":"Large Slime","floor":5.0,"turns":7.0},{"damage":37.0,"enemies":"Lagavulin","floor":8.0,"turns":8.0},{"damage":36.0,"enemies":"3 Sentries","floor":13.0,"turns":9.0},{"damage":3.0,"enemies":"Blue Slaver","floor":14.0,"turns":4.0},{"damage":5.0,"enemies":"The Guardian","floor":16.0,"turns":15.0},{"damage":4.0,"enemies":"Chosen","floor":18.0,"turns":7.0},{"damage":14.0,"enemies":"Spheric Guardian","floor":19.0,"turns":5.0},{"damage":29.0,"enemies":"Slavers","floor":23.0,"turns":3.0},{"damage":8.0,"enemies":"Snecko","floor":24.0,"turns":6.0},{"damage":25,"enemies":"Cultist and Chosen","floor":25,"turns":9},{"damage":10,"enemies":"Book of Stabbing","floor":27,"turns":5},{"damage":30,"enemies":"Gremlin Leader","floor":30,"turns":8},{"damage":14,"enemies":"Centurion and Healer","floor":31,"turns":8},{"damage":70,"enemies":"Automaton","floor":33,"turns":10}],"seed_played":"-5469564500433755213","potions_obtained":[{"floor":1.0,"key":"BloodPotion"},{"floor":5.0,"key":"SkillPotion"},{"floor":13.0,"key":"SmokeBomb"}],"is_trial":false,"path_per_floor":["M","M","M","$","M","R","?","E","T","R","?","R","E","M","R","B",null,"M","M","$","?","?","E","M","M","T","E","?","R","E","M","R","B"],"character_chosen":"IRONCLAD","items_purchased":["Lizard Tail"],"campfire_rested":1,"item_purchase_floors":[20],"current_hp_per_floor":[68,68,68,68,57,57,62,31,31,31,31,31,15,18,18,44,66,68,60,60,55,55,32,30,11,11,7,7,7,25,17,38,0,0],"gold":395,"neow_bonus":"RANDOM_COLORLESS_2","is_daily":false,"chose_seed":false,"campfire_upgraded":5,"win_rate":0.0,"timestamp":1609599107,"path_taken":["M","M","M","$","M","R","?","E","T","R","?","R","E","M","R","BOSS","M","M","$","?","?","E","M","M","T","E","?","R","E","M","R","BOSS"],"items_purchased_type":["Relic"],"build_version":"2020-12-18","purchased_purges":1,"victory":false,"max_hp_per_floor":[68,68,68,68,68,68,73,73,73,73,73,73,73,73,73,73,73,73,73,73,73,73,73,73,73,73,73,73,73,73,73,73,73,73],"relic_stats":{"Sozu":2,"Lizard Tail":36,"counters":[17,114],"Pantograph":50,"Bag of Preparation":[22],"War Paint":["Burning Pact","Ghostly Armor"],"obtain_stats":[{"keyreminder:keyreminder":13,"Sozu":17,"Lizard Tail":20,"Pantograph":9,"Bag of Preparation":13,"War Paint":27,"Bottled Tornado":30,"Burning Blood":0,"TungstenRod":8},{"keyreminder:keyreminder":6,"Sozu":8,"Lizard Tail":10,"Pantograph":5,"Bag of Preparation":6,"War Paint":14,"Bottled Tornado":15,"Burning Blood":0,"TungstenRod":5},{"keyreminder:keyreminder":34,"Sozu":53,"Lizard Tail":65,"Pantograph":25,"Bag of Preparation":34,"War Paint":88,"Bottled Tornado":96,"Burning Blood":0,"TungstenRod":25}],"Burning Blood":81,"TungstenRod":108},"card_choices":[{"not_picked":["Transmutation","Thinking Ahead"],"picked":"Secret Weapon","floor":0.0},{"not_picked":["True Grit","Body Slam"],"picked":"Cleave","floor":1.0},{"not_picked":["Second Wind","Clash"],"picked":"Ghostly Armor","floor":2.0},{"not_picked":["Warcry","Iron Wave"],"picked":"Disarm","floor":3.0},{"not_picked":["Anger","True Grit"],"picked":"Disarm","floor":5.0},{"not_picked":["Rupture","Sword Boomerang"],"picked":"Shrug It Off","floor":8.0},{"not_picked":["Exhume","Disarm"],"picked":"Feel No Pain","floor":13.0},{"not_picked":["Warcry","Reckless Charge"],"picked":"Pommel Strike","floor":14.0},{"not_picked":["Exhume","Bludgeon"],"picked":"Brutality","floor":16.0},{"not_picked":["Entrench","Feel No Pain+1"],"picked":"Hemokinesis","floor":18.0},{"not_picked":["Heavy Blade","Hemokinesis"],"picked":"Clothesline","floor":19.0},{"not_picked":["Rage","Heavy Blade+1"],"picked":"Exhume","floor":24},{"not_picked":["Body Slam","Armaments"],"picked":"Rage","floor":25},{"not_picked":["Thunderclap","Entrench"],"picked":"Offering","floor":27},{"not_picked":["Pummel","Warcry"],"picked":"Second Wind","floor":30},{"not_picked":["Rampage","Pummel+1","Havoc"],"picked":"SKIP","floor":31}],"player_experience":2606099,"relics_obtained":[{"floor":8.0,"key":"TungstenRod"},{"floor":9.0,"key":"Pantograph"},{"floor":13.0,"key":"Bag of Preparation"},{"floor":27,"key":"War Paint"},{"floor":30,"key":"Bottled Tornado"}],"event_choices":[{"damage_healed":0.0,"max_hp_gain":5.0,"max_hp_loss":0.0,"gold_gain":0.0,"event_name":"Big Fish","player_choice":"Donut","floor":7.0,"gold_loss":0.0,"damage_taken":0.0},{"damage_healed":0.0,"max_hp_gain":0.0,"max_hp_loss":0.0,"gold_gain":0.0,"cards_transformed":["Strike_R"],"event_name":"Living Wall","player_choice":"Change","floor":11.0,"gold_loss":0.0,"damage_taken":0.0,"cards_obtained":["Double Tap"]},{"damage_healed":0.0,"max_hp_gain":0.0,"max_hp_loss":0.0,"gold_gain":0.0,"event_name":"Nest","player_choice":"Joined the Cult","floor":21.0,"gold_loss":0.0,"damage_taken":6.0,"cards_obtained":["RitualDagger"]},{"damage_healed":0.0,"max_hp_gain":0.0,"max_hp_loss":0.0,"gold_gain":0.0,"event_name":"The Library","player_choice":"Read","floor":22.0,"gold_loss":0.0,"damage_taken":0.0,"cards_obtained":["Burning Pact"]},{"damage_healed":0,"gold_gain":200,"player_choice":"Gold","damage_taken":0,"max_hp_gain":0,"max_hp_loss":0,"event_name":"Wheel of Change","floor":28,"gold_loss":0}],"is_beta":true,"boss_relics":[{"not_picked":["Astrolabe","Empty Cage"],"picked":"Sozu"}],"items_purged_floors":[4],"is_endless":false,"potions_floor_spawned":[1,5,13,18,19],"killed_by":"Automaton","ascension_level":20}}