{"host":"ryuep8ewa00k39z9","time":1609630485,"event":{"mods":["AchievementEnabler","BaseMod","Best Route Mod","Colored Map","Colored Powertips","Displayed Cursed Tome","Highlight Path","Minty Spire (QoL Compilation)","Quick Restart","SuperFastMode"],"gold_per_floor":[113,132,143,68,88,121,121,151,151,168,181,215,235,265,265,364,364,380,130,130,130],"floor_reached":20,"playtime":997,"items_purged":["Strike_B","Strike_B"],"score":255,"play_id":"28c57ce8-e12d-4ed2-a76c-e3c2022e2362","local_time":"20210102173445","is_ascension_mode":true,"campfire_choices":[{"data":"Defend_B","floor":7.0,"key":"PURGE"},{"floor":15.0,"key":"REST"}],"circlet_count":0,"master_deck":["Strike_B","Strike_B","Defend_B","Defend_B","Defend_B","Zap","Dualcast","Ball Lightning","Conserve Battery","Streamline","Consume","Ball Lightning","Loop","Thunder Strike"],"relics":["Runic Pyramid","Peace Pipe","Ornamental Fan","Meat on the Bone","Cables","Odd Mushroom","Inserter","DataDisk"],"acts_visited":["Exordium","TheCity"],"potions_floor_usage":[],"damage_taken":[{"damage":1.0,"enemies":"Cultist","floor":1.0,"turns":3.0},{"damage":6.0,"enemies":"Jaw Worm","floor":2.0,"turns":4.0},{"damage":2.0,"enemies":"2 Louse","floor":3.0,"turns":2.0},{"damage":4.0,"enemies":"Blue Slaver","floor":5.0,"turns":4.0},{"damage":16.0,"enemies":"3 Sentries","floor":6.0,"turns":7.0},{"damage":11.0,"enemies":"Lagavulin","floor":8.0,"turns":6.0},{"damage":0.0,"enemies":"Large Slime","floor":10.0,"turns":3.0},{"damage":11.0,"enemies":"Exordium Thugs","floor":11.0,"turns":4.0},{"damage":6.0,"enemies":"3 Sentries","floor":12.0,"turns":4.0},{"damage":1.0,"enemies":"Exordium Wildlife","floor":13.0,"turns":3.0},{"damage":15.0,"enemies":"The Mushroom Lair","floor":14.0,"turns":3.0},{"damage":20.0,"enemies":"Hexaghost","floor":16.0,"turns":7.0},{"damage":27.0,"enemies":"Shell Parasite","floor":18.0,"turns":5.0},{"damage":44,"enemies":"Masked Bandits","floor":20,"turns":3}],"seed_played":"-3634596107869083821","potions_obtained":[{"floor":1.0,"key":"SteroidPotion"},{"floor":6.0,"key":"LiquidMemories"},{"floor":8.0,"key":"SteroidPotion"},{"floor":10.0,"key":"CultistPotion"},{"floor":13.0,"key":"GamblersBrew"},{"floor":16.0,"key":"Swift Potion"}],"is_trial":false,"path_per_floor":["M","M","M","$","M","E","R","E","T","M","M","E","M","?","R","B",null,"M","$","?"],"character_chosen":"DEFECT","items_purchased":["DataDisk"],"campfire_rested":1,"item_purchase_floors":[19],"current_hp_per_floor":[67,61,59,59,55,39,39,28,28,40,41,47,46,43,65,45,68,41,41,0,0],"gold":130,"neow_bonus":"BOSS_RELIC","is_daily":false,"chose_seed":false,"campfire_upgraded":0,"win_rate":0.0,"timestamp":1609630485,"path_taken":["M","M","?","$","?","E","R","E","T","M","M","E","M","?","R","BOSS","M","$","?"],"items_purchased_type":["Relic"],"build_version":"2020-12-22","purchased_purges":2,"victory":false,"max_hp_per_floor":[75,75,75,75,75,75,75,75,75,75,75,75,75,75,75,75,75,75,75,75,75],"card_choices":[{"not_picked":["Coolheaded","Rebound"],"picked":"Ball Lightning","floor":1.0},{"not_picked":["Go for the Eyes","Hologram"],"picked":"Conserve Battery","floor":2.0},{"not_picked":["Compile Driver","Tempest"],"picked":"Streamline","floor":3.0},{"not_picked":["Stack","Hologram"],"picked":"Consume","floor":5.0},{"not_picked":["Core Surge","Go for the Eyes","Recycle"],"picked":"SKIP","floor":6.0},{"not_picked":["Recycle","Turbo"],"picked":"Ball Lightning","floor":8.0},{"not_picked":["Scrape","Leap","Steam"],"picked":"SKIP","floor":10.0},{"not_picked":["Stack","Hyperbeam"],"picked":"Loop","floor":11.0},{"not_picked":["Double Energy","Beam Cell","Core Surge"],"picked":"SKIP","floor":12.0},{"not_picked":["Reprogram","Sunder","Rebound"],"picked":"SKIP","floor":13.0},{"not_picked":["Machine Learning","Reboot"],"picked":"Thunder Strike","floor":16.0},{"not_picked":["Darkness","Stack+1","Gash"],"picked":"SKIP","floor":18.0}],"player_experience":3749855,"relics_obtained":[{"floor":6.0,"key":"Peace Pipe"},{"floor":8.0,"key":"Ornamental Fan"},{"floor":9.0,"key":"Meat on the Bone"},{"floor":12.0,"key":"Cables"},{"floor":14.0,"key":"Odd Mushroom"}],"event_choices":[{"damage_healed":0.0,"max_hp_gain":0.0,"max_hp_loss":0.0,"gold_gain":0.0,"event_name":"Mushrooms","player_choice":"Fought Mushrooms","floor":14.0,"gold_loss":0.0,"damage_taken":0.0},{"damage_healed":0,"gold_gain":0,"player_choice":"Fought Bandits","damage_taken":0,"max_hp_gain":0,"max_hp_loss":0,"event_name":"Masked Bandits","floor":20,"gold_loss":0}],"is_beta":false,"boss_relics":[{"not_picked":["Ectoplasm","SacredBark"],"picked":"Inserter"}],"items_purged_floors":[4,19],"is_endless":false,"potions_floor_spawned":[1,6,8,10,13,16],"killed_by":"Masked Bandits","ascension_level":6}}