{"host":"r6wilvrr1tovskr2","time":1609549908,"event":{"mods":["2.2 Compatiblity","AchievementEnabler","Aspiration","BaseMod","Bestiary","Better Altar","Better Match","Better Note","Better Sensory Stone","Better Skull","Better Third Choice","Colored Powertips","Conspire","Curses Come First","Energized Spire","GifTheSpireLib","Halation","Highlight Path","Hubris","Infinite Spire","Marked Mod","Minty Spire (QoL Compilation)","Quick Restart","Replay The Spire","Shop Mod","Spicy Shops","Spikes Relics","StSLib","Stuff the Spire","The Blue Laboratory","vexMod"],"gold_per_floor":[117,117,117,117,134,134,149,176,200,210,245,263,281,292,292,390,390,407,422,422,422],"floor_reached":20,"playtime":1675,"items_purged":[],"score":333,"play_id":"68c7f399-6531-4d48-a381-2350d11dec2c","local_time":"20210101191148","is_ascension_mode":true,"campfire_choices":[{"floor":6,"key":"RECALL"},{"floor":15,"key":"REST"}],"circlet_count":0,"master_deck":["Strike_G","Strike_G","Strike_G","Strike_G","Defend_G","Defend_G","Defend_G","Defend_G","Defend_G","Survivor","Neutralize","StuffTheSpire:Injection","Pain","ReplayTheSpireMod:Exploit Weakness","Replay:Bag of Tricks","Poison Darts","Cloak And Dagger","After Image","Well Laid Plans","CommonCold","Replay:Sssssssssstrike","Glass Knife","Bash"],"relics":["Ring of the Snake","NeowsBlessing","ReplayTheSpireMod:Ring of Exchange","Ring of Panic","WarpedTongs","halation:LettersToHer","vexMod:ScavengeHelm","ReplayTheSpireMod:SealedPack"],"acts_visited":["Exordium","TheCity"],"potions_floor_usage":[10,11,19,19],"damage_taken":[{"damage":0,"enemies":"Jaw Worm","floor":1,"turns":1},{"damage":0,"enemies":"2 Louse","floor":5,"turns":1},{"damage":0,"enemies":"Cultist","floor":7,"turns":1},{"damage":28,"enemies":"Gremlin Nob","floor":8,"turns":5},{"damage":4,"enemies":"Gremlin Gang","floor":10,"turns":3},{"damage":17,"enemies":"3 Sentries","floor":11,"turns":11},{"damage":2,"enemies":"Blue Slaver","floor":12,"turns":4},{"damage":3,"enemies":"Red Slaver","floor":13,"turns":4},{"damage":0,"enemies":"2 Fungi Beasts","floor":14,"turns":2},{"damage":1,"enemies":"Hexaghost","floor":16,"turns":8},{"damage":14,"enemies":"Chosen","floor":18,"turns":5},{"damage":21,"enemies":"3 Byrds","floor":19,"turns":7},{"damage":26,"enemies":"3 Cultists","floor":20,"turns":4}],"seed_played":"-3535315918285974149","potions_obtained":[{"floor":1,"key":"Toxic Potion"},{"floor":7,"key":"blueLaboratory:FrostheartPotion"},{"floor":14,"key":"Fire Potion"},{"floor":16,"key":"blueLaboratory:Moonshine"},{"floor":18,"key":"DistilledChaos"}],"is_trial":false,"path_per_floor":["M","?","?","?","M","R","M","E","T","M","E","M","M","M","R","B",null,"M","M","M"],"character_chosen":"THE_SILENT","items_purchased":[],"campfire_rested":1,"item_purchase_floors":[],"current_hp_per_floor":[63,63,63,63,63,63,63,35,35,31,14,12,9,9,30,29,60,46,25,0,0],"gold":422,"neow_bonus":"THREE_ENEMY_KILL","is_daily":false,"chose_seed":false,"campfire_upgraded":0,"win_rate":0.0,"timestamp":1609549908,"path_taken":["M","?","?","?","M","R","M","E","T","M","E","?","?","M","R","BOSS","M","M","M"],"items_purchased_type":[],"build_version":"2020-12-22","purchased_purges":0,"victory":false,"max_hp_per_floor":[70,70,70,70,70,70,70,70,70,70,70,70,70,70,70,70,70,70,70,70,70],"card_choices":[{"not_picked":["hubris:SlightOfHand","Bane"],"picked":"StuffTheSpire:Injection","floor":1},{"not_picked":["hubris:SlightOfHand","Flying Knee"],"picked":"ReplayTheSpireMod:Exploit Weakness","floor":5},{"not_picked":["Noxious Fumes","StuffTheSpire:BumpUp"],"picked":"Replay:Bag of Tricks","floor":7},{"not_picked":["Blade Dance","StuffTheSpire:BrimstoneBlast"],"picked":"Poison Darts","floor":8},{"not_picked":["Bane","Backstab"],"picked":"Cloak And Dagger","floor":10},{"not_picked":["Infinite Blades","StuffTheSpire:Python"],"picked":"After Image","floor":11},{"not_picked":["Tactician","Draining Mist"],"picked":"Well Laid Plans","floor":12},{"not_picked":["Dodge and Roll","Endless Agony","Sucker Punch"],"picked":"SKIP","floor":13},{"not_picked":["Underhanded Strike","Prepared","Flying Knee"],"picked":"SKIP","floor":14},{"not_picked":["ReplayTheSpireMod:Trickstab","StuffTheSpire:PlasmaPulse"],"picked":"Replay:Sssssssssstrike","floor":17},{"not_picked":["StuffTheSpire:FinalStruggle","Doppelganger"],"picked":"Glass Knife","floor":17},{"not_picked":["Survivor","Vigilance"],"picked":"Bash","floor":17},{"not_picked":["StuffTheSpire:Python+1","Burst","Cloak And Dagger"],"picked":"SKIP","floor":18},{"not_picked":["Bane+1","Backflip","Deadly Poison+1"],"picked":"SKIP","floor":19}],"player_experience":1163526,"relics_obtained":[{"floor":3,"key":"ReplayTheSpireMod:Ring of Exchange"},{"floor":3,"key":"Ring of Panic"},{"floor":8,"key":"halation:LettersToHer"},{"floor":9,"key":"halation:LettersToHer"},{"floor":11,"key":"vexMod:ScavengeHelm"}],"event_choices":[{"damage_healed":0,"gold_gain":0,"player_choice":"Rummage","damage_taken":0,"relics_obtained":["WarpedTongs"],"max_hp_gain":0,"max_hp_loss":0,"event_name":"Accursed Blacksmith","floor":4,"gold_loss":0,"cards_obtained":["Pain"]}],"is_beta":false,"boss_relics":[{"not_picked":["halation:BottledHappiness","vexMod:GhostlyGear"],"picked":"ReplayTheSpireMod:SealedPack"}],"items_purged_floors":[],"is_endless":false,"potions_floor_spawned":[1,7,14,16,18],"killed_by":"3 Cultists","ascension_level":8}}