{"host":"kpklgwyuz86bov3e","time":1609568917,"event":{"mods":["Aspiration","BaseMod","Better Third Choice","BetterRewards","Conspire","Energized Spire","GifTheSpireLib","Halation","Highlight Path","Hubris","Jedi Mod","Minty Spire (QoL Compilation)","Permanent Neow","Relic Sorter","Replay The Spire","Shop Mod","Spicy Shops","Spikes Relics","StSLib","Stuff the Spire","The Blue Laboratory","Waifu the Spire","slay the spire mod where everything is the same but ironclad has a cowboy hat"],"gold_per_floor":[115,290,318,331,351,381,381,716,716,716,24,24,24],"floor_reached":12,"playtime":989,"items_purged":["Doubt"],"score":90,"play_id":"51db7aff-76ef-4841-b747-cc066cfff324","local_time":"20210102012837","is_ascension_mode":true,"campfire_choices":[{"data":"Fusion","floor":7,"key":"SMITH"},{"data":"Ball Lightning","floor":10,"key":"SMITH"}],"circlet_count":0,"master_deck":["Strike_B","Strike_B","Strike_B","Strike_B","Defend_B","Defend_B","Defend_B","Defend_B","Zap","Dualcast","Fusion+1","jedi:BurstFrost","Ball Lightning","Skim","Ball Lightning+1","Sweeping Beam","Panic Button"],"relics":["Cracked Core","aspiration:AnachronicSnailShell","Ancient Tea Set","Old Coin","StuffTheSpire:Barrel","hubris:Spice","OrangePellets","jedi:shrinkray"],"acts_visited":["Exordium"],"potions_floor_usage":[8],"damage_taken":[{"damage":2,"enemies":"Small Slimes","floor":1,"turns":4},{"damage":0,"enemies":"2 Louse","floor":4,"turns":2},{"damage":0,"enemies":"Jaw Worm","floor":5,"turns":3},{"damage":11,"enemies":"Lagavulin","floor":6,"turns":7},{"damage":13,"enemies":"Replay:BlueRogue","floor":8,"turns":5},{"damage":29,"enemies":"Lagavulin","floor":12,"turns":6}],"seed_played":"-7554432455985390660","potions_obtained":[{"floor":4,"key":"blueLaboratory:BubblePotion"},{"floor":5,"key":"Swift Potion"}],"is_trial":false,"path_per_floor":["M","?","?","M","M","E","R","E","T","R","$","E"],"character_chosen":"DEFECT","items_purchased":["Fusion","hubris:Spice","OrangePellets","jedi:shrinkray","Panic Button"],"campfire_rested":0,"item_purchase_floors":[0,11,11,11,11],"current_hp_per_floor":[73,73,43,43,43,32,32,19,19,19,27,0,0],"gold":24,"neow_bonus":"","is_daily":false,"chose_seed":false,"campfire_upgraded":2,"win_rate":0.0,"timestamp":1609568917,"path_taken":["M","?","?","M","M","E","R","E","T","R","$","E"],"items_purchased_type":["Card","Relic","Relic","Relic","Card"],"build_version":"2020-12-22","purchased_purges":1,"victory":false,"max_hp_per_floor":[75,75,75,75,75,75,75,75,75,75,83,83,83],"card_choices":[{"not_picked":["Hologram","Stack"],"picked":"jedi:BurstFrost","floor":1},{"not_picked":["Cold Snap","Steam"],"picked":"Ball Lightning","floor":3},{"not_picked":["Steam Power","White Noise"],"picked":"Skim","floor":4},{"not_picked":["Panic Button","RefreshScreen","StuffTheSpire:LaunchingStrike"],"picked":"SKIP","floor":5},{"not_picked":["StuffTheSpire:LoadUp","Fission"],"picked":"Ball Lightning","floor":6},{"not_picked":["ReplaySort","Turbo"],"picked":"Sweeping Beam","floor":8}],"player_experience":353484,"relics_obtained":[{"floor":3,"key":"aspiration:AnachronicSnailShell"},{"floor":6,"key":"Ancient Tea Set"},{"floor":8,"key":"Old Coin"},{"floor":9,"key":"StuffTheSpire:Barrel"}],"event_choices":[{"damage_healed":0,"gold_gain":175,"player_choice":"AGREE","damage_taken":115,"max_hp_gain":0,"max_hp_loss":0,"event_name":"betterThird:BetterSerpent","floor":2,"gold_loss":0}],"is_beta":false,"boss_relics":[],"items_purged_floors":[11],"is_endless":false,"potions_floor_spawned":[4,5],"killed_by":"Lagavulin","ascension_level":1}}