{"host":"y9jgkjnf95sujozk","time":1609592440,"event":{"mods":["2.2 Compatiblity","AchievementEnabler","Act Like it!","BaseMod","Block Reminder","Colored Map","Colored Powertips","Decade(王小明)","Downfall","Friendly Minions","Gensokyo","GifTheSpireLib","Hallownest","Hermit","Highlight Path","HololiveMod","Infinite Spire","Jorbs\u0027s Wanderer Trilogy","Marisa（霧雨　魔理沙）","Minty Spire (QoL Compilation)","Random Character Button","Rare Cards Sparkle","Remilia（蕾米莉?）","Replay The Spire","Shop Mod","StSLib","SuperFastMode","The Animator","The Bug Knight","The Cursed","The Hierophant","The Jungle","The Senshi","The Servant 0.9.4"],"gold_per_floor":[109,21,21,21,33,33,46,65,65,65,77,95,95,95,95,111,111,213,213,218,237,249,261,261,261],"floor_reached":24,"playtime":1018,"items_purged":[],"score":200,"play_id":"7a24b899-6527-45c4-818a-e9f0986b333d","local_time":"20210102140040","is_ascension_mode":true,"campfire_choices":[{"data":"TheCursedMod:FleshFromBone","floor":6,"key":"SMITH"},{"floor":15,"key":"REST"},{"floor":17,"key":"REST"}],"circlet_count":0,"master_deck":["TheCursedMod:Strike_TheCursed","TheCursedMod:Strike_TheCursed","TheCursedMod:Strike_TheCursed","TheCursedMod:Strike_TheCursed","TheCursedMod:Defend_TheCursed","TheCursedMod:Defend_TheCursed","TheCursedMod:Defend_TheCursed+1","TheCursedMod:Defend_TheCursed","TheCursedMod:CursedWand","TheCursedMod:CleanUpWorkshop","TheCursedMod:Dregs","TheCursedMod:Evocation","TheCursedMod:Obscuration","TheCursedMod:Evocation+1","TheCursedMod:FleshFromBone+1","TheCursedMod:HellfireBreathing","TheCursedMod:SmokeScreen","TheCursedMod:WearCloak","Languid","Replay:SS_fish_3","TheCursedMod:CursedBlade","TheCursedMod:WearCloak","TheCursedMod:ShockAndAwe","TheCursedMod:Wield","TheCursedMod:CursedBlade","TheCursedMod:ReleasedKnowledge","TheCursedMod:CursedArmor"],"relics":["TheCursedMod:BlackMagic101","Hallownest:DreamNailRelic","War Paint","ReplayTheSpireMod:CursedCoin","ChewingGum"],"acts_visited":["Exordium","Hallownest:Greenpath"],"potions_floor_usage":[18,18,18,23,23,23],"damage_taken":[{"damage":0,"enemies":"2_ Uuma","floor":1,"turns":6},{"damage":0,"enemies":"Hallownest:monsterHuskWarrior","floor":5,"turns":5},{"damage":20,"enemies":"Hallownest:monsterHuskGuard","floor":7,"turns":6},{"damage":26,"enemies":"Hallownest:2_Tiktiks_1_Baldur_1_Crawlid","floor":8,"turns":9},{"damage":8,"enemies":"Hallownest:1_Baldur_1_Crawlid_1_Warrior","floor":12,"turns":22},{"damage":0,"enemies":"Hallownest:MossCreep_and_Mosskin","floor":16,"turns":7},{"damage":42,"enemies":"Hallownest:BossBrokenVessel","floor":18,"turns":22},{"damage":22,"enemies":"theJungle:GiantWrat","floor":20,"turns":9},{"damage":0,"enemies":"theJungle:MUSHROOMGANG","floor":21,"turns":5},{"damage":35,"enemies":"theJungle:2_Snecko_Cultists","floor":22,"turns":6},{"damage":12,"enemies":"theJungle:JungleHuntersEncounter","floor":23,"turns":6},{"damage":14,"enemies":"theJungle:Snecko_Cultist_And_Trap","floor":24,"turns":4}],"seed_played":"1503934974070714278","potions_obtained":[{"floor":1,"key":"Explosive Potion"},{"floor":5,"key":"DistilledChaos"},{"floor":7,"key":"Strength Potion"},{"floor":18,"key":"Ancient Potion"},{"floor":21,"key":"Languid Potion"},{"floor":22,"key":"Strength Potion"}],"is_trial":false,"path_per_floor":["M","$","?","?","M","R","M","M","T","?","$","M","PTL","PTL","R","M","R","B",null,"M","M","M","M","M"],"character_chosen":"THE_CURSED","items_purchased":["TheCursedMod:Obscuration","TheCursedMod:Evocation","TheCursedMod:WearCloak","ReplayTheSpireMod:CursedCoin","Replay:SS_fish_3"],"campfire_rested":2,"item_purchase_floors":[2,2,11,11,11],"current_hp_per_floor":[82,82,82,82,82,82,62,36,36,36,36,28,28,28,52,52,76,34,82,60,60,25,13,0,0],"gold":261,"neow_bonus":"TEN_PERCENT_HP_BONUS","is_daily":false,"chose_seed":false,"campfire_upgraded":1,"win_rate":0.0,"timestamp":1609592440,"path_taken":["M","$","?","?","M","R","?","M","T","?","$","M","PTL","PTL","R","M","R","BOSS","M","?","M","M","M"],"items_purchased_type":["Card","Card","Card","Relic","Card"],"build_version":"2020-12-22","purchased_purges":0,"victory":false,"max_hp_per_floor":[82,82,82,82,82,82,82,82,82,82,82,82,82,82,82,82,82,82,82,82,82,82,82,82,82],"card_choices":[{"not_picked":["TheCursedMod:CursedBoomerang","TheCursedMod:Torture"],"picked":"TheCursedMod:Evocation","floor":1},{"not_picked":["TheCursedMod:VitalStrike","TheCursedMod:Hemoplague"],"picked":"TheCursedMod:FleshFromBone","floor":5},{"not_picked":["TheCursedMod:TroublousMinions","TheCursedMod:Stigma"],"picked":"TheCursedMod:HellfireBreathing","floor":7},{"not_picked":["TheCursedMod:RavingStaff","TheCursedMod:CursedAmulet"],"picked":"TheCursedMod:SmokeScreen","floor":8},{"not_picked":["TheCursedMod:Stigma","TheCursedMod:Torture"],"picked":"TheCursedMod:CursedBlade","floor":12},{"not_picked":["TheCursedMod:CircleOfCorruption","TheCursedMod:Mangle"],"picked":"TheCursedMod:WearCloak","floor":16},{"not_picked":["TheCursedMod:UltimatePain","TheCursedMod:CircleOfAbyss"],"picked":"TheCursedMod:ShockAndAwe","floor":18},{"not_picked":["TheCursedMod:TacticalStrike","TheCursedMod:Stigma+1"],"picked":"TheCursedMod:Wield","floor":20},{"not_picked":["TheCursedMod:Obscuration+1","TheCursedMod:CursedBoomerang"],"picked":"TheCursedMod:CursedBlade","floor":21},{"not_picked":["TheCursedMod:RapidMovement","TheCursedMod:ReleasedStrength"],"picked":"TheCursedMod:ReleasedKnowledge","floor":22},{"not_picked":["TheCursedMod:Stretching+1","TheCursedMod:Wield+1"],"picked":"TheCursedMod:CursedArmor","floor":23}],"player_experience":132028,"relics_obtained":[{"floor":9,"key":"War Paint"}],"event_choices":[],"is_beta":false,"boss_relics":[{"not_picked":["Astrolabe","Runic Dome"],"picked":"ChewingGum"}],"items_purged_floors":[],"is_endless":false,"potions_floor_spawned":[1,5,7,16,18,21,22],"killed_by":"theJungle:Snecko_Cultist_And_Trap","ascension_level":1}}