{"host":"64h6jdpsiwrne03s","time":1609583562,"event":{"mods":["Act Like it!","BaseMod","Bestiary","Colored Powertips","Gensokyo","Marisa£®ÏF”Í°°ƒß¿Ì…≥£©","Minty Spire (QoL Compilation)","Reimu£®≤©¿ˆ¡È√Œ£©","Remilia£®¿Ÿ√◊¿Ú—«£©","RumiaBox-¬∂√◊Ê´µƒ…Ò√ÿ∫–◊”","StSLib","The Servant 0.9.4","Youmu£®ªÍ∆«—˝√Œ£©"],"gold_per_floor":[118,128,128,142,15,41,41,53,53,65,97,134,172,204,216,323,335,365,227,239,271,208,208,208,88,114,114,114],"floor_reached":27,"playtime":2112,"items_purged":["Strike_Lin:ReiMu"],"score":382,"play_id":"bdc9c7f8-9330-4ede-8367-9ae71a883909","local_time":"20210102183242","is_ascension_mode":true,"campfire_choices":[{"data":"FoulBorder2:ReiMu","floor":10,"key":"SMITH"},{"floor":15,"key":"REST"},{"floor":23,"key":"REST"}],"circlet_count":0,"master_deck":["AscendersBane","Strike_Lin:ReiMu","Strike_Lin:ReiMu","Strike_Lin:ReiMu","Defend_Lin:ReiMu","Defend_Lin:ReiMu","Defend_Lin:ReiMu","Defend_Lin:ReiMu","NB:ReiMu","Stagnation:ReiMu","ShadowOfCrow2:ReiMu","SubcavityFantasy:ReiMu","FoulBorder2:ReiMu+1","RainPray2:ReiMu","Determination:ReiMu","SpringWay:ReiMu+1","SealNeedle:ReiMu+1","SpreadBorder2:ReiMu+1","PrayRite:ReiMu"],"relics":["ShineYinYang:ReiMu","NeowsBlessing","Baka","KaguraBell:ReiMu","KaguraBell:ReiMu","Vajra","MawBank","Bronze Scales","GodSword6","StrikeDummy","Ginger","Gensokyo:SongOfSouls","Happy Flower","Gensokyo:MaskOfHope","SkyOrb:ReiMu"],"acts_visited":["Gensokyo:Gensokyo","Gensokyo:Gensokyoer"],"potions_floor_usage":[8,24],"damage_taken":[{"damage":0.0,"enemies":"Gensokyo:2_Kodama","floor":1.0,"turns":1.0},{"damage":3.0,"enemies":"Gensokyo:3_Fairies","floor":2.0,"turns":3.0},{"damage":3.0,"enemies":"Gensokyo:Python","floor":4.0,"turns":1.0},{"damage":12.0,"enemies":"Gensokyo:Cirno","floor":6.0,"turns":6.0},{"damage":0,"enemies":"Gensokyo:3_Kodama","floor":8,"turns":2},{"damage":28,"enemies":"Gensokyo:CorruptedTreant","floor":11,"turns":5},{"damage":0,"enemies":"Gensokyo:Aya","floor":13,"turns":1},{"damage":4,"enemies":"Gensokyo:Gryphon_and_Rabbit","floor":14,"turns":3},{"damage":9,"enemies":"Gensokyo:Reimu","floor":16,"turns":7},{"damage":20,"enemies":"Gensokyo:3_Dogs","floor":18,"turns":5},{"damage":2,"enemies":"Gensokyo:Chomper","floor":19,"turns":4},{"damage":24,"enemies":"Gensokyo:Wraith","floor":21,"turns":3},{"damage":12,"enemies":"Gensokyo:Tenshi","floor":24,"turns":4},{"damage":6,"enemies":"Gensokyo:Reisen","floor":27,"turns":3}],"seed_played":"-6384585223783157275","potions_obtained":[{"floor":4.0,"key":"BottledKami:ReiMu"},{"floor":6.0,"key":"Explosive Potion"},{"floor":8,"key":"BlessingOfTheForge"},{"floor":11,"key":"EssenceOfSteel"},{"floor":18,"key":"Dexterity Potion"}],"is_trial":false,"path_per_floor":["M","M","$","M","COS","E","$","M","T","R","M","T","E","M","R","B",null,"M","M","?","M","$","R","E","?","T","E"],"character_chosen":"REIMU","items_purchased":[],"campfire_rested":2,"item_purchase_floors":[],"current_hp_per_floor":[59,56,56,53,53,41,41,41,41,41,13,13,13,9,28,19,54,34,32,32,8,8,27,9,9,9,3,3],"gold":114,"neow_bonus":"THREE_ENEMY_KILL","is_daily":false,"chose_seed":false,"campfire_upgraded":1,"win_rate":0.0,"timestamp":1609583562,"path_taken":["M","M","?","M","COS","E","$","?","T","R","M","?","E","M","R","BOSS","M","?","?","?","$","R","E","?","T","E"],"items_purchased_type":[],"build_version":"2020-12-22","purchased_purges":1,"victory":false,"max_hp_per_floor":[65,65,65,65,65,65,65,65,65,65,65,65,65,65,65,65,65,65,65,65,65,65,65,72,72,72,72,72],"card_choices":[{"not_picked":["Meditation:ReiMu","SafetyPray:ReiMu","OrbThrow:ReiMu"],"picked":"SKIP","floor":1.0},{"not_picked":["PrepareRite:ReiMu","Conquer:ReiMu"],"picked":"ShadowOfCrow2:ReiMu","floor":2.0},{"not_picked":["OrbThrow:ReiMu","WonderfulDomain:ReiMu"],"picked":"SubcavityFantasy:ReiMu","floor":2.0},{"not_picked":["SpiritualOutbreak2:ReiMu","Conquer:ReiMu","AlertArray:ReiMu"],"picked":"SKIP","floor":2.0},{"not_picked":["CollectionFlower2:ReiMu","UniversalSpiritual:ReiMu","SpreadBorder2:ReiMu"],"picked":"SKIP","floor":2.0},{"not_picked":["OrbThrow:ReiMu","SpreadBorder2:ReiMu","Intuition:ReiMu"],"picked":"SKIP","floor":4.0},{"not_picked":["MikOfLucky:ReiMu","WonderfulDomain:ReiMu"],"picked":"FoulBorder2:ReiMu","floor":6.0},{"not_picked":["Gathering:ReiMu","PhosphorusFlame:ReiMu","PrepareRite:ReiMu"],"picked":"SKIP","floor":8},{"not_picked":["SafetyPray:ReiMu","KamiSacrifice:ReiMu"],"picked":"RainPray2:ReiMu","floor":11},{"not_picked":["Dreaming2:ReiMu","PayForSelf:ReiMu","LearningPray:ReiMu"],"picked":"SKIP","floor":13},{"not_picked":["Amulet:ReiMu","TakeOff:ReiMu","Conquer:ReiMu"],"picked":"SKIP","floor":14},{"not_picked":["Dreaming:ReiMu","CleanRite:ReiMu"],"picked":"Determination:ReiMu","floor":16},{"not_picked":["Meditation:ReiMu","Intuition:ReiMu+1","Dreaming2:ReiMu"],"picked":"SKIP","floor":18},{"not_picked":["Meditation:ReiMu","SpreadBorder2:ReiMu"],"picked":"SpringWay:ReiMu+1","floor":19},{"not_picked":["SpiritualOutbreak2:ReiMu","WonderfulDomain:ReiMu"],"picked":"SealNeedle:ReiMu+1","floor":21},{"not_picked":["RainPray2:ReiMu","SealNeedle:ReiMu"],"picked":"SpreadBorder2:ReiMu+1","floor":24},{"not_picked":["Enchanting:ReiMu","AlertArray:ReiMu"],"picked":"PrayRite:ReiMu","floor":24},{"not_picked":["Enchanting:ReiMu","Authority:ReiMu","SpringWay:ReiMu"],"picked":"SKIP","floor":24},{"not_picked":["SpiritualOutbreak2:ReiMu","BarrageOfMoneybags:ReiMu+1","SealNeedle:ReiMu"],"picked":"SKIP","floor":24}],"player_experience":350702,"relics_obtained":[{"floor":1.0,"key":"Baka"},{"floor":2.0,"key":"KaguraBell:ReiMu"},{"floor":2.0,"key":"KaguraBell:ReiMu"},{"floor":6.0,"key":"Vajra"},{"floor":9,"key":"MawBank"},{"floor":12,"key":"Bronze Scales"},{"floor":13,"key":"GodSword6"},{"floor":24,"key":"Happy Flower"},{"floor":26,"key":"SkyOrb:ReiMu"}],"event_choices":[],"is_beta":false,"boss_relics":[{"not_picked":["Sozu","Snecko Eye"],"picked":"ShineYinYang:ReiMu"}],"items_purged_floors":[22],"is_endless":false,"potions_floor_spawned":[4,6,8,11,18,21],"killed_by":"Gensokyo:Reisen","ascension_level":10}}