{"host":"g01l53quoe6lrer0","time":1609589381,"event":{"mods":["2.2 Compatiblity","BaseMod","Colored Map","Highlight Path","Keyboard Shortcuts","Minty Spire (QoL Compilation)","Permanent Neow","Quick Restart","StSLib","everything is the same but u backflip on backflip"],"gold_per_floor":[110,125,143,161,174,174,206,223,223,237,265,289,364,389,389,493,493,509,529,529,547,564,598,598,614,614,625,334,345,345,380,380,477,477,492,492,492,189,201,201,5,15,92,142,158,175,175,25,25,25],"floor_reached":51,"playtime":17054,"items_purged":["Strike_R","Strike_R","Strike_R","Strike_R"],"score":696,"play_id":"bdd977e9-c10f-44c1-9ab5-fca54e2b31ac","local_time":"20210102210941","is_ascension_mode":true,"campfire_choices":[{"data":"Wild Strike","floor":6.0,"key":"SMITH"},{"data":"Demon Form","floor":15.0,"key":"SMITH"},{"data":"Double Tap","floor":24.0,"key":"SMITH"},{"data":"Heavy Blade","floor":30.0,"key":"SMITH"},{"data":"Inflame","floor":32.0,"key":"SMITH"},{"floor":40.0,"key":"REST"},{"data":"Bloodletting","floor":47,"key":"SMITH"},{"floor":49,"key":"REST"}],"circlet_count":0,"master_deck":["Strike_R","Defend_R","Defend_R","Defend_R","Bash","Disarm","Sentinel","Wild Strike","Wild Strike+1","Carnage","Sever Soul","Demon Form+1","Twin Strike","Bloodletting+1","Pummel","Double Tap+1","Armaments+1","Perfected Strike","Clash+1","Heavy Blade+1","Limit Break","Inflame+1","Pummel+1","Intimidate","Offering","Warcry+1","Whirlwind","Dark Shackles","Rupture+1","Combust","Combust+1"],"relics":["Burning Blood","TungstenRod","Ornamental Fan","Pocketwatch","Strawberry","Odd Mushroom","Blue Candle","SlaversCollar","Incense Burner","Sundial","Lizard Tail","Blood Vial","Happy Flower","SacredBark","Pantograph","Self Forming Clay","Ginger"],"acts_visited":["Exordium","TheCity","TheBeyond"],"potions_floor_usage":[45,50],"damage_taken":[{"damage":6.0,"enemies":"Jaw Worm","floor":1.0,"turns":3.0},{"damage":0.0,"enemies":"Small Slimes","floor":2.0,"turns":4.0},{"damage":0.0,"enemies":"Cultist","floor":3.0,"turns":4.0},{"damage":4.0,"enemies":"Looter","floor":4.0,"turns":4.0},{"damage":0.0,"enemies":"Gremlin Gang","floor":5.0,"turns":5.0},{"damage":18.0,"enemies":"Gremlin Nob","floor":7.0,"turns":4.0},{"damage":0.0,"enemies":"3 Louse","floor":8.0,"turns":2.0},{"damage":12.0,"enemies":"Exordium Thugs","floor":10.0,"turns":5.0},{"damage":9.0,"enemies":"Lagavulin","floor":11.0,"turns":6.0},{"damage":4.0,"enemies":"The Mushroom Lair","floor":12.0,"turns":3.0},{"damage":13.0,"enemies":"3 Sentries","floor":14.0,"turns":5.0},{"damage":16.0,"enemies":"Hexaghost","floor":16.0,"turns":6.0},{"damage":0.0,"enemies":"Spheric Guardian","floor":18.0,"turns":3.0},{"damage":6.0,"enemies":"Chosen","floor":19.0,"turns":4.0},{"damage":24.0,"enemies":"Centurion and Healer","floor":21.0,"turns":4.0},{"damage":2.0,"enemies":"Snake Plant","floor":22.0,"turns":3.0},{"damage":4.0,"enemies":"Gremlin Leader","floor":23.0,"turns":5.0},{"damage":22.0,"enemies":"Sentry and Sphere","floor":25.0,"turns":4.0},{"damage":4.0,"enemies":"3 Cultists","floor":27.0,"turns":4.0},{"damage":5.0,"enemies":"Centurion and Healer","floor":29.0,"turns":4.0},{"damage":13.0,"enemies":"Slavers","floor":31.0,"turns":4.0},{"damage":42.0,"enemies":"Collector","floor":33.0,"turns":8.0},{"damage":34.0,"enemies":"3 Darklings","floor":35.0,"turns":6.0},{"damage":12.0,"enemies":"Orb Walker","floor":39.0,"turns":3.0},{"damage":25.0,"enemies":"Jaw Worm Horde","floor":42.0,"turns":5.0},{"damage":5.0,"enemies":"Mind Bloom Boss Battle","floor":44.0,"turns":3.0},{"damage":7,"enemies":"Transient","floor":45,"turns":5},{"damage":23,"enemies":"4 Shapes","floor":46,"turns":3},{"damage":55,"enemies":"Time Eater","floor":50,"turns":8}],"seed_played":"7836785872549725109","potions_obtained":[{"floor":3.0,"key":"EntropicBrew"},{"floor":7.0,"key":"Explosive Potion"},{"floor":11.0,"key":"Weak Potion"},{"floor":16.0,"key":"BlessingOfTheForge"},{"floor":23.0,"key":"PowerPotion"},{"floor":27.0,"key":"Block Potion"},{"floor":29.0,"key":"Energy Potion"},{"floor":31.0,"key":"ColorlessPotion"},{"floor":35.0,"key":"FairyPotion"},{"floor":44.0,"key":"Swift Potion"},{"floor":45,"key":"BlessingOfTheForge"}],"is_trial":false,"path_per_floor":["M","M","M","M","M","R","E","M","T","M","E","?","?","E","R","B",null,"M","M","?","M","M","E","R","M","T","M","$","M","R","E","R","B",null,"M","?","T","$","M","R","$","M","T","?","M","M","R","$","R","B",null],"character_chosen":"IRONCLAD","items_purchased":["Inflame","Blood Vial","Whirlwind","Dexterity Potion","Dark Shackles","Combust"],"campfire_rested":2,"item_purchase_floors":[28,28,38,38,38,41],"current_hp_per_floor":[72,72,72,72,72,72,60,66,66,60,64,66,60,53,53,43,79,79,79,79,61,65,67,67,51,51,53,53,56,56,51,51,17,79,51,51,51,51,47,70,70,53,53,79,78,62,62,62,79,30],"gold":25,"neow_bonus":"ONE_RARE_RELIC","is_daily":false,"chose_seed":false,"campfire_upgraded":6,"win_rate":0.0,"timestamp":1609589381,"path_taken":["M","M","M","M","M","R","E","M","T","M","E","?","?","E","R","BOSS","M","?","?","M","M","E","R","?","T","M","$","M","R","E","R","BOSS","M","?","?","?","M","R","$","M","T","?","M","M","R","?","R","BOSS"],"items_purchased_type":["Card","Relic","Card","Potion","Card","Card"],"build_version":"2020-12-22","purchased_purges":4,"victory":true,"max_hp_per_floor":[72,72,72,72,72,72,72,72,72,72,79,79,79,79,79,79,79,79,79,79,79,79,79,79,79,79,79,79,79,79,79,79,79,79,79,79,79,79,79,79,79,79,79,79,79,79,79,79,79,79],"card_choices":[{"not_picked":["Sword Boomerang","Uppercut"],"picked":"Disarm","floor":1.0},{"not_picked":["Body Slam","Anger"],"picked":"Sentinel","floor":2.0},{"not_picked":["True Grit","Sword Boomerang"],"picked":"Wild Strike","floor":3.0},{"not_picked":["Sword Boomerang","Sentinel"],"picked":"Wild Strike","floor":4.0},{"not_picked":["True Grit","Clothesline"],"picked":"Carnage","floor":5.0},{"not_picked":["Infernal Blade","Anger"],"picked":"Sever Soul","floor":7.0},{"not_picked":["Heavy Blade","Anger"],"picked":"Demon Form","floor":8.0},{"not_picked":["Clash","Havoc"],"picked":"Twin Strike","floor":10.0},{"not_picked":["Combust","Entrench"],"picked":"Bloodletting","floor":11.0},{"not_picked":["Bloodletting","Pommel Strike"],"picked":"Reckless Charge","floor":12.0},{"not_picked":["Infernal Blade","Armaments"],"picked":"Pummel","floor":14.0},{"not_picked":["Impervious","Berserk"],"picked":"Double Tap","floor":16.0},{"not_picked":["Anger+1","Thunderclap+1"],"picked":"Armaments+1","floor":18.0},{"not_picked":["Armaments","Battle Trance+1"],"picked":"Perfected Strike","floor":19.0},{"not_picked":["Iron Wave","Dropkick"],"picked":"Clash+1","floor":21.0},{"not_picked":["Iron Wave","Clothesline","Headbutt"],"picked":"SKIP","floor":22.0},{"not_picked":["Twin Strike","Anger","Iron Wave+1"],"picked":"SKIP","floor":23.0},{"not_picked":["Carnage+1","Twin Strike+1"],"picked":"Heavy Blade","floor":25.0},{"not_picked":["Wild Strike","Infernal Blade"],"picked":"Limit Break","floor":27.0},{"not_picked":["Headbutt+1","Twin Strike+1"],"picked":"Pummel+1","floor":29.0},{"not_picked":["Armaments","Heavy Blade+1"],"picked":"Intimidate","floor":31.0},{"not_picked":["Brutality","Berserk"],"picked":"Offering","floor":33.0},{"not_picked":["Combust+1","Shrug It Off"],"picked":"Warcry+1","floor":35.0},{"not_picked":["Twin Strike+1","Wild Strike"],"picked":"Rupture+1","floor":39.0},{"not_picked":["Anger+1","Armaments"],"picked":"Combust+1","floor":42.0},{"not_picked":["Thunderclap","Havoc+1","Body Slam+1"],"picked":"SKIP","floor":45},{"not_picked":["Carnage+1","Armaments+1","Iron Wave"],"picked":"SKIP","floor":46}],"player_experience":3304,"relics_obtained":[{"floor":7.0,"key":"Ornamental Fan"},{"floor":9.0,"key":"Pocketwatch"},{"floor":11.0,"key":"Strawberry"},{"floor":12.0,"key":"Odd Mushroom"},{"floor":14.0,"key":"Blue Candle"},{"floor":23.0,"key":"Sundial"},{"floor":26.0,"key":"Lizard Tail"},{"floor":31.0,"key":"Happy Flower"},{"floor":37.0,"key":"Pantograph"},{"floor":43.0,"key":"Self Forming Clay"},{"floor":44.0,"key":"Ginger"}],"event_choices":[{"damage_healed":0.0,"max_hp_gain":0.0,"max_hp_loss":0.0,"gold_gain":0.0,"event_name":"Mushrooms","player_choice":"Fought Mushrooms","floor":12.0,"gold_loss":0.0,"damage_taken":0.0},{"damage_healed":0.0,"max_hp_gain":0.0,"max_hp_loss":0.0,"gold_gain":75.0,"event_name":"FaceTrader","player_choice":"Touch","floor":13.0,"gold_loss":0.0,"damage_taken":7.0},{"cards_removed":["Reckless Charge"],"damage_healed":0.0,"max_hp_gain":0.0,"max_hp_loss":0.0,"gold_gain":0.0,"event_name":"WeMeetAgain","player_choice":"Gave Card","floor":20.0,"gold_loss":0.0,"damage_taken":0.0,"relics_obtained":["Incense Burner"]},{"cards_removed":["Defend_R"],"damage_healed":0.0,"max_hp_gain":0.0,"max_hp_loss":0.0,"gold_gain":0.0,"event_name":"Falling","player_choice":"Removed Skill","floor":36.0,"gold_loss":0.0,"damage_taken":0.0},{"damage_healed":0.0,"max_hp_gain":0.0,"max_hp_loss":0.0,"gold_gain":0.0,"event_name":"MindBloom","player_choice":"Fight","floor":44.0,"gold_loss":0.0,"damage_taken":0.0}],"is_beta":false,"boss_relics":[{"not_picked":["Runic Cube","Calling Bell"],"picked":"SlaversCollar"},{"not_picked":["Tiny House","Busted Crown"],"picked":"SacredBark"}],"items_purged_floors":[28,38,41,48],"is_endless":false,"potions_floor_spawned":[3,7,10,11,16,21,23,27,29,31,35,44,45],"ascension_level":1}}