{"host":"t7mx8yfj1no5p62f","time":1609622557,"event":{"mods":["BaseMod","Colored Map","Colored Powertips","Minty Spire (QoL Compilation)","Relic Stats","StSLib"],"gold_per_floor":[119,135,210,221,221,254,254,269,269,269,308,323,2,18,18,109,109,127,127,145,176,192,192,212,212,212],"floor_reached":25,"playtime":779,"items_purged":["Strike_R"],"score":430,"play_id":"d699544b-d1b9-4508-b4d9-a72fd4d93270","local_time":"20210102162237","is_ascension_mode":true,"campfire_choices":[{"floor":7,"key":"REST"},{"floor":15,"key":"REST"},{"data":"Armaments","floor":23,"key":"SMITH"}],"circlet_count":0,"master_deck":["AscendersBane","Strike_R","Strike_R","Strike_R","Strike_R","Defend_R","Defend_R","Defend_R","Defend_R","Bash","Perfected Strike","True Grit","Anger","Armaments+1","Wild Strike+1","Whirlwind+1","True Grit","Impervious","Second Wind","Limit Break","Flex","Evolve","Inflame"],"relics":["Mark of Pain","Golden Idol","Molten Egg 2","Sundial","Shuriken","Medical Kit","Runic Pyramid","Red Mask"],"acts_visited":["Exordium","TheCity"],"potions_floor_usage":[4,12,16,20,22,25],"damage_taken":[{"damage":12,"enemies":"Cultist","floor":1,"turns":4},{"damage":10,"enemies":"Small Slimes","floor":2,"turns":3},{"damage":0,"enemies":"Jaw Worm","floor":4,"turns":2},{"damage":32,"enemies":"Gremlin Nob","floor":6,"turns":4},{"damage":4,"enemies":"Blue Slaver","floor":8,"turns":3},{"damage":13,"enemies":"3 Sentries","floor":11,"turns":7},{"damage":0,"enemies":"Looter","floor":12,"turns":2},{"damage":1,"enemies":"Exordium Thugs","floor":14,"turns":3},{"damage":16,"enemies":"Hexaghost","floor":16,"turns":9},{"damage":0,"enemies":"3 Byrds","floor":18,"turns":4},{"damage":31,"enemies":"Shell Parasite","floor":20,"turns":7},{"damage":0,"enemies":"Masked Bandits","floor":21,"turns":2},{"damage":22,"enemies":"Centurion and Healer","floor":22,"turns":6},{"damage":0,"enemies":"Sentry and Sphere","floor":24,"turns":5},{"damage":40,"enemies":"Cultist and Chosen","floor":25,"turns":5}],"seed_played":"-6387643053987024337","potions_obtained":[{"floor":1,"key":"SkillPotion"},{"floor":6,"key":"Block Potion"},{"floor":11,"key":"GamblersBrew"},{"floor":14,"key":"SneckoOil"},{"floor":18,"key":"Regen Potion"},{"floor":20,"key":"SkillPotion"}],"is_trial":false,"path_per_floor":["M","M","?","M","?","E","R","M","T","?","E","M","$","M","R","B",null,"M","?","M","?","M","R","M","M"],"character_chosen":"IRONCLAD","items_purchased":["Medical Kit","Impervious"],"campfire_rested":2,"item_purchase_floors":[13,13],"current_hp_per_floor":[56,46,35,35,35,3,23,19,19,19,6,6,6,5,25,9,53,53,53,36,36,14,14,14,0,0],"gold":212,"neow_bonus":"BOSS_RELIC","is_daily":false,"chose_seed":false,"campfire_upgraded":1,"win_rate":0.0,"timestamp":1609622557,"path_taken":["M","M","?","M","?","E","R","M","T","?","E","M","$","M","R","BOSS","M","?","M","?","M","R","M","M"],"items_purchased_type":["Relic","Card"],"build_version":"2020-12-22","purchased_purges":1,"victory":false,"max_hp_per_floor":[75,75,75,75,68,68,68,68,68,68,68,68,68,68,68,68,68,68,68,68,68,68,68,68,68,68],"relic_stats":{"counters":[15,66],"Golden Idol":63,"Sundial":[2],"Shuriken":[10],"Medical Kit":[16],"obtain_stats":[{"Golden Idol":5,"Sundial":9,"Shuriken":11,"Molten Egg 2":6,"Mark of Pain":0,"Red Mask":21,"Medical Kit":13,"Burning Blood":0,"Runic Pyramid":17},{"Golden Idol":3,"Sundial":5,"Shuriken":6,"Molten Egg 2":4,"Mark of Pain":0,"Red Mask":12,"Medical Kit":7,"Burning Blood":0,"Runic Pyramid":9},{"Golden Idol":9,"Sundial":16,"Shuriken":23,"Molten Egg 2":13,"Mark of Pain":0,"Red Mask":50,"Medical Kit":25,"Burning Blood":0,"Runic Pyramid":37}]},"card_choices":[{"not_picked":["Flame Barrier","Rampage"],"picked":"Perfected Strike","floor":1},{"not_picked":["Sword Boomerang","Wild Strike"],"picked":"True Grit","floor":2},{"not_picked":["Rupture","Flex"],"picked":"Anger","floor":4},{"not_picked":["Clash+1","Thunderclap+1"],"picked":"Armaments","floor":6},{"not_picked":["Combust","Dropkick+1"],"picked":"Wild Strike+1","floor":8},{"not_picked":["Anger+1","Blood for Blood+1"],"picked":"Whirlwind+1","floor":11},{"not_picked":["Wild Strike+1","Sentinel"],"picked":"True Grit","floor":12},{"not_picked":["Anger+1","Cleave+1"],"picked":"Second Wind","floor":14},{"not_picked":["Demon Form","Juggernaut"],"picked":"Limit Break","floor":16},{"not_picked":["Thunderclap+1","Sentinel"],"picked":"Flex","floor":18},{"not_picked":["Fire Breathing","Armaments"],"picked":"Evolve","floor":20},{"not_picked":["Body Slam+1","Cleave+1"],"picked":"Inflame","floor":21},{"not_picked":["Clash+1","Armaments","Heavy Blade+1"],"picked":"SKIP","floor":22},{"not_picked":["True Grit","Havoc","Perfected Strike+1"],"picked":"SKIP","floor":24}],"player_experience":1640490,"relics_obtained":[{"floor":6,"key":"Molten Egg 2"},{"floor":9,"key":"Sundial"},{"floor":11,"key":"Shuriken"},{"floor":21,"key":"Red Mask"}],"event_choices":[{"damage_healed":0,"gold_gain":75,"player_choice":"Gather Gold","damage_taken":11,"max_hp_gain":0,"max_hp_loss":0,"event_name":"World of Goop","floor":3,"gold_loss":0},{"damage_healed":0,"gold_gain":0,"player_choice":"Lose Max HP","damage_taken":0,"relics_obtained":["Golden Idol"],"max_hp_gain":0,"max_hp_loss":7,"event_name":"Golden Idol","floor":5,"gold_loss":0},{"damage_healed":0,"gold_gain":0,"player_choice":"Fled","damage_taken":0,"max_hp_gain":0,"max_hp_loss":0,"event_name":"Scrap Ooze","floor":10,"gold_loss":0},{"damage_healed":0,"gold_gain":0,"player_choice":"Ignored","damage_taken":0,"max_hp_gain":0,"max_hp_loss":0,"event_name":"Ghosts","floor":19,"gold_loss":0},{"damage_healed":0,"gold_gain":0,"player_choice":"Fought Bandits","damage_taken":0,"max_hp_gain":0,"max_hp_loss":0,"event_name":"Masked Bandits","floor":21,"gold_loss":0}],"is_beta":false,"boss_relics":[{"not_picked":["Tiny House","SlaversCollar"],"picked":"Runic Pyramid"}],"items_purged_floors":[13],"is_endless":false,"potions_floor_spawned":[1,6,11,14,18,20],"killed_by":"Cultist and Chosen","ascension_level":20}}