{"host":"svjtl4dki9uqj609","time":1609601081,"event":{"mods":["BaseMod","Colored Map","Keyboard Shortcuts","Minty Spire (QoL Compilation)","StSLib","SuperFastMode"],"gold_per_floor":[116,135,135,150,162,196,60,60,112,112,126,126,47,60,60,158,158,171,185,185,201,76,101,101,116,141,141,175,187,187,200,200,298,298,309,209,209,84,94,94,119,119,119,119,137,148,370,384,384,384],"floor_reached":51,"playtime":3486,"items_purged":["Strike_B","Strike_B","Defend_B"],"score":724,"play_id":"5b794603-8ce6-4bf7-aca9-3874288ddac9","local_time":"20210103002441","is_ascension_mode":false,"campfire_choices":[{"data":"Streamline","floor":8.0,"key":"SMITH"},{"data":"Dualcast","floor":10.0,"key":"SMITH"},{"data":"Zap","floor":12.0,"key":"SMITH"},{"data":"Defragment","floor":15.0,"key":"SMITH"},{"floor":24.0,"key":"REST"},{"data":"Electrodynamics","floor":27.0,"key":"SMITH"},{"data":"Reboot","floor":30.0,"key":"SMITH"},{"data":"Electrodynamics","floor":32.0,"key":"SMITH"},{"data":"Defragment","floor":40.0,"key":"SMITH"},{"data":"Rainbow","floor":42.0,"key":"SMITH"},{"data":"Loop","floor":49.0,"key":"SMITH"}],"circlet_count":0,"master_deck":["Defend_B","Defend_B","Zap+1","Dualcast+1","Conserve Battery","Streamline+1","Gash+1","Sweeping Beam+1","Electrodynamics+1","Electrodynamics+1","Defragment+1","Rainbow+1","Self Repair","Coolheaded","Hologram+1","Reboot+1","All For One","Defragment+1","Go for the Eyes+1","Loop+1"],"relics":["Cracked Core","NeowsBlessing","Eternal Feather","Dream Catcher","Sozu","PreservedInsect","Whetstone","Red Mask","Empty Cage","Lantern","Bag of Marbles","Ornamental Fan"],"acts_visited":["Exordium","TheCity","TheBeyond"],"potions_floor_usage":[50],"damage_taken":[{"damage":0.0,"enemies":"Jaw Worm","floor":1.0,"turns":1.0},{"damage":0.0,"enemies":"Cultist","floor":2.0,"turns":1.0},{"damage":0.0,"enemies":"Small Slimes","floor":4.0,"turns":1.0},{"damage":0.0,"enemies":"Looter","floor":5.0,"turns":2.0},{"damage":21.0,"enemies":"Lagavulin","floor":6.0,"turns":6.0},{"damage":0.0,"enemies":"Large Slime","floor":11.0,"turns":4.0},{"damage":11.0,"enemies":"Exordium Thugs","floor":14.0,"turns":4.0},{"damage":0.0,"enemies":"Slime Boss","floor":16.0,"turns":5.0},{"damage":5.0,"enemies":"Spheric Guardian","floor":18.0,"turns":3.0},{"damage":12.0,"enemies":"Shell Parasite","floor":19.0,"turns":4.0},{"damage":16.0,"enemies":"Cultist and Chosen","floor":21.0,"turns":3.0},{"damage":37.0,"enemies":"Slavers","floor":23.0,"turns":3.0},{"damage":8.0,"enemies":"Centurion and Healer","floor":25.0,"turns":5.0},{"damage":4.0,"enemies":"Masked Bandits","floor":28.0,"turns":3.0},{"damage":11.0,"enemies":"Snecko","floor":29.0,"turns":5.0},{"damage":16.0,"enemies":"Snake Plant","floor":31.0,"turns":3.0},{"damage":25.0,"enemies":"Collector","floor":33.0,"turns":7.0},{"damage":1.0,"enemies":"Orb Walker","floor":35.0,"turns":3.0},{"damage":5.0,"enemies":"3 Darklings","floor":39.0,"turns":3.0},{"damage":14.0,"enemies":"Reptomancer","floor":41.0,"turns":4.0},{"damage":12.0,"enemies":"Transient","floor":45.0,"turns":5.0},{"damage":7.0,"enemies":"Spire Growth","floor":46.0,"turns":4.0},{"damage":0.0,"enemies":"3 Darklings","floor":48.0,"turns":2.0},{"damage":72,"enemies":"Time Eater","floor":50,"turns":11}],"seed_played":"315855348532995212","potions_obtained":[{"floor":4.0,"key":"LiquidMemories"},{"floor":5.0,"key":"LiquidMemories"},{"floor":11.0,"key":"SteroidPotion"}],"is_trial":false,"path_per_floor":["M","M","?","M","M","E","$","R","T","R","M","R","$","M","R","B",null,"M","M","?","M","$","E","R","M","T","R","?","M","R","M","R","B",null,"M","$","?","$","M","R","E","R","T","?","M","M","?","M","R","B",null],"character_chosen":"DEFECT","items_purchased":["Electrodynamics","Defragment","Coolheaded"],"campfire_rested":1,"item_purchase_floors":[7,13,22],"current_hp_per_floor":[75,75,75,75,75,54,54,60,60,66,66,75,75,64,73,73,75,70,58,58,49,49,19,50,49,49,61,64,60,72,63,75,57,75,75,75,75,75,75,75,68,75,75,75,70,70,70,70,75,10],"gold":384,"neow_bonus":"THREE_ENEMY_KILL","is_daily":false,"chose_seed":false,"campfire_upgraded":10,"win_rate":0.0,"timestamp":1609601081,"path_taken":["M","M","?","?","?","E","?","R","T","R","?","R","$","M","R","BOSS","M","M","?","M","$","E","R","M","T","R","?","M","R","M","R","BOSS","M","$","?","?","M","R","E","R","T","?","M","?","?","M","R","BOSS"],"items_purchased_type":["Card","Card","Card"],"build_version":"2020-12-22","purchased_purges":3,"victory":true,"max_hp_per_floor":[75,75,75,75,75,75,75,75,75,75,75,75,75,75,75,75,75,75,75,75,75,75,75,75,75,75,75,75,75,75,75,75,75,75,75,75,75,75,75,75,75,75,75,75,75,75,75,75,75,75],"card_choices":[{"not_picked":["Steam Power","Stack"],"picked":"Conserve Battery","floor":1.0},{"not_picked":["Reprogram","Steam"],"picked":"Streamline","floor":2.0},{"not_picked":["Reprogram","Go for the Eyes","Streamline"],"picked":"SKIP","floor":4.0},{"not_picked":["Coolheaded","BootSequence"],"picked":"Gash","floor":5.0},{"not_picked":["Capacitor","BootSequence"],"picked":"Sweeping Beam","floor":6.0},{"not_picked":["Storm","Conserve Battery"],"picked":"Electrodynamics","floor":11.0},{"not_picked":["Sweeping Beam","Stack","Lockon"],"picked":"SKIP","floor":14.0},{"not_picked":["Multi-Cast","Electrodynamics"],"picked":"Rainbow","floor":16.0},{"not_picked":["Lockon+1","Heatsinks","Ball Lightning"],"picked":"SKIP","floor":18.0},{"not_picked":["Steam","Sweeping Beam"],"picked":"Self Repair","floor":19.0},{"not_picked":["Sweeping Beam","Beam Cell","Go for the Eyes"],"picked":"SKIP","floor":21.0},{"not_picked":["Chaos","Stack"],"picked":"Hologram+1","floor":23.0},{"not_picked":["Melter","Aggregate"],"picked":"Reboot","floor":25.0},{"not_picked":["Conserve Battery+1","Hologram+1","Steam"],"picked":"SKIP","floor":29.0},{"not_picked":["Barrage","Ball Lightning","Amplify"],"picked":"SKIP","floor":31.0},{"not_picked":["Multi-Cast","Machine Learning"],"picked":"All For One","floor":33.0},{"not_picked":["Hologram+1","Coolheaded"],"picked":"Defragment","floor":35.0},{"not_picked":["Gash","Steam+1"],"picked":"Go for the Eyes+1","floor":39.0},{"not_picked":["Redo+1","Go for the Eyes","Stack+1"],"picked":"SKIP","floor":41.0},{"not_picked":["Double Energy+1","Scrape+1","Skim+1"],"picked":"SKIP","floor":45.0},{"not_picked":["Fission","Doom and Gloom"],"picked":"Loop","floor":46.0},{"not_picked":["Conserve Battery","Streamline+1","Storm"],"picked":"SKIP","floor":48.0}],"player_experience":3652,"relics_obtained":[{"floor":6.0,"key":"Eternal Feather"},{"floor":9.0,"key":"Dream Catcher"},{"floor":23.0,"key":"PreservedInsect"},{"floor":26.0,"key":"Whetstone"},{"floor":28.0,"key":"Red Mask"},{"floor":41.0,"key":"Bag of Marbles"},{"floor":43.0,"key":"Ornamental Fan"}],"event_choices":[{"cards_removed":["Strike_B"],"damage_healed":0.0,"max_hp_gain":0.0,"max_hp_loss":0.0,"gold_gain":0.0,"event_name":"Purifier","player_choice":"Purged","floor":3.0,"gold_loss":0.0,"damage_taken":0.0},{"damage_healed":0.0,"max_hp_gain":0.0,"max_hp_loss":0.0,"gold_gain":0.0,"event_name":"Vampires","player_choice":"Ignored","floor":20.0,"gold_loss":0.0,"damage_taken":0.0},{"damage_healed":0.0,"max_hp_gain":0.0,"max_hp_loss":0.0,"gold_gain":0.0,"event_name":"Masked Bandits","player_choice":"Fought Bandits","floor":28.0,"gold_loss":0.0,"damage_taken":0.0},{"damage_healed":0.0,"max_hp_gain":0.0,"max_hp_loss":0.0,"gold_gain":0.0,"event_name":"WeMeetAgain","player_choice":"Gave Potion","floor":37.0,"gold_loss":0.0,"damage_taken":0.0,"relics_obtained":["Lantern"]},{"damage_healed":0.0,"max_hp_gain":0.0,"max_hp_loss":0.0,"gold_gain":0.0,"event_name":"The Woman in Blue","player_choice":"Bought 0 Potions","floor":44.0,"gold_loss":0.0,"damage_taken":0.0},{"damage_healed":0.0,"max_hp_gain":0.0,"max_hp_loss":0.0,"gold_gain":222.0,"event_name":"Tomb of Lord Red Mask","player_choice":"Wore Mask","floor":47.0,"gold_loss":0.0,"damage_taken":0.0}],"is_beta":false,"boss_relics":[{"not_picked":["Black Star","Ectoplasm"],"picked":"Sozu"},{"not_picked":["Inserter","Nuclear Battery"],"picked":"Empty Cage"}],"items_purged_floors":[22,36,38],"is_endless":false,"potions_floor_spawned":[4,5,11,21,23,28,31,33,39,45],"ascension_level":0}}