{"host":"0azimyi6n3ugndj4","time":1609612321,"event":{"mods":["2.2 Compatiblity","BaseMod","Bestiary","Conspire","Curses Come First","Defuse TimeMaze Blight","Hermit","Hyrulean Relics","Infinite Spire","Minty Spire (QoL Compilation)","Relic Stats","Replay The Spire","StSLib","SuperFastMode","The Cursed","Uncapped","¡¼?Úª?ø«¡½REMEMod"],"gold_per_floor":[144,144,144,204,275,275,23,23,23,74,185,185,185,106,106,106,106,322,322,361,361,361],"floor_reached":21,"playtime":348,"items_purged":[],"score":501,"play_id":"57c27caa-91ac-48cb-b3f5-f90e16b83a07","local_time":"20210103033201","daily_mods":["SealedDeck","Hoarder","Insanity","Chimera","Specialized","Vintage","ControlledChaos","Allstar","Diverse","Colorless Cards","Heirloom","Time Dilation","Flight","Elite Swarm","Lethality","Midas","Binary"],"is_ascension_mode":true,"campfire_choices":[{"floor":6,"key":"REST"},{"floor":17,"key":"REST"}],"circlet_count":0,"master_deck":["Demon Form","Wraith Form v2","Echo Form","DevaForm","AscendersBane","Bash","Survivor","Zap","Strike_R","Strike_G","Strike_B","Defend_R","Defend_G","Defend_P","Rampage","All Out Attack","Slice","White Noise","Cold Snap","Gash","Dagger Spray","Go for the Eyes","SashWhip","Cloak And Dagger","Consecrate","Slice","Compile Driver","Cold Snap","Compile Driver","TheCursedMod:Stretching","Halt","Infinite Blades","Outmaneuver","TheCursedMod:Stigma","BattleHymn","Dagger Throw","Vengeance","Compile Driver","hermit:TrackingShot","REME_Repentance","Anger","hermit:Dive","EmptyBody","Compile Driver","Blade Dance","Warcry","TheCursedMod:CursedAmulet","Replay:Undeath\u0027s Touch","REME_Cut","Twin Strike","Turbo","Dramatic Entrance","Barrage","CrushJoints","Replay:Vibes","ThirdEye","TheCursedMod:WearCloak","Cold Snap","Compile Driver","Seeing Red","TheCursedMod:Obscuration","TheCursedMod:CircleOfCorruption","CarveReality","ForeignInfluence","ReplayTheSpireMod:Necrosis","ReplayTheSpireMod:Necrosis","ReplayTheSpireMod:Necrosis","ReplayTheSpireMod:Necrosis","ReplayTheSpireMod:Necrosis","ReplayTheSpireMod:Necrosis","ReplayTheSpireMod:Necrosis","ReplayTheSpireMod:Necrosis","ReplayTheSpireMod:Necrosis","ReplayTheSpireMod:Necrosis","ReplayTheSpireMod:Necrosis","ReplayTheSpireMod:Necrosis","ReplayTheSpireMod:Necrosis","ReplayTheSpireMod:Necrosis","ReplayTheSpireMod:Necrosis","Massacre","Massacre","Massacre","EmptyMind","EmptyMind","EmptyMind","Rebound","Rebound","Rebound","Protect","Protect","Protect","Headbutt","Headbutt","Headbutt","TheCursedMod:VitalStrike","TheCursedMod:VitalStrike","TheCursedMod:VitalStrike","hermit:Headshot","hermit:Headshot","hermit:Headshot","Endless Agony","Endless Agony","Endless Agony","hermit:Glare","hermit:Glare","hermit:Glare","BowlingBash","BowlingBash","BowlingBash","ReplayTheSpireMod:Muscle Training","ReplayTheSpireMod:Muscle Training","ReplayTheSpireMod:Muscle Training","Seeing Red","Seeing Red","Seeing Red","hermit:Strike_Hermit","hermit:Strike_Hermit","hermit:Strike_Hermit"],"relics":["PureWater","Frozen Eye","Busted Crown","REME_ComplimentaryCards","TungstenRod","conspire:GiftBox","infinitespire:Cubic Diamond","Gambling Chip","zeldaRelics:CouragePiece","Membership Card","infinitespire:Lucky Rock","Garlic","Strawberry","zeldaRelics:BlueTunic","HandDrill","SlaversCollar","Potion Belt"],"acts_visited":["Exordium","TheCity"],"potions_floor_usage":[21,21],"damage_taken":[{"damage":0,"enemies":"Cultist","floor":1,"turns":1},{"damage":0,"enemies":"2 Louse","floor":4,"turns":1},{"damage":19,"enemies":"Small Slimes","floor":10,"turns":4},{"damage":23,"enemies":"Small Slimes","floor":12,"turns":6},{"damage":30,"enemies":"Hexaghost","floor":18,"turns":7},{"damage":29,"enemies":"Shell Parasite","floor":20,"turns":4},{"damage":31,"enemies":"conspire:MimicChest","floor":21,"turns":5}],"seed_played":"-3661687788594692385","potions_obtained":[{"floor":1,"key":"Adrenaline Potion"},{"floor":3,"key":"Toxic Potion"},{"floor":3,"key":"ColorlessPotion"},{"floor":18,"key":"LifebloodPotion"}],"is_trial":true,"path_per_floor":["M","?","?","M","T","R","$","?","T","M","?","?","?","$","PTL","PTL","R","B",null,"M","?"],"character_chosen":"HERMIT","items_purchased":["Membership Card","infinitespire:Lucky Rock","HandDrill"],"campfire_rested":2,"item_purchase_floors":[7,7,14],"current_hp_per_floor":[64,64,64,64,64,71,71,71,71,52,37,14,14,14,14,14,37,7,60,31,0,0],"gold":361,"neow_bonus":"","is_daily":false,"chose_seed":false,"campfire_upgraded":0,"win_rate":0.0,"timestamp":1609612321,"path_taken":["M","?","?","?","?","R","?","?","T","?","?","?","?","$","PTL","PTL","R","BOSS","M","?"],"items_purchased_type":["Relic","Relic","Relic"],"build_version":"2020-12-22","purchased_purges":0,"victory":false,"max_hp_per_floor":[71,71,71,71,71,71,71,71,71,71,78,78,78,78,78,78,78,78,78,78,78,78],"relic_stats":{"Busted Crown":18,"counters":[7,28],"Gambling Chip":[30],"HandDrill":[10],"obtain_stats":[{"zeldaRelics:BlueTunic":12,"Potion Belt":20,"infinitespire:Cubic Diamond":2,"infinitespire:Lucky Rock":7,"Frozen Eye":0,"SlaversCollar":19,"conspire:GiftBox":1,"Busted Crown":0,"Gambling Chip":4,"Strawberry":11,"zeldaRelics:CouragePiece":5,"Garlic":10,"HandDrill":14,"Membership Card":7,"PureWater":2,"hermit:Momento":0,"TungstenRod":0,"REME_ComplimentaryCards":0},{"zeldaRelics:BlueTunic":4,"Potion Belt":6,"infinitespire:Cubic Diamond":1,"infinitespire:Lucky Rock":2,"Frozen Eye":0,"SlaversCollar":5,"conspire:GiftBox":1,"Busted Crown":0,"Gambling Chip":2,"Strawberry":3,"zeldaRelics:CouragePiece":2,"Garlic":3,"HandDrill":4,"Membership Card":2,"PureWater":1,"hermit:Momento":0,"TungstenRod":0,"REME_ComplimentaryCards":0},{"zeldaRelics:BlueTunic":12,"Potion Belt":23,"infinitespire:Cubic Diamond":1,"infinitespire:Lucky Rock":2,"Frozen Eye":0,"SlaversCollar":19,"conspire:GiftBox":1,"Busted Crown":0,"Gambling Chip":2,"Strawberry":6,"zeldaRelics:CouragePiece":2,"Garlic":6,"HandDrill":12,"Membership Card":2,"PureWater":1,"hermit:Momento":0,"TungstenRod":0,"REME_ComplimentaryCards":0}],"TungstenRod":26},"card_choices":[],"player_experience":1502266,"relics_obtained":[{"floor":1,"key":"conspire:GiftBox"},{"floor":4,"key":"Gambling Chip"},{"floor":5,"key":"zeldaRelics:CouragePiece"},{"floor":9,"key":"zeldaRelics:CouragePiece"},{"floor":10,"key":"Garlic"},{"floor":11,"key":"Strawberry"},{"floor":12,"key":"zeldaRelics:BlueTunic"},{"floor":20,"key":"Potion Belt"}],"event_choices":[{"damage_healed":0,"gold_gain":0,"player_choice":"Got Potions","damage_taken":0,"max_hp_gain":0,"max_hp_loss":0,"event_name":"Lab","floor":3,"gold_loss":0},{"damage_healed":0,"gold_gain":0,"player_choice":"2 cards matched","damage_taken":0,"max_hp_gain":0,"max_hp_loss":0,"event_name":"Match and Keep!","floor":8,"gold_loss":0,"cards_obtained":["Seeing Red","hermit:Strike_Hermit"]},{"cards_removed":["Eruption"],"damage_healed":0,"gold_gain":0,"player_choice":"Forget","damage_taken":0,"max_hp_gain":0,"max_hp_loss":0,"event_name":"Living Wall","floor":13,"gold_loss":0}],"is_beta":false,"boss_relics":[{"not_picked":["ReplayTheSpireMod:DimensionalGlitch","Honey Jar"],"picked":"SlaversCollar"}],"items_purged_floors":[],"is_endless":false,"potions_floor_spawned":[1,18],"killed_by":"conspire:MimicChest","ascension_level":20}}