{"host":"kh6fvhxn285ncg0o","time":1609584995,"event":{"mods":["Act Like it!","BaseMod","Colored Map","Friendly Minions","Keyboard Shortcuts","Minty Spire (QoL Compilation)","Quick Restart","Relic Stats","StSLib","SuperFastMode"],"gold_per_floor":[116,130,141,141,66,107,123,141,164,176,247,309,370,422,434,539,551,604,379,379,304,304,362,362,391,436,436,436,492,492,541,541,645,645,687,734,809,315,359,407,407,407,407,448,503,503,549,604,604,634,664,664,664,2,33,33],"floor_reached":57,"playtime":3211,"items_purged":["WreathOfFlame","Consecrate+1","InnerPeace+1"],"score":3320,"play_id":"17fcb712-8c0c-4f80-98bb-9cf85720f95a","local_time":"20210102195635","is_ascension_mode":true,"campfire_choices":[{"data":"Eruption","floor":15,"key":"SMITH"},{"data":"Adaptation","floor":24,"key":"SMITH"},{"data":"MentalFortress","floor":28,"key":"SMITH"},{"data":"Wish","floor":30,"key":"SMITH"},{"data":"TalkToTheHand","floor":32,"key":"SMITH"},{"floor":41,"key":"RECALL"},{"floor":49,"key":"REST"},{"floor":53,"key":"REST"}],"circlet_count":0,"master_deck":["AscendersBane","Eruption+1","Vigilance+1","TalkToTheHand+1","SandsOfTime+1","MentalFortress+1","Wish+1","DeusExMachina+1","InnerPeace+1","EmptyFist+1","LessonLearned+1","EmptyMind+1","Establishment+1","Adaptation+1","Deep Breath+1","Tantrum+1"],"relics":["PureWater","NeowsBlessing","Bloody Idol","Matryoshka","Bag of Preparation","MawBank","Dream Catcher","MealTicket","Pandora\u0027s Box","Strawberry","Smiling Mask","Unceasing Top","Pen Nib","Vajra","Boot","Fusion Hammer","TungstenRod","Lizard Tail","Meat on the Bone","White Beast Statue","Thread and Needle","HandDrill","StrikeDummy","Oddly Smooth Stone"],"acts_visited":["Exordium","TheCity","TheBeyond","TheEnding"],"potions_floor_usage":[11,13,13,25,54,55,56,56],"damage_taken":[{"damage":0.0,"enemies":"Cultist","floor":1.0,"turns":1.0},{"damage":0.0,"enemies":"Small Slimes","floor":2.0,"turns":1.0},{"damage":0.0,"enemies":"2 Louse","floor":3.0,"turns":2.0},{"damage":0.0,"enemies":"Lagavulin","floor":6.0,"turns":4.0},{"damage":1.0,"enemies":"Red Slaver","floor":7.0,"turns":2.0},{"damage":9.0,"enemies":"Looter","floor":8.0,"turns":5.0},{"damage":30,"enemies":"3 Sentries","floor":11,"turns":4},{"damage":2,"enemies":"2 Fungi Beasts","floor":12,"turns":4},{"damage":10,"enemies":"Exordium Thugs","floor":13,"turns":8},{"damage":0,"enemies":"Lagavulin","floor":14,"turns":5},{"damage":4,"enemies":"Hexaghost","floor":16,"turns":7},{"damage":23,"enemies":"3 Byrds","floor":18,"turns":5},{"damage":10,"enemies":"Gremlin Leader","floor":23,"turns":6},{"damage":16,"enemies":"Book of Stabbing","floor":25,"turns":4},{"damage":0,"enemies":"Gremlin Leader","floor":29,"turns":3},{"damage":0,"enemies":"Spheric Guardian","floor":31,"turns":3},{"damage":12,"enemies":"Automaton","floor":33,"turns":3},{"damage":0,"enemies":"3 Darklings","floor":35,"turns":2},{"damage":0,"enemies":"3 Shapes","floor":36,"turns":3},{"damage":0,"enemies":"2 Orb Walkers","floor":37,"turns":3},{"damage":19,"enemies":"Jaw Worm Horde","floor":39,"turns":3},{"damage":0,"enemies":"Spire Growth","floor":40,"turns":3},{"damage":0,"enemies":"Maw","floor":44,"turns":3},{"damage":0,"enemies":"Giant Head","floor":45,"turns":2},{"damage":0,"enemies":"Jaw Worm Horde","floor":47,"turns":2},{"damage":0,"enemies":"Mind Bloom Boss Battle","floor":48,"turns":2},{"damage":0,"enemies":"Time Eater","floor":50,"turns":5},{"damage":0,"enemies":"Donu and Deca","floor":51,"turns":3},{"damage":0,"enemies":"Shield and Spear","floor":55,"turns":3},{"damage":28,"enemies":"The Heart","floor":56,"turns":7}],"seed_played":"-1187710191971811740","potions_obtained":[{"floor":1.0,"key":"LiquidMemories"},{"floor":2.0,"key":"Fire Potion"},{"floor":6.0,"key":"LiquidMemories"},{"floor":8.0,"key":"EntropicBrew"},{"floor":18,"key":"FearPotion"},{"floor":27,"key":"BottledMiracle"},{"floor":27,"key":"EssenceOfSteel"},{"floor":29,"key":"Block Potion"},{"floor":33,"key":"SteroidPotion"},{"floor":40,"key":"PowerPotion"},{"floor":55,"key":"DistilledChaos"}],"is_trial":false,"path_per_floor":["M","M","M","?","?","E","M","M","T","?","E","M","M","E","R","B",null,"M","$","?","?","?","E","R","E","T","?","R","E","R","M","R","B",null,"M","M","?","$","M","M","R","T","T","M","E","?","M","?","R","B","B",null,"R","$","E","B",null],"character_chosen":"WATCHER","items_purchased":["Strawberry","Lizard Tail","Deep Breath","Fruit Juice","LiquidMemories","HandDrill","StrikeDummy"],"campfire_rested":2,"item_purchase_floors":[19,38,38,54,54,54,54],"current_hp_per_floor":[61,61,61,61,61,61,60,51,51,51,21,19,9,9,9,5,48,25,47,47,47,47,47,47,36,41,41,41,51,51,61,61,59,67,69,69,69,69,60,69,69,69,69,69,69,69,69,69,69,69,69,69,69,74,74,46],"gold":33,"neow_bonus":"THREE_ENEMY_KILL","is_daily":false,"chose_seed":false,"campfire_upgraded":5,"win_rate":0.0,"timestamp":1609584995,"path_taken":["M","?","M","?","?","E","M","M","T","?","E","M","M","E","R","BOSS","M","$","?","?","?","E","R","E","T","?","R","E","R","?","R","BOSS","M","M","?","$","M","M","R","?","T","M","E","?","?","?","R","BOSS","BOSS","R","$","E","BOSS"],"items_purchased_type":["Relic","Relic","Card","Potion","Potion","Relic","Relic"],"build_version":"2020-12-22","purchased_purges":3,"victory":true,"max_hp_per_floor":[68,68,68,62,62,62,62,62,62,62,62,62,62,62,62,62,62,62,69,69,69,69,69,69,69,69,69,69,69,69,69,69,69,69,69,69,69,69,69,69,69,69,69,69,69,69,69,69,69,69,69,69,69,74,74,74],"relic_stats":{"counters":[30,108],"Pen Nib":[24],"Bag of Preparation":[51],"MawBank":120,"Smiling Mask":125,"Boot":[210],"Dream Catcher":2,"Lizard Tail":0,"Bloody Idol":71,"MealTicket":15,"Pandora\u0027s Box":["InnerPeace","Consecrate","EmptyMind","SandsOfTime","WreathOfFlame","Establishment"],"HandDrill":[4],"obtain_stats":[{"Vajra":26,"Bag of Preparation":9,"Smiling Mask":23,"Boot":29,"Dream Catcher":11,"Lizard Tail":38,"Matryoshka":6,"Strawberry":19,"MealTicket":14,"Fusion Hammer":34,"HandDrill":54,"NeowsBlessing":0,"Golden Idol":4,"Oddly Smooth Stone":55,"Thread and Needle":48,"Pen Nib":26,"MawBank":9,"White Beast Statue":45,"Bloody Idol":20,"Pandora\u0027s Box":17,"PureWater":0,"StrikeDummy":54,"Unceasing Top":25,"TungstenRod":37,"Meat on the Bone":43},{"Vajra":14,"Bag of Preparation":6,"Smiling Mask":13,"Boot":15,"Dream Catcher":7,"Lizard Tail":20,"Matryoshka":4,"Strawberry":12,"MealTicket":10,"Fusion Hammer":17,"HandDrill":28,"NeowsBlessing":0,"Golden Idol":3,"Oddly Smooth Stone":29,"Thread and Needle":26,"Pen Nib":14,"MawBank":6,"White Beast Statue":24,"Bloody Idol":12,"Pandora\u0027s Box":11,"PureWater":0,"StrikeDummy":28,"Unceasing Top":14,"TungstenRod":20,"Meat on the Bone":22},{"Vajra":58,"Bag of Preparation":15,"Smiling Mask":54,"Boot":61,"Dream Catcher":19,"Lizard Tail":75,"Matryoshka":8,"Strawberry":48,"MealTicket":36,"Fusion Hammer":67,"HandDrill":98,"NeowsBlessing":0,"Golden Idol":4,"Oddly Smooth Stone":101,"Thread and Needle":90,"Pen Nib":58,"MawBank":15,"White Beast Statue":86,"Bloody Idol":48,"Pandora\u0027s Box":43,"PureWater":0,"StrikeDummy":98,"Unceasing Top":58,"TungstenRod":75,"Meat on the Bone":81}],"Unceasing Top":[0],"TungstenRod":4,"Meat on the Bone":0},"card_choices":[{"not_picked":["Nirvana","Protect"],"picked":"TalkToTheHand","floor":1.0},{"not_picked":["Consecrate","Prostrate"],"picked":"SandsOfTime","floor":3.0},{"not_picked":["FlyingSleeves","ReachHeaven"],"picked":"MentalFortress","floor":6.0},{"not_picked":["Protect","LikeWater"],"picked":"Wish","floor":8.0},{"not_picked":["LikeWater","SashWhip"],"picked":"InnerPeace","floor":11},{"not_picked":["FlyingSleeves","JustLucky"],"picked":"EmptyFist","floor":12},{"not_picked":["Crescendo","Protect","Consecrate"],"picked":"SKIP","floor":14},{"not_picked":["Wish","Vault"],"picked":"LessonLearned","floor":16},{"not_picked":["FlyingSleeves","MentalFortress","EmptyFist+1"],"picked":"SKIP","floor":18},{"not_picked":["Consecrate+1","CrushJoints","ForeignInfluence"],"picked":"SKIP","floor":23},{"not_picked":["LikeWater","CutThroughFate+1","CrushJoints"],"picked":"SKIP","floor":25},{"not_picked":["CutThroughFate","LessonLearned","ForeignInfluence"],"picked":"SKIP","floor":29},{"not_picked":["ThirdEye+1","PathToVictory","FollowUp+1"],"picked":"SKIP","floor":31},{"not_picked":["Consecrate","Crescendo","Evaluate+1"],"picked":"SKIP","floor":35},{"not_picked":["Consecrate","BattleHymn+1","Swivel+1"],"picked":"SKIP","floor":36},{"not_picked":["Prostrate","Study","EmptyMind+1"],"picked":"SKIP","floor":39},{"not_picked":["Protect+1","Fasting2+1","FlyingSleeves"],"picked":"SKIP","floor":40},{"not_picked":["Conclude+1","CrushJoints+1","Fasting2"],"picked":"SKIP","floor":44},{"not_picked":["Vengeance","FlurryOfBlows"],"picked":"Tantrum+1","floor":45},{"not_picked":["PathToVictory","BowlingBash","MasterReality"],"picked":"SKIP","floor":47},{"not_picked":["Vengeance","SashWhip","ConjureBlade"],"picked":"SKIP","floor":55}],"player_experience":3349167,"relics_obtained":[{"floor":6.0,"key":"Matryoshka"},{"floor":9.0,"key":"Bag of Preparation"},{"floor":9.0,"key":"MawBank"},{"floor":11,"key":"Dream Catcher"},{"floor":14,"key":"MealTicket"},{"floor":23,"key":"Smiling Mask"},{"floor":25,"key":"Unceasing Top"},{"floor":26,"key":"Pen Nib"},{"floor":26,"key":"Vajra"},{"floor":29,"key":"Boot"},{"floor":37,"key":"TungstenRod"},{"floor":43,"key":"Meat on the Bone"},{"floor":45,"key":"White Beast Statue"},{"floor":48,"key":"Thread and Needle"},{"floor":55,"key":"Oddly Smooth Stone"}],"event_choices":[{"damage_healed":0.0,"max_hp_gain":0.0,"max_hp_loss":6.0,"gold_gain":0.0,"event_name":"Golden Idol","player_choice":"Lose Max HP","floor":4.0,"gold_loss":0.0,"damage_taken":0.0,"relics_obtained":["Golden Idol"]},{"cards_removed":["Defend_P"],"damage_healed":0.0,"max_hp_gain":0.0,"max_hp_loss":0.0,"gold_gain":0.0,"event_name":"The Cleric","player_choice":"Card Removal","floor":5.0,"gold_loss":75.0,"damage_taken":0.0},{"damage_healed":0.0,"max_hp_gain":0.0,"max_hp_loss":0.0,"gold_gain":0.0,"cards_transformed":["Strike_P"],"event_name":"Transmorgrifier","player_choice":"Transformed","floor":10.0,"gold_loss":0.0,"damage_taken":0.0,"cards_obtained":["DeusExMachina"]},{"damage_healed":0,"gold_gain":0,"player_choice":"Gave Idol","damage_taken":0,"relics_obtained":["Bloody Idol"],"max_hp_gain":0,"max_hp_loss":0,"event_name":"Forgotten Altar","floor":20,"relics_lost":["Golden Idol"],"gold_loss":0},{"cards_removed":["SandsOfTime"],"damage_healed":0,"gold_gain":0,"player_choice":"Gave Gold","damage_taken":0,"max_hp_gain":0,"max_hp_loss":0,"event_name":"Beggar","floor":21,"gold_loss":75},{"damage_healed":0,"gold_gain":0,"player_choice":"Read","damage_taken":0,"max_hp_gain":0,"max_hp_loss":0,"event_name":"The Library","floor":22,"gold_loss":0,"cards_obtained":["Adaptation"]},{"damage_healed":0,"gold_gain":0,"player_choice":"Got Potions","damage_taken":0,"max_hp_gain":0,"max_hp_loss":0,"event_name":"Lab","floor":27,"gold_loss":0},{"damage_healed":0,"gold_gain":0,"player_choice":"Fight","damage_taken":0,"max_hp_gain":0,"max_hp_loss":0,"event_name":"Mysterious Sphere","floor":37,"gold_loss":0},{"damage_healed":0,"gold_gain":0,"player_choice":"0 cards matched","damage_taken":0,"max_hp_gain":0,"max_hp_loss":0,"event_name":"Match and Keep!","floor":46,"gold_loss":0,"cards_obtained":[]},{"damage_healed":0,"gold_gain":0,"player_choice":"Fight","damage_taken":0,"max_hp_gain":0,"max_hp_loss":0,"event_name":"MindBloom","floor":48,"gold_loss":0}],"is_beta":false,"boss_relics":[{"not_picked":["VioletLotus","Astrolabe"],"picked":"Pandora\u0027s Box"},{"not_picked":["Busted Crown","SlaversCollar"],"picked":"Fusion Hammer"}],"items_purged_floors":[19,38,54],"is_endless":false,"potions_floor_spawned":[1,2,6,8,18,29,33,40,44,47,48,55],"ascension_level":20}}