{"host":"rmsq46plbpwfbxcc","time":1609588268,"event":{"mods":["AchievementEnabler","BaseMod","Colored Map","Colored Powertips","DeckTracker","KOR Keyword Fix","Minty Spire (QoL Compilation)","Permanent Neow","Quick Restart","SuperFastMode"],"gold_per_floor":[116,132,149,149,6,33,33,67,67,85,99,99,110,122,122,221,221,237,45,45,59,79,113,113,146,146,146,180,180,207,237,237,237,237],"floor_reached":33,"playtime":1061,"items_purged":["Strike_G"],"score":456,"play_id":"7f53ce28-6463-4a79-8df5-a7462e39cfa8","local_time":"20210102205108","is_ascension_mode":true,"campfire_choices":[{"data":"Neutralize","floor":7.0,"key":"SMITH"},{"data":"Footwork","floor":12.0,"key":"SMITH"},{"data":"Blade Dance","floor":15.0,"key":"SMITH"},{"data":"After Image","floor":24.0,"key":"SMITH"},{"data":"Accuracy","floor":27,"key":"SMITH"},{"data":"Choke","floor":29,"key":"SMITH"},{"data":"Envenom","floor":32,"key":"SMITH"}],"circlet_count":0,"master_deck":["Strike_G","Strike_G","Strike_G","Strike_G","Defend_G","Defend_G","Defend_G","Defend_G","Defend_G","Survivor","Neutralize+1","Accuracy+1","Escape Plan","Choke+1","Footwork+1","Blade Dance+1","After Image+1","Decay","Infinite Blades","PiercingWail","PiercingWail","Envenom+1"],"relics":["Black Star","Lantern","Bag of Preparation","Ice Cream","Pear","Bag of Marbles","Gremlin Horn","Coffee Dripper","Membership Card","Bronze Scales","Smiling Mask","Anchor","Bottled Tornado","Singing Bowl","Ancient Tea Set","Thread and Needle","Boot","Red Mask"],"acts_visited":["Exordium","TheCity"],"potions_floor_usage":[],"damage_taken":[{"damage":0.0,"enemies":"Cultist","floor":1.0,"turns":4.0},{"damage":4.0,"enemies":"Jaw Worm","floor":2.0,"turns":6.0},{"damage":0.0,"enemies":"2 Louse","floor":3.0,"turns":3.0},{"damage":47.0,"enemies":"Gremlin Nob","floor":6.0,"turns":6.0},{"damage":10.0,"enemies":"3 Sentries","floor":8.0,"turns":10.0},{"damage":0.0,"enemies":"Looter","floor":10.0,"turns":1.0},{"damage":0.0,"enemies":"Large Slime","floor":11.0,"turns":5.0},{"damage":0.0,"enemies":"Lots of Slimes","floor":13.0,"turns":2.0},{"damage":0.0,"enemies":"Looter","floor":14.0,"turns":1.0},{"damage":8.0,"enemies":"Hexaghost","floor":16.0,"turns":9.0},{"damage":0.0,"enemies":"3 Byrds","floor":18.0,"turns":4.0},{"damage":11.0,"enemies":"2 Thieves","floor":21.0,"turns":4.0},{"damage":8.0,"enemies":"Cultist and Chosen","floor":22.0,"turns":6.0},{"damage":26.0,"enemies":"Slavers","floor":23.0,"turns":6.0},{"damage":0,"enemies":"Gremlin Leader","floor":25,"turns":8},{"damage":0,"enemies":"Slavers","floor":28,"turns":4},{"damage":6,"enemies":"Masked Bandits","floor":31,"turns":4},{"damage":26,"enemies":"Collector","floor":33,"turns":6}],"seed_played":"5129374518771440440","potions_obtained":[{"floor":1.0,"key":"Ancient Potion"},{"floor":4.0,"key":"Strength Potion"},{"floor":4.0,"key":"Dexterity Potion"},{"floor":4.0,"key":"EssenceOfSteel"},{"floor":6.0,"key":"Weak Potion"},{"floor":10.0,"key":"AttackPotion"},{"floor":14.0,"key":"Weak Potion"},{"floor":18.0,"key":"Weak Potion"},{"floor":28,"key":"SmokeBomb"}],"is_trial":false,"path_per_floor":["M","M","M","?","$","E","R","E","T","M","M","R","M","M","R","B",null,"M","$","?","M","M","E","R","E","T","R","E","R","T","?","R","B"],"character_chosen":"THE_SILENT","items_purchased":["Lantern","Membership Card"],"campfire_rested":0,"item_purchase_floors":[5,19],"current_hp_per_floor":[70,66,66,66,66,19,19,19,19,19,19,19,19,19,19,11,63,63,63,63,52,44,18,18,18,18,18,20,20,20,14,14,0,0],"gold":237,"neow_bonus":"BOSS_RELIC","is_daily":false,"chose_seed":false,"campfire_upgraded":7,"win_rate":0.0,"timestamp":1609588268,"path_taken":["M","M","M","?","$","E","R","E","T","M","M","R","?","M","R","BOSS","M","$","?","?","?","E","R","E","T","R","E","R","?","?","R","BOSS"],"items_purchased_type":["Relic","Relic"],"build_version":"2020-12-22","purchased_purges":1,"victory":false,"max_hp_per_floor":[70,70,70,70,70,70,70,80,80,80,80,80,80,80,80,80,80,80,80,80,80,80,80,80,80,80,80,82,82,82,82,82,82,82],"card_choices":[{"not_picked":["Quick Slash","Expertise"],"picked":"Accuracy","floor":1.0},{"not_picked":["Expertise","Reflex"],"picked":"Escape Plan","floor":2.0},{"not_picked":["Skewer","Eviscerate","Underhanded Strike"],"picked":"SKIP","floor":3.0},{"not_picked":["Underhanded Strike","Crippling Poison"],"picked":"Choke","floor":6.0},{"not_picked":["Die Die Die","Prepared"],"picked":"Footwork","floor":8.0},{"not_picked":["Flying Knee","Heel Hook","Noxious Fumes"],"picked":"SKIP","floor":10.0},{"not_picked":["Deflect","Masterful Stab","Dagger Throw"],"picked":"SKIP","floor":11.0},{"not_picked":["Escape Plan","Outmaneuver"],"picked":"Blade Dance","floor":13.0},{"not_picked":["Reflex","Bouncing Flask","Bane"],"picked":"SKIP","floor":14.0},{"not_picked":["Burst","A Thousand Cuts"],"picked":"After Image","floor":16.0},{"not_picked":["Deadly Poison","Sucker Punch+1","All Out Attack"],"picked":"SKIP","floor":18.0},{"not_picked":["Dodge and Roll+1","Bouncing Flask+1"],"picked":"Infinite Blades","floor":21.0},{"not_picked":["Setup","Dodge and Roll","Prepared"],"picked":"SKIP","floor":22.0},{"not_picked":["Underhanded Strike","Infinite Blades"],"picked":"PiercingWail","floor":23.0},{"not_picked":["Blade Dance","Dagger Throw"],"picked":"PiercingWail","floor":25},{"not_picked":["Expertise+1","Backflip","Crippling Poison+1"],"picked":"Singing Bowl","floor":28},{"not_picked":["Infinite Blades","Eviscerate"],"picked":"Envenom","floor":31}],"player_experience":646826,"relics_obtained":[{"floor":6.0,"key":"Bag of Preparation"},{"floor":6.0,"key":"Ice Cream"},{"floor":8.0,"key":"Pear"},{"floor":8.0,"key":"Bag of Marbles"},{"floor":9.0,"key":"Gremlin Horn"},{"floor":23.0,"key":"Bronze Scales"},{"floor":23.0,"key":"Smiling Mask"},{"floor":25,"key":"Anchor"},{"floor":25,"key":"Bottled Tornado"},{"floor":26,"key":"Singing Bowl"},{"floor":28,"key":"Ancient Tea Set"},{"floor":28,"key":"Thread and Needle"},{"floor":30,"key":"Boot"},{"floor":31,"key":"Red Mask"}],"event_choices":[{"damage_healed":0.0,"max_hp_gain":0.0,"max_hp_loss":0.0,"gold_gain":0.0,"event_name":"Lab","player_choice":"Got Potions","floor":4.0,"gold_loss":0.0,"damage_taken":0.0},{"damage_healed":0.0,"max_hp_gain":0.0,"max_hp_loss":0.0,"gold_gain":0.0,"event_name":"Wheel of Change","player_choice":"Cursed","floor":20.0,"gold_loss":0.0,"damage_taken":0.0,"cards_obtained":["Decay"]},{"damage_healed":0,"gold_gain":0,"player_choice":"Fought Bandits","damage_taken":0,"max_hp_gain":0,"max_hp_loss":0,"event_name":"Masked Bandits","floor":31,"gold_loss":0}],"is_beta":false,"boss_relics":[{"not_picked":["Tiny House","Astrolabe"],"picked":"Coffee Dripper"}],"items_purged_floors":[19],"is_endless":false,"potions_floor_spawned":[1,6,10,11,14,18,28],"killed_by":"Collector","ascension_level":5}}