{"host":"kl3udm1gvauizrd7","time":1609625791,"event":{"mods":["AchievementEnabler","Act Like it!","Aspiration","BaseMod","Better Altar","Better Match","Better Note","Better Sensory Stone","Better Skull","Better Third Choice","BetterRewards","CCEM","Clawfect","Colored Map","Conspire","Downfall","GifTheSpireLib","Googly Eyes","Halation","Hallownest","Hermit","Highlight Path","Hubris","Hunter ??","Infinite Spire","Jedi Mod","Jorbs\u0027s Wanderer Trilogy","Marisa????????","Minty Spire (QoL Compilation)","Permanent Neow","Replay The Spire","Shop Mod","Spicy Shops","StSLib","Stuff the Spire","The Administrix","The Bug Knight","The Gatherer","The Necromancer","The Servant 0.9.4","Unceasing Turn Reminder","everything is the same but u backflip on backflip","slay the spire mod where everything is the same but ironclad has a cowboy hat"],"gold_per_floor":[114,114,114,39,57,69,86,101,101,135,135,135,170,189,189,294,294,309,320,360,374,81,110,156,167,193,213,240,240,250,270,270,368,368,383,402,402,317,328,328,328,328,328,348,361,378,0,18,18,18],"floor_reached":51,"playtime":3448,"items_purged":[],"score":764,"play_id":"6054e3c7-780d-47f4-9998-e57b1b4e0b37","local_time":"20210102171631","is_ascension_mode":false,"campfire_choices":[{"data":"expansioncontent:Chronoboost","floor":12,"key":"SMITH"},{"data":"HollowMod:MantisMark","floor":12,"key":"SMITH"},{"data":"HollowMod:MantisMark","floor":15,"key":"SMITH"},{"data":"HollowMod:VoidDash","floor":15,"key":"SMITH"},{"data":"HollowMod:LordofShades","floor":32,"key":"SMITH"},{"data":"HollowMod:BlackTendrils","floor":32,"key":"SMITH"},{"data":"infinitespire:FutureSight","floor":40,"key":"SMITH"},{"data":"Hallownest:skillKingdomsEdgeMap","floor":40,"key":"SMITH"},{"data":"HollowMod:BlackTendrils","floor":42,"key":"SMITH"},{"data":"HollowMod:SharpenedShadows","floor":42,"key":"SMITH"},{"data":"HollowMod:BlackTendrils","floor":49,"key":"SMITH"},{"data":"HollowMod:BlackTendrils","floor":49,"key":"SMITH"}],"circlet_count":0,"master_deck":["HollowMod:PogoStrike","HollowMod:BlackTendrils+1","HollowMod:BlackTendrils+1","HollowMod:BlackTendrils+1","HollowMod:BlackTendrils+1","HollowMod:VoidDash+1","HollowMod:ShadowDash","HollowMod:ShadowDash","HollowMod:ShadowDash","HollowMod:ShadowDash","expansioncontent:Chronoboost+1","HollowMod:MantisMark+1","HollowMod:DescendingDark","HollowMod:MantisMark+1","HollowMod:SoulMaster","HollowMod:MantisMark+1","HollowMod:ShadowDash","HollowMod:DescendingDark","HollowMod:LordofShades+1","HollowMod:SharpenedShadows+1","HollowMod:ShapeofUnn+1","HollowMod:BlackTendrils+1","Decay","infinitespire:FutureSight+1","HollowMod:WraithStrike","Hallownest:skillKingdomsEdgeMap+1"],"relics":["HollowMod:VoidIdolRelic","aspiration:Nostalgia","sneckomod:SneckoSoul","Replay:Arrowhead","Regal Pillow","aspiration:TomeofQuesting","Hallownest:DreamNailRelic","hubris:SphereOfDissonance","SacredBark","Dream Catcher","PreservedInsect","Orichalcum","Happy Flower","ReplayTheSpireMod:SealedPack","Hallownest:BeastSealRelic","Toxic Egg 2","ReplayTheSpireMod:EnergyBall"],"acts_visited":["Hallownest:Greenpath","Hallownest:CityofTears","Hallownest:KingdomsEdge"],"potions_floor_usage":[28,33,33,33,48],"damage_taken":[{"damage":4,"enemies":"Hallownest:2_Tiktiks_and_1_Crawlid","floor":1,"turns":2},{"damage":0,"enemies":"Hallownest:monsterHuskGuard","floor":5,"turns":3},{"damage":8,"enemies":"2_ Uuma","floor":6,"turns":2},{"damage":2,"enemies":"Hallownest:monsterFoolEater","floor":7,"turns":3},{"damage":0,"enemies":"Hallownest:MossCreep_and_Mosskin","floor":8,"turns":3},{"damage":0,"enemies":"Hallownest:eliteMossKnight","floor":10,"turns":4},{"damage":3,"enemies":"Hallownest:eliteVengeflyKing","floor":13,"turns":3},{"damage":0,"enemies":"Hallownest:Guard_and_Warrior","floor":14,"turns":2},{"damage":4,"enemies":"Hallownest:BossBrokenVessel","floor":16,"turns":5},{"damage":0,"enemies":"Hallownest:3_Youths","floor":18,"turns":4},{"damage":6,"enemies":"Hallownest:2_Mistakes","floor":19,"turns":4},{"damage":7,"enemies":"conspire:MimicChest","floor":20,"turns":4},{"damage":9,"enemies":"Hallownest:monsterShrumalOgre","floor":21,"turns":3},{"damage":22,"enemies":"Hallownest:eliteWatcherKnight","floor":23,"turns":8},{"damage":38,"enemies":"Hallownest:Glutton_and_Coward","floor":24,"turns":3},{"damage":20,"enemies":"Hallownest:2_Flukemon","floor":25,"turns":3},{"damage":11,"enemies":"Hallownest:3_Mistakes","floor":27,"turns":2},{"damage":0,"enemies":"Hallownest:Glutton_and_Coward","floor":28,"turns":3},{"damage":8,"enemies":"Hallownest:monsterMisterMushroom","floor":30,"turns":5},{"damage":8,"enemies":"Hallownest:2_Flukemon","floor":31,"turns":4},{"damage":52,"enemies":"Hallownest:BossMantisLord","floor":33,"turns":6},{"damage":47,"enemies":"Hallownest:3_Siblings","floor":35,"turns":5},{"damage":19,"enemies":"Hallownest:2_Littles","floor":36,"turns":3},{"damage":27,"enemies":"Hallownest:Xero_Hu_Marmu","floor":39,"turns":5},{"damage":12,"enemies":"Hallownest:Shield_Sturdy","floor":44,"turns":3},{"damage":7,"enemies":"Hallownest:2_Great","floor":45,"turns":5},{"damage":4,"enemies":"Hallownest:Xero_Hu_Marmu","floor":46,"turns":4},{"damage":0,"enemies":"Hallownest:2_Soldiers_and_1_Guardian","floor":48,"turns":3},{"damage":16,"enemies":"Hallownest:BossGreyPrinceZote","floor":50,"turns":6}],"seed_played":"-4010267119225212986","potions_obtained":[{"floor":7,"key":"Dexterity Potion"},{"floor":10,"key":"Weak Potion"},{"floor":13,"key":"champ:CounterPotion"},{"floor":19,"key":"AttackPotion"},{"floor":24,"key":"jedi:holywater"},{"floor":27,"key":"Energy Potion"},{"floor":31,"key":"Weak Potion"},{"floor":44,"key":"jedi:holywater"},{"floor":45,"key":"BlessingOfTheForge"},{"floor":46,"key":"DistilledChaos"}],"is_trial":false,"path_per_floor":["M","?","T","?","M","M","M","M","T","E","?","R","?","M","R","B",null,"M","M","?","M","$","E","M","M","T","M","M","?","M","M","R","B",null,"M","M","?","?","M","R","?","R","T","M","M","M","?","M","R","B",null],"character_chosen":"THE_BUGKNIGHT","items_purchased":["HollowMod:LordofShades","PreservedInsect"],"campfire_rested":0,"item_purchase_floors":[22,22],"current_hp_per_floor":[75,75,75,75,75,75,75,75,75,75,75,75,75,75,75,75,75,75,69,75,75,75,75,40,24,24,24,59,63,75,75,75,75,75,75,75,75,75,75,75,75,75,75,75,75,75,75,75,75,75],"gold":18,"neow_bonus":"NOSTALGIA","is_daily":false,"chose_seed":false,"campfire_upgraded":12,"win_rate":0.0,"timestamp":1609625791,"path_taken":["M","?","?","?","M","?","M","M","T","E","?","R","?","M","R","BOSS","M","M","?","M","?","E","?","M","T","?","M","?","M","M","R","BOSS","M","?","?","?","M","R","?","R","T","M","M","?","?","M","R","BOSS"],"items_purchased_type":["Card","Relic"],"build_version":"2020-12-22","purchased_purges":0,"victory":true,"max_hp_per_floor":[75,75,75,75,75,75,75,75,75,75,75,75,75,75,75,75,75,75,75,75,75,75,75,75,75,75,75,75,75,75,75,75,75,75,75,75,75,75,75,75,75,75,75,75,75,75,75,75,75,75],"card_choices":[{"not_picked":["HollowMod:NewJinnsSoul","HollowMod:CrystalDash","HollowMod:SiblingsSouls"],"picked":"SKIP","floor":1},{"not_picked":["Purity","Replay:Parry"],"picked":"expansioncontent:Chronoboost","floor":2},{"not_picked":["HollowMod:FallenFury","HollowMod:MonarchWings"],"picked":"HollowMod:MantisMark","floor":4},{"not_picked":["HollowMod:SharpenedNail","HollowMod:InfectedAttack"],"picked":"HollowMod:DescendingDark","floor":5},{"not_picked":["HollowMod:Grubsong","HollowMod:HowlingWraiths","HollowMod:SoulSplash"],"picked":"SKIP","floor":6},{"not_picked":["HollowMod:RecoilStrike","HollowMod:ChannelNail"],"picked":"HollowMod:MantisMark","floor":7},{"not_picked":["HollowMod:BlackTendrils","HollowMod:InfectedAttack","HollowMod:MonarchWings"],"picked":"SKIP","floor":8},{"not_picked":["HollowMod:SoulShaman","HollowMod:CornifersMapStart","HollowMod:HowlingWraiths"],"picked":"SKIP","floor":10},{"not_picked":["HollowMod:AbyssShriek","HollowMod:TaintedHusks","HollowMod:GoodIntentions"],"picked":"SKIP","floor":13},{"not_picked":["HollowMod:BrokenVessel","HollowMod:PureNailStrike","HollowMod:InfectedCysts"],"picked":"SKIP","floor":14},{"not_picked":["HollowMod:LifebloodCore","HollowMod:ElderbugsWisdom"],"picked":"HollowMod:SoulMaster","floor":16},{"not_picked":["HollowMod:SoulStrike","HollowMod:SharpenedNail"],"picked":"HollowMod:MantisMark+1","floor":18},{"not_picked":["HollowMod:LifebloodCocoon","HollowMod:DungDefenderAura+1"],"picked":"HollowMod:ShadowDash","floor":19},{"not_picked":["HollowMod:ChannelNail","HollowMod:SharpenedNail"],"picked":"HollowMod:DescendingDark","floor":20},{"not_picked":["HollowMod:SharpenedNail","HollowMod:ShadowDash","HollowMod:HeavyBlow"],"picked":"SKIP","floor":21},{"not_picked":["HollowMod:ShadowDash","HollowMod:ElderbugsWisdom"],"picked":"HollowMod:SharpenedShadows","floor":23},{"not_picked":["HollowMod:SoulEater","HollowMod:CloakDash"],"picked":"HollowMod:ShapeofUnn+1","floor":24},{"not_picked":["HollowMod:DesolateDive","HollowMod:HowlingWraiths+1","HollowMod:FallenFury"],"picked":"SKIP","floor":25},{"not_picked":["HollowMod:VengefulSpirit","HollowMod:ChannelNail+1"],"picked":"HollowMod:BlackTendrils+1","floor":27},{"not_picked":["HollowMod:BrokenVessel","HollowMod:CornifersMapStart","HollowMod:SharpenedNail"],"picked":"SKIP","floor":28},{"not_picked":["HollowMod:TaintedHusks","HollowMod:CycloneSlash","HollowMod:DoubleDash"],"picked":"SKIP","floor":30},{"not_picked":["HollowMod:CoiledNail+1","HollowMod:SharpenedShadows","HollowMod:LifebloodCocoon"],"picked":"SKIP","floor":31},{"not_picked":["infinitespire:TheBestDefense","ReplayTheSpireMod:Black Plague"],"picked":"infinitespire:FutureSight","floor":34},{"not_picked":["HollowMod:ShadowDash+1","HollowMod:ChannelNail+1","HollowMod:QuirrelsAssistance+1"],"picked":"SKIP","floor":35},{"not_picked":["HollowMod:CloakDash","HollowMod:InfectedCysts"],"picked":"HollowMod:WraithStrike","floor":36},{"not_picked":["HollowMod:theNailsmith","HollowMod:InfectedAttack+1","HollowMod:CloakDash+1"],"picked":"SKIP","floor":39},{"not_picked":["HollowMod:ChannelNail+1","HollowMod:SharpenedNail","HollowMod:GrimmsGift+1"],"picked":"SKIP","floor":44},{"not_picked":["HollowMod:DoubleDash+1","HollowMod:VengefulSpirit+1","HollowMod:CloakDash+1"],"picked":"SKIP","floor":45},{"not_picked":["HollowMod:AbyssShriek+1","HollowMod:LifebloodCocoon+1","HollowMod:DesolateDive+1"],"picked":"SKIP","floor":46},{"not_picked":["HollowMod:SharpenedNail","HollowMod:AbyssShriek","HollowMod:CrystalDash+1"],"picked":"SKIP","floor":48}],"player_experience":15846,"relics_obtained":[{"floor":3,"key":"Replay:Arrowhead"},{"floor":9,"key":"Regal Pillow"},{"floor":10,"key":"aspiration:TomeofQuesting"},{"floor":13,"key":"hubris:SphereOfDissonance"},{"floor":20,"key":"Dream Catcher"},{"floor":23,"key":"Orichalcum"},{"floor":26,"key":"Happy Flower"},{"floor":43,"key":"Toxic Egg 2"}],"event_choices":[{"damage_healed":0,"gold_gain":1,"player_choice":"1","damage_taken":0,"max_hp_gain":0,"max_hp_loss":0,"event_name":"betterStone:BetterStone","floor":2,"gold_loss":0},{"damage_healed":0,"gold_gain":0,"player_choice":"1","damage_taken":0,"max_hp_gain":0,"max_hp_loss":0,"event_name":"betterMatch:BetterMatch","floor":4,"gold_loss":0,"cards_obtained":["betterMatch:UncommonCard","betterMatch:CommonCard","betterMatch:RareCard"]},{"damage_healed":4,"gold_gain":0,"player_choice":"LEAVE ","damage_taken":0,"relics_obtained":[],"max_hp_gain":0,"max_hp_loss":0,"event_name":"betterSkull:BetterSkull","floor":29,"gold_loss":0,"cards_upgraded":[]}],"is_beta":false,"boss_relics":[{"not_picked":["Velvet Choker","aspiration:RunicSpoon"],"picked":"SacredBark"},{"not_picked":["hubris:RunicObelisk","Ring of Chaos"],"picked":"ReplayTheSpireMod:SealedPack"}],"items_purged_floors":[],"is_endless":false,"potions_floor_spawned":[7,10,13,19,20,24,25,27,31,44,45,46],"ascension_level":0}}