{"host":"w9yruvs4bqht6bhw","time":1609624134,"event":{"mods":["BaseMod","Colored Powertips","Minty Spire (QoL Compilation)"],"gold_per_floor":[114,64,84,98,108,108,140,13,91,111,146,146,146,175,175,273,273,292,292,292,292,292],"floor_reached":21,"playtime":504,"items_purged":["Strike_R"],"score":266,"play_id":"26344aa7-1448-4582-a7f0-546699ea5503","local_time":"20210102164854","is_ascension_mode":true,"campfire_choices":[{"data":"Flex","floor":6,"key":"SMITH"},{"data":"Clash","floor":12,"key":"SMITH"},{"floor":15,"key":"REST"}],"circlet_count":0,"master_deck":["Strike_R","Strike_R","Strike_R","Strike_R","Defend_R","Defend_R","Bash","Flex+1","Iron Wave","Cleave","Spot Weakness","Clash+1","Iron Wave","Clothesline","Demon Form+1","Fiend Fire"],"relics":["Burning Blood","NeowsBlessing","Turnip","Frozen Egg 2","MealTicket","Blood Vial","SacredBark"],"acts_visited":["Exordium","TheCity"],"potions_floor_usage":[7,7,16],"damage_taken":[{"damage":0,"enemies":"Jaw Worm","floor":1,"turns":1},{"damage":0,"enemies":"Small Slimes","floor":3,"turns":1},{"damage":0,"enemies":"2 Louse","floor":4,"turns":1},{"damage":18,"enemies":"Red Slaver","floor":5,"turns":3},{"damage":10,"enemies":"3 Sentries","floor":7,"turns":5},{"damage":2,"enemies":"Looter","floor":10,"turns":4},{"damage":13,"enemies":"Gremlin Nob","floor":11,"turns":3},{"damage":25,"enemies":"Lagavulin","floor":14,"turns":4},{"damage":39,"enemies":"The Guardian","floor":16,"turns":8},{"damage":33,"enemies":"Spheric Guardian","floor":18,"turns":4},{"damage":32,"enemies":"Shell Parasite","floor":21,"turns":6}],"seed_played":"-7820405354806483748","potions_obtained":[{"floor":4,"key":"Swift Potion"},{"floor":5,"key":"SpeedPotion"},{"floor":11,"key":"ElixirPotion"}],"is_trial":false,"path_per_floor":["M","?","M","M","M","R","E","$","T","M","E","R","?","E","R","B",null,"M","?","?","M"],"character_chosen":"IRONCLAD","items_purchased":["Dexterity Potion"],"campfire_rested":1,"item_purchase_floors":[8],"current_hp_per_floor":[78,78,80,80,68,68,64,64,64,68,61,61,61,42,66,35,69,44,29,29,0,0],"gold":292,"neow_bonus":"THREE_ENEMY_KILL","is_daily":false,"chose_seed":false,"campfire_upgraded":2,"win_rate":0.0,"timestamp":1609624134,"path_taken":["M","?","M","M","M","R","E","$","T","M","E","R","?","E","R","BOSS","M","?","?","M"],"items_purchased_type":["Potion"],"build_version":"2020-12-22","purchased_purges":1,"victory":false,"max_hp_per_floor":[80,80,80,80,80,80,80,80,80,80,80,80,80,80,80,80,80,80,85,85,85,85],"card_choices":[{"not_picked":["Power Through","Metallicize"],"picked":"Flex","floor":1},{"not_picked":["Evolve","Warcry"],"picked":"Iron Wave","floor":3},{"not_picked":["Metallicize","Shrug It Off"],"picked":"Cleave","floor":4},{"not_picked":["Havoc","Wild Strike","Sword Boomerang"],"picked":"SKIP","floor":5},{"not_picked":["Evolve","Iron Wave"],"picked":"Spot Weakness","floor":7},{"not_picked":["Body Slam","Perfected Strike"],"picked":"Clash","floor":10},{"not_picked":["Exhume","Fire Breathing+1"],"picked":"Iron Wave","floor":11},{"not_picked":["Second Wind","Headbutt"],"picked":"Clothesline","floor":14},{"not_picked":["Reaper","Brutality+1"],"picked":"Demon Form+1","floor":16},{"not_picked":["Havoc+1","Sword Boomerang+1","Warcry"],"picked":"SKIP","floor":18}],"player_experience":270173,"relics_obtained":[{"floor":7,"key":"Turnip"},{"floor":9,"key":"Frozen Egg 2"},{"floor":11,"key":"MealTicket"},{"floor":14,"key":"Blood Vial"}],"event_choices":[{"cards_removed":["Defend_R"],"damage_healed":0,"gold_gain":0,"player_choice":"Card Removal","damage_taken":0,"max_hp_gain":0,"max_hp_loss":0,"event_name":"The Cleric","floor":2,"gold_loss":50},{"cards_removed":["Defend_R"],"damage_healed":0,"gold_gain":0,"player_choice":"Forget","damage_taken":0,"max_hp_gain":0,"max_hp_loss":0,"event_name":"Living Wall","floor":13,"gold_loss":0},{"damage_healed":0,"gold_gain":0,"player_choice":"Shed Blood","damage_taken":20,"max_hp_gain":5,"max_hp_loss":0,"event_name":"Forgotten Altar","floor":19,"gold_loss":0},{"damage_healed":0,"gold_gain":0,"player_choice":"1 cards matched","damage_taken":0,"max_hp_gain":0,"max_hp_loss":0,"event_name":"Match and Keep!","floor":20,"gold_loss":0,"cards_obtained":["Fiend Fire"]}],"is_beta":false,"boss_relics":[{"not_picked":["Cursed Key","Runic Cube"],"picked":"SacredBark"}],"items_purged_floors":[8],"is_endless":false,"potions_floor_spawned":[4,5,11],"killed_by":"Shell Parasite","ascension_level":7}}