{"host":"jm9833yuloeli2yd","time":1609631421,"event":{"mods":["AchievementEnabler","BaseMod","Better Altar","Better Match","Better Note","Better Sensory Stone","Better Skull","Better Third Choice","Better Vampires","BetterRewards","Colored Map","Colored Powertips","DeckTracker","Marked Mod","Minty Spire (QoL Compilation)","Permanent Neow","Quick Restart","StSLib","SuperFastMode"],"gold_per_floor":[113,113,133,133,146,146,171,191,191,191,58,58,90,107,107,185,185,195,205,205,13,13,13,47,47,99,99,119,119,131,145,145,224,224,235,235,235,235,251,282,305,328,340,363,375,387,427,451,463,475,487,487],"floor_reached":51,"playtime":2133,"items_purged":["Writhe"],"score":1374,"play_id":"84bbafc9-eba1-4b91-835e-04aedf1f1c0a","local_time":"20210102185021","is_ascension_mode":true,"campfire_choices":[{"data":"Streamline","floor":6.0,"key":"SMITH"},{"floor":10.0,"key":"REST"},{"data":"Hologram","floor":12.0,"key":"SMITH"},{"data":"Go for the Eyes","floor":15.0,"key":"SMITH"},{"data":"Dualcast","floor":23.0,"key":"SMITH"},{"data":"Hologram","floor":25.0,"key":"SMITH"},{"floor":29.0,"key":"REST"},{"floor":32.0,"key":"REST"},{"floor":45,"key":"REST"},{"floor":49,"key":"RECALL"}],"circlet_count":0,"master_deck":["AscendersBane","Strike_B","Strike_B","Strike_B","Strike_B+1","Defend_B","Defend_B","Defend_B","Zap+1","Compile Driver","Cold Snap+1","Streamline+1","Hologram+1","Go for the Eyes+1","Core Surge","Gash","Genetic Algorithm","Electrodynamics","Glacier+1","FTL","Turbo","Hologram+1","Reinforced Body","Coolheaded","Echo Form","Biased Cognition","Steam Power+1","Hologram","Gash","Parasite","Rainbow","Coolheaded+1"],"relics":["Cracked Core","Strawberry","Blood Vial","Mummified Hand","Runic Pyramid","Matryoshka","Whetstone","Ornamental Fan","Enchiridion","Inserter","MawBank","Bottled Lightning","StoneCalendar","Eternal Feather"],"acts_visited":["Exordium","TheCity","TheBeyond"],"potions_floor_usage":[33,51],"damage_taken":[{"damage":1.0,"enemies":"Cultist","floor":1.0,"turns":3.0},{"damage":6.0,"enemies":"2 Louse","floor":3.0,"turns":2.0},{"damage":0.0,"enemies":"Small Slimes","floor":5.0,"turns":3.0},{"damage":24.0,"enemies":"3 Sentries","floor":7.0,"turns":9.0},{"damage":6.0,"enemies":"2 Fungi Beasts","floor":8.0,"turns":3.0},{"damage":6.0,"enemies":"Gremlin Nob","floor":13.0,"turns":3.0},{"damage":3.0,"enemies":"Looter","floor":14.0,"turns":3.0},{"damage":22.0,"enemies":"The Guardian","floor":16.0,"turns":12.0},{"damage":20.0,"enemies":"3 Byrds","floor":18.0,"turns":6.0},{"damage":13.0,"enemies":"Spheric Guardian","floor":19.0,"turns":5.0},{"damage":11.0,"enemies":"Gremlin Leader","floor":24.0,"turns":7.0},{"damage":0.0,"enemies":"Shelled Parasite and Fungi","floor":28.0,"turns":4.0},{"damage":11.0,"enemies":"Snake Plant","floor":30.0,"turns":4.0},{"damage":6.0,"enemies":"Cultist and Chosen","floor":31.0,"turns":7.0},{"damage":27,"enemies":"Collector","floor":33,"turns":14},{"damage":22,"enemies":"3 Darklings","floor":35,"turns":5},{"damage":4,"enemies":"Orb Walker","floor":39,"turns":5},{"damage":9,"enemies":"Nemesis","floor":40,"turns":9},{"damage":0,"enemies":"Transient","floor":41,"turns":6},{"damage":6,"enemies":"Sphere and 2 Shapes","floor":42,"turns":6},{"damage":31,"enemies":"Writhing Mass","floor":44,"turns":7},{"damage":4,"enemies":"Reptomancer","floor":47,"turns":6},{"damage":8,"enemies":"4 Shapes","floor":48,"turns":5},{"damage":54,"enemies":"Awakened One","floor":50,"turns":20},{"damage":11,"enemies":"Time Eater","floor":51,"turns":4}],"seed_played":"-1994446177435820056","potions_obtained":[{"floor":0.0,"key":"CultistPotion"},{"floor":0.0,"key":"GamblersBrew"},{"floor":7.0,"key":"Fire Potion"},{"floor":16.0,"key":"SneckoOil"},{"floor":24.0,"key":"Fire Potion"},{"floor":30.0,"key":"Strength Potion"},{"floor":31.0,"key":"PowerPotion"},{"floor":39,"key":"LiquidBronze"},{"floor":40,"key":"PowerPotion"}],"is_trial":false,"path_per_floor":["M","?","M","?","M","R","E","M","T","R","$","R","E","M","R","B",null,"M","M","?","$","?","R","E","R","T","?","M","R","M","M","R","B",null,"M","?","?","?","M","E","M","M","T","M","R","?","E","M","R","B","B"],"character_chosen":"DEFECT","items_purchased":["Core Surge","Gash","FTL","Turbo"],"campfire_rested":4,"item_purchase_floors":[11,11,21,21],"current_hp_per_floor":[63,63,57,50,50,50,33,27,27,50,50,50,46,45,45,25,65,47,36,36,36,36,36,27,27,27,6,8,31,22,18,41,16,63,43,43,43,43,41,34,36,32,32,3,25,61,57,51,61,7,0,0],"gold":487,"neow_bonus":"THREE_SMALL_POTIONS","is_daily":false,"chose_seed":false,"campfire_upgraded":5,"win_rate":0.0,"timestamp":1609631421,"path_taken":["M","?","M","?","M","R","E","M","T","R","$","R","E","M","R","BOSS","M","M","?","$","?","R","E","R","T","?","M","R","M","M","R","BOSS","M","?","?","?","M","E","M","M","T","?","R","?","E","M","R","BOSS","BOSS"],"items_purchased_type":["Card","Card","Card","Card"],"build_version":"2020-12-22","purchased_purges":1,"victory":false,"max_hp_per_floor":[71,71,71,71,71,71,78,78,78,78,78,78,78,78,78,78,78,78,78,78,78,78,78,78,78,78,78,78,78,78,78,78,78,78,78,78,78,74,74,74,74,74,74,74,74,61,61,61,61,61,61,61],"card_choices":[{"not_picked":["Beam Cell","Skim"],"picked":"Compile Driver","floor":1.0},{"not_picked":["Steam","Hologram"],"picked":"Cold Snap","floor":3.0},{"not_picked":["Skim","Leap"],"picked":"Streamline","floor":5.0},{"not_picked":["Ball Lightning","Redo"],"picked":"Hologram","floor":7.0},{"not_picked":["White Noise","Beam Cell"],"picked":"Go for the Eyes","floor":8.0},{"not_picked":["Go for the Eyes","Hello World","Ball Lightning"],"picked":"SKIP","floor":13.0},{"not_picked":["Go for the Eyes","Hello World","Ball Lightning"],"picked":"SKIP","floor":13.0},{"not_picked":["Go for the Eyes","Consume"],"picked":"Genetic Algorithm","floor":14.0},{"not_picked":["Fission","All For One"],"picked":"Electrodynamics","floor":16.0},{"not_picked":["Streamline","Chaos","Cold Snap+1"],"picked":"SKIP","floor":18.0},{"not_picked":["Loop","Barrage"],"picked":"Glacier+1","floor":19.0},{"not_picked":["Beam Cell","Streamline"],"picked":"Hologram","floor":24.0},{"not_picked":["Rebound","Ball Lightning"],"picked":"Reinforced Body","floor":28.0},{"not_picked":["Undo","Blizzard","Coolheaded"],"picked":"SKIP","floor":30.0},{"not_picked":["Undo","Blizzard"],"picked":"Coolheaded","floor":30.0},{"not_picked":["Double Energy","Cold Snap"],"picked":"Echo Form","floor":31.0},{"not_picked":["Hyperbeam","Machine Learning"],"picked":"Biased Cognition","floor":33},{"not_picked":["Sweeping Beam+1","Undo"],"picked":"Steam Power+1","floor":35},{"not_picked":["Go for the Eyes","Lockon+1"],"picked":"Hologram","floor":39},{"not_picked":["Beam Cell","Go for the Eyes","Cold Snap"],"picked":"SKIP","floor":40},{"not_picked":["Undo","Cold Snap"],"picked":"Gash","floor":41},{"not_picked":["Scrape+1","Beam Cell","Turbo"],"picked":"SKIP","floor":42},{"not_picked":["Melter","Beam Cell+1","Chaos"],"picked":"SKIP","floor":44},{"not_picked":["Recycle","Coolheaded+1"],"picked":"Rainbow","floor":47},{"not_picked":["Rip and Tear","Static Discharge"],"picked":"Coolheaded+1","floor":48}],"player_experience":1245821,"relics_obtained":[{"floor":7.0,"key":"Strawberry"},{"floor":9.0,"key":"Blood Vial"},{"floor":13.0,"key":"Mummified Hand"},{"floor":24.0,"key":"Whetstone"},{"floor":26.0,"key":"Ornamental Fan"},{"floor":27.0,"key":"Enchiridion"},{"floor":40,"key":"MawBank"},{"floor":43,"key":"Bottled Lightning"},{"floor":43,"key":"StoneCalendar"},{"floor":47,"key":"Eternal Feather"}],"event_choices":[{"damage_healed":0.0,"max_hp_gain":0.0,"max_hp_loss":0.0,"gold_gain":0.0,"event_name":"Living Wall","player_choice":"Grow","floor":2.0,"gold_loss":0.0,"damage_taken":0.0,"cards_upgraded":["Zap"]},{"cards_removed":["Defend_B"],"damage_healed":0.0,"max_hp_gain":0.0,"max_hp_loss":0.0,"gold_gain":0.0,"event_name":"Golden Wing","player_choice":"Card Removal","floor":4.0,"gold_loss":0.0,"damage_taken":7.0},{"damage_healed":0.0,"max_hp_gain":0.0,"max_hp_loss":0.0,"gold_gain":0.0,"event_name":"The Mausoleum","player_choice":"Opened","floor":20.0,"gold_loss":0.0,"damage_taken":0.0,"relics_obtained":["Matryoshka"],"cards_obtained":["Writhe"]},{"damage_healed":0.0,"max_hp_gain":0.0,"max_hp_loss":0.0,"gold_gain":0.0,"event_name":"Cursed Tome","player_choice":"Obtained Book","floor":27.0,"gold_loss":0.0,"damage_taken":21.0},{"cards_removed":["Dualcast"],"damage_healed":0,"gold_gain":0,"player_choice":"Removed Skill","damage_taken":0,"max_hp_gain":0,"max_hp_loss":0,"event_name":"Falling","floor":36,"gold_loss":0},{"damage_healed":0,"gold_gain":0,"player_choice":"Ignored","damage_taken":0,"max_hp_gain":0,"max_hp_loss":0,"event_name":"Tomb of Lord Red Mask","floor":37,"gold_loss":0},{"damage_healed":0,"gold_gain":0,"player_choice":"Max HP","damage_taken":0,"max_hp_gain":0,"max_hp_loss":4,"event_name":"Winding Halls","floor":38,"gold_loss":0},{"damage_healed":61,"gold_gain":0,"player_choice":"Heal","damage_taken":0,"max_hp_gain":0,"max_hp_loss":13,"event_name":"The Moai Head","floor":46,"gold_loss":0}],"is_beta":false,"boss_relics":[{"not_picked":["Black Star","Snecko Eye"],"picked":"Runic Pyramid"},{"not_picked":["SlaversCollar","Runic Dome"],"picked":"Inserter"}],"items_purged_floors":[21],"is_endless":false,"potions_floor_spawned":[5,7,14,16,24,30,31,39,40,47,48],"killed_by":"Time Eater","ascension_level":20}}