{"host":"yss3m9ygfcyke5zi","time":1609561286,"event":{"mods":["2.2 Compatiblity","BaseMod","Highlight Path","Minty Spire (QoL Compilation)","Permanent Neow"],"gold_per_floor":[109,120,136,61,61,61,81,111,157,169,184,195,195,205,205,310,310,321,337,350,3,3,37,37,48,48,48,59,73,73,18,18,118,118,129,145,45,45,63,63,75,75,75,86,99,118,8,26,26,26,26],"floor_reached":50,"playtime":3381,"items_purged":["Strike_G","Strike_G","Strike_G"],"score":474,"play_id":"ee686cc6-a411-4bf3-b9c0-ce574ac6b113","local_time":"20210102132126","is_ascension_mode":false,"campfire_choices":[{"floor":6,"key":"REST"},{"data":"Footwork","floor":13,"key":"SMITH"},{"floor":15,"key":"REST"},{"floor":24,"key":"REST"},{"floor":27,"key":"REST"},{"floor":32,"key":"REST"},{"data":"Accuracy","floor":40,"key":"SMITH"},{"data":"Envenom","floor":42,"key":"SMITH"},{"floor":49,"key":"REST"}],"circlet_count":0,"master_deck":["Strike_G","Defend_G","Defend_G","Defend_G","Defend_G","Survivor","Neutralize","Blade Dance+1","Backstab","Blade Dance","Setup","Acrobatics","Footwork+1","Envenom+1","CurseOfTheBell","Dodge and Roll","Accuracy+1","Prepared+1","Prepared+1","Infinite Blades","Noxious Fumes+1","Cloak And Dagger","Envenom"],"relics":["Ring of the Snake","The Courier","Pen Nib","Lantern","Calling Bell","Bag of Marbles","Ornamental Fan","StoneCalendar","Shuriken","CaptainsWheel","Vajra","Sozu","War Paint"],"acts_visited":["Exordium","TheCity","TheBeyond"],"potions_floor_usage":[16,16,19,23,29,33,50],"damage_taken":[{"damage":6,"enemies":"Jaw Worm","floor":1,"turns":6},{"damage":2,"enemies":"2 Louse","floor":2,"turns":4},{"damage":0,"enemies":"Small Slimes","floor":3,"turns":3},{"damage":0,"enemies":"Exordium Wildlife","floor":7,"turns":2},{"damage":17,"enemies":"3 Sentries","floor":8,"turns":10},{"damage":0,"enemies":"2 Fungi Beasts","floor":10,"turns":2},{"damage":0,"enemies":"Gremlin Gang","floor":11,"turns":4},{"damage":1,"enemies":"Exordium Thugs","floor":12,"turns":3},{"damage":6,"enemies":"3 Louse","floor":14,"turns":4},{"damage":26,"enemies":"Slime Boss","floor":16,"turns":14},{"damage":12,"enemies":"Spheric Guardian","floor":18,"turns":6},{"damage":13,"enemies":"2 Thieves","floor":19,"turns":4},{"damage":29,"enemies":"Snake Plant","floor":20,"turns":7},{"damage":11,"enemies":"Book of Stabbing","floor":23,"turns":6},{"damage":0,"enemies":"3 Cultists","floor":25,"turns":5},{"damage":6,"enemies":"Cultist and Chosen","floor":28,"turns":5},{"damage":5,"enemies":"Sentry and Sphere","floor":29,"turns":6},{"damage":12,"enemies":"Collector","floor":33,"turns":7},{"damage":9,"enemies":"3 Darklings","floor":35,"turns":6},{"damage":0,"enemies":"3 Shapes","floor":36,"turns":2},{"damage":2,"enemies":"Sphere and 2 Shapes","floor":39,"turns":4},{"damage":6,"enemies":"Maw","floor":41,"turns":6},{"damage":7,"enemies":"Spire Growth","floor":44,"turns":4},{"damage":20,"enemies":"Jaw Worm Horde","floor":45,"turns":5},{"damage":7,"enemies":"Writhing Mass","floor":46,"turns":5},{"damage":4,"enemies":"Transient","floor":48,"turns":5},{"damage":50,"enemies":"Time Eater","floor":50,"turns":5}],"seed_played":"1070379101866730274","potions_obtained":[{"floor":7,"key":"SpeedPotion"},{"floor":8,"key":"AttackPotion"},{"floor":10,"key":"AttackPotion"},{"floor":11,"key":"DuplicationPotion"},{"floor":16,"key":"SmokeBomb"},{"floor":18,"key":"AttackPotion"},{"floor":25,"key":"SkillPotion"},{"floor":28,"key":"FearPotion"},{"floor":33,"key":"Strength Potion"}],"is_trial":false,"path_per_floor":["M","M","M","$","?","R","M","E","T","M","M","M","R","M","R","B",null,"M","M","M","$","?","E","R","M","T","R","M","M","?","$","R","B",null,"M","M","$","?","M","R","M","R","T","M","M","M","$","M","R","B"],"character_chosen":"THE_SILENT","items_purchased":["Accuracy","Shuriken","Infinite Blades","Envenom"],"campfire_rested":6,"item_purchase_floors":[21,21,31,47],"current_hp_per_floor":[43,41,41,41,29,50,50,33,33,33,33,32,32,26,47,21,70,58,45,16,16,16,5,26,26,26,47,41,36,23,23,45,33,75,66,66,66,66,64,64,58,58,58,51,31,24,24,20,42,0,0],"gold":26,"neow_bonus":"REMOVE_TWO","is_daily":false,"chose_seed":false,"campfire_upgraded":3,"win_rate":0.0,"timestamp":1609561286,"path_taken":["M","M","M","$","?","R","M","E","T","M","M","M","R","M","R","BOSS","M","M","M","$","?","E","R","M","T","R","M","M","?","?","R","BOSS","M","M","$","?","M","R","M","R","T","?","M","M","$","M","R","BOSS"],"items_purchased_type":["Card","Relic","Card","Card"],"build_version":"2020-12-22","purchased_purges":3,"victory":false,"max_hp_per_floor":[70,70,70,70,70,70,70,70,70,70,70,70,70,70,70,70,70,70,70,70,70,70,70,70,70,70,70,70,70,75,75,75,75,75,75,75,75,75,75,75,75,75,75,75,75,75,75,75,75,75,75],"card_choices":[{"not_picked":["Slice","Poisoned Stab"],"picked":"Blade Dance","floor":1},{"not_picked":["Heel Hook","Acrobatics"],"picked":"Backstab","floor":2},{"not_picked":["Flechettes","Sucker Punch"],"picked":"Blade Dance","floor":3},{"not_picked":["Slice","Dagger Throw"],"picked":"Setup","floor":7},{"not_picked":["Unload","Flying Knee","Dagger Throw"],"picked":"SKIP","floor":8},{"not_picked":["Terror","Dagger Spray"],"picked":"Acrobatics","floor":10},{"not_picked":["Flechettes","Expertise","Blade Dance"],"picked":"SKIP","floor":11},{"not_picked":["Reflex","Leg Sweep"],"picked":"Footwork","floor":12},{"not_picked":["Outmaneuver","Predator","Distraction"],"picked":"SKIP","floor":14},{"not_picked":["Tools of the Trade","Die Die Die"],"picked":"Envenom","floor":16},{"not_picked":["PiercingWail","Bane+1","Finisher"],"picked":"SKIP","floor":18},{"not_picked":["Deflect+1","Bane+1","Flying Knee"],"picked":"SKIP","floor":19},{"not_picked":["Sucker Punch+1","Die Die Die"],"picked":"Dodge and Roll","floor":20},{"not_picked":["Dagger Spray","Blade Dance","Poisoned Stab"],"picked":"SKIP","floor":23},{"not_picked":["Bane","Leg Sweep"],"picked":"Prepared","floor":25},{"not_picked":["Prepared+1","Glass Knife","Slice"],"picked":"SKIP","floor":28},{"not_picked":["Glass Knife","Slice"],"picked":"Prepared+1","floor":28},{"not_picked":["Dodge and Roll","Flying Knee+1","Slice"],"picked":"SKIP","floor":29},{"not_picked":["Dagger Throw","Poisoned Stab","Flying Knee+1"],"picked":"SKIP","floor":35},{"not_picked":["Slice","Deflect+1","Outmaneuver"],"picked":"SKIP","floor":36},{"not_picked":["Deadly Poison+1","Choke","Blade Dance+1"],"picked":"SKIP","floor":39},{"not_picked":["Dodge and Roll","Bouncing Flask"],"picked":"Noxious Fumes+1","floor":41},{"not_picked":["Flying Knee","Choke","Backflip"],"picked":"SKIP","floor":44},{"not_picked":["Flying Knee+1","Slice+1","Deadly Poison+1"],"picked":"SKIP","floor":45},{"not_picked":["Flechettes+1","Crippling Poison+1"],"picked":"Cloak And Dagger","floor":46},{"not_picked":["Acrobatics","Poisoned Stab","Backflip"],"picked":"SKIP","floor":48}],"player_experience":164392,"relics_obtained":[{"floor":8,"key":"Pen Nib"},{"floor":9,"key":"Lantern"},{"floor":17,"key":"Bag of Marbles"},{"floor":17,"key":"Ornamental Fan"},{"floor":17,"key":"StoneCalendar"},{"floor":23,"key":"CaptainsWheel"},{"floor":26,"key":"Vajra"},{"floor":43,"key":"War Paint"}],"event_choices":[{"damage_healed":0,"gold_gain":0,"player_choice":"Success","damage_taken":12,"relics_obtained":["The Courier"],"max_hp_gain":0,"max_hp_loss":0,"event_name":"Scrap Ooze","floor":5,"gold_loss":0},{"damage_healed":0,"gold_gain":0,"player_choice":"Ignored","damage_taken":0,"max_hp_gain":0,"max_hp_loss":0,"event_name":"Vampires","floor":22,"gold_loss":0},{"damage_healed":0,"gold_gain":0,"player_choice":"Shed Blood","damage_taken":18,"max_hp_gain":5,"max_hp_loss":0,"event_name":"Forgotten Altar","floor":30,"gold_loss":0},{"damage_healed":0,"gold_gain":0,"player_choice":"Got Potions","damage_taken":0,"max_hp_gain":0,"max_hp_loss":0,"event_name":"Lab","floor":38,"gold_loss":0}],"is_beta":false,"boss_relics":[{"not_picked":["SlaversCollar","Runic Pyramid"],"picked":"Calling Bell"},{"not_picked":["Pandora\u0027s Box","Ring of the Serpent"],"picked":"Sozu"}],"items_purged_floors":[4,21,37],"is_endless":false,"potions_floor_spawned":[7,8,10,11,16,18,25,28,33,44,45,48],"killed_by":"Time Eater","ascension_level":0}}