{"host":"4bz9pf8w2d1kz9f5","time":1609631280,"event":{"mods":["BaseMod","Downfall","Hermit","Minty Spire (QoL Compilation)","StSLib","The Animator","The Bug Knight","The Construct","The Death Knight","The Druid","The Necromancer","The Wild Card"],"gold_per_floor":[111,81,101,112,126,153,153,170,170,190,190,208,109,109,109,213,213,226,243,94,94,107,107,117,117,170,184,184,32,46,63,63,63,63],"floor_reached":33,"playtime":4581,"items_purged":["HollowMod:NewGlowingWomb","HollowMod:SharpenedShadows+1"],"score":253,"play_id":"e4e14c6c-e94f-4a2e-a670-eeb8898a5ff8","local_time":"20210102184800","is_ascension_mode":false,"campfire_choices":[{"data":"HollowMod:DashSlash","floor":7,"key":"SMITH"},{"data":"HollowMod:PogoStrike","floor":11,"key":"SMITH"},{"floor":15,"key":"REST"},{"floor":23,"key":"REST"},{"floor":28,"key":"REST"},{"floor":32,"key":"REST"}],"circlet_count":0,"master_deck":["HollowMod:NailStrikeStart","HollowMod:NailStrikeStart","HollowMod:QuickDashStart+1","HollowMod:QuickDashStart+1","HollowMod:FocusHealStart","HollowMod:PogoStrike+1","HollowMod:SoulShaman","HollowMod:CycloneSlash+1","HollowMod:DashSlash+1","HollowMod:SoulSplash","HollowMod:DashSlash+1","HollowMod:AwokenDreamNail","HollowMod:HornetsHelp+1","HollowMod:SoulStrike+1","HollowMod:CycloneSlash+1","HollowMod:SiblingsSouls+1"],"relics":["HollowMod:VesselMask","Letter Opener","Gremlin Horn","Astrolabe","PreservedInsect"],"acts_visited":["Exordium","TheCity"],"potions_floor_usage":[5,6,16,19,22,27,27,33],"damage_taken":[{"damage":1,"enemies":"Jaw Worm","floor":1,"turns":5},{"damage":1,"enemies":"Cultist","floor":3,"turns":4},{"damage":4,"enemies":"2 Louse","floor":4,"turns":2},{"damage":1,"enemies":"Exordium Thugs","floor":5,"turns":3},{"damage":20,"enemies":"3 Sentries","floor":6,"turns":6},{"damage":5,"enemies":"2 Fungi Beasts","floor":8,"turns":4},{"damage":11,"enemies":"Large Slime","floor":10,"turns":5},{"damage":5,"enemies":"Looter","floor":12,"turns":2},{"damage":29,"enemies":"HollowMod:FalseKnight","floor":16,"turns":12},{"damage":35,"enemies":"3 Byrds","floor":18,"turns":5},{"damage":17,"enemies":"Chosen","floor":19,"turns":5},{"damage":14,"enemies":"Sentry and Sphere","floor":22,"turns":5},{"damage":2,"enemies":"3 Cultists","floor":24,"turns":4},{"damage":6,"enemies":"Snecko","floor":27,"turns":5},{"damage":22,"enemies":"Sentry and Sphere","floor":30,"turns":6},{"damage":15,"enemies":"Chosen and Byrds","floor":31,"turns":7},{"damage":57,"enemies":"Collector","floor":33,"turns":7}],"seed_played":"-7424798144543004058","potions_obtained":[{"floor":1,"key":"Explosive Potion"},{"floor":2,"key":"Explosive Potion"},{"floor":2,"key":"FearPotion"},{"floor":10,"key":"sneckomod:MuddlingPotion"},{"floor":12,"key":"Ancient Potion"},{"floor":19,"key":"Dexterity Potion"},{"floor":24,"key":"DeathKnight:BottledBloodEchoes"},{"floor":27,"key":"Weak Potion"}],"is_trial":false,"path_per_floor":["M","?","M","M","M","E","R","M","T","M","R","M","$","?","R","B",null,"M","M","$","?","M","R","M","?","T","M","R","$","M","M","R","B"],"character_chosen":"THE_BUGKNIGHT","items_purchased":["HollowMod:DashSlash","PreservedInsect","BlessingOfTheForge"],"campfire_rested":4,"item_purchase_floors":[13,20,29],"current_hp_per_floor":[75,75,74,70,69,55,55,60,60,55,55,50,50,35,57,38,75,46,35,35,13,9,31,35,35,35,29,51,51,35,20,42,0,0],"gold":63,"neow_bonus":"REMOVE_CARD","is_daily":false,"chose_seed":false,"campfire_upgraded":2,"win_rate":0.0,"timestamp":1609631280,"path_taken":["M","?","M","?","M","E","R","M","T","M","R","M","$","?","R","BOSS","M","M","$","?","M","R","M","?","T","M","R","$","M","M","R","BOSS"],"items_purchased_type":["Card","Relic","Potion"],"build_version":"2020-12-22","purchased_purges":2,"victory":false,"max_hp_per_floor":[75,75,75,75,75,75,75,75,75,75,75,75,75,75,75,75,75,75,75,75,75,75,75,75,75,75,75,75,75,75,75,75,75,75],"card_choices":[{"not_picked":["HollowMod:SiblingsSouls","HollowMod:NewLittleFool"],"picked":"HollowMod:SoulShaman","floor":1},{"not_picked":["HollowMod:GreatSlash","HollowMod:GoodIntentions"],"picked":"HollowMod:CycloneSlash","floor":3},{"not_picked":["HollowMod:QuirrelsAssistance","HollowMod:TaintedHusks"],"picked":"HollowMod:DashSlash","floor":4},{"not_picked":["HollowMod:InfectedCysts","HollowMod:DescendingDark"],"picked":"HollowMod:NewGlowingWomb","floor":5},{"not_picked":["HollowMod:InfectedCysts","HollowMod:SoulVessel","HollowMod:Hiveblood"],"picked":"SKIP","floor":6},{"not_picked":["HollowMod:HeavyBlow","HollowMod:GoodIntentions"],"picked":"HollowMod:SoulSplash","floor":8},{"not_picked":["HollowMod:ShapeofUnn","HollowMod:TaintedHusks","HollowMod:WraithStrike"],"picked":"SKIP","floor":10},{"not_picked":["HollowMod:CornifersMapStart","HollowMod:HeavyBlow","HollowMod:AbyssShriek"],"picked":"SKIP","floor":12},{"not_picked":["HollowMod:VoidDash","HollowMod:HornetsHelp"],"picked":"HollowMod:AwokenDreamNail","floor":16},{"not_picked":["HollowMod:CornifersMapStart","HollowMod:VengefulSpirit","HollowMod:InfectionAssault"],"picked":"SKIP","floor":18},{"not_picked":["HollowMod:TaintedHusks","HollowMod:InfectedCysts"],"picked":"HollowMod:CycloneSlash","floor":19},{"not_picked":["HollowMod:GrimmsGift","HollowMod:VengefulVoid","HollowMod:NewGlowingWomb"],"picked":"SKIP","floor":22},{"not_picked":["HollowMod:InfectedCysts","HollowMod:NewGlowingWomb","HollowMod:ShadowDash"],"picked":"SKIP","floor":24},{"not_picked":["HollowMod:BrokenVessel+1","HollowMod:RecoilStrike"],"picked":"HollowMod:SiblingsSouls+1","floor":27},{"not_picked":["HollowMod:ShadowDash","HollowMod:GoodIntentions","HollowMod:MidwifesHunger"],"picked":"SKIP","floor":30},{"not_picked":["HollowMod:FastStrike","HollowMod:BlackTendrils","HollowMod:ShadowDash+1"],"picked":"SKIP","floor":31}],"player_experience":21543,"relics_obtained":[{"floor":6,"key":"Letter Opener"},{"floor":9,"key":"Gremlin Horn"}],"event_choices":[{"damage_healed":0,"gold_gain":0,"player_choice":"Bought 2 Potions","damage_taken":0,"max_hp_gain":0,"max_hp_loss":0,"event_name":"The Woman in Blue","floor":2,"gold_loss":0},{"damage_healed":0,"gold_gain":0,"player_choice":"Entered Light","damage_taken":15,"max_hp_gain":0,"max_hp_loss":0,"event_name":"Shining Light","floor":14,"gold_loss":0,"cards_upgraded":["HollowMod:QuickDashStart","HollowMod:QuickDashStart"]},{"damage_healed":0,"gold_gain":0,"player_choice":"Ignored","damage_taken":0,"max_hp_gain":0,"max_hp_loss":0,"event_name":"Vampires","floor":25,"gold_loss":0}],"is_beta":false,"boss_relics":[{"not_picked":["Snecko Eye","Ectoplasm"],"picked":"Astrolabe"}],"items_purged_floors":[13,29],"is_endless":false,"potions_floor_spawned":[1,4,10,12,19,24,27],"killed_by":"Collector","ascension_level":0}}