{"host":"81zggd5c6pw0j8tg","time":1609569012,"event":{"mods":["Aspiration","BaseMod","Better Altar","Better Match","Better Note","Better Sensory Stone","Better Skull","Better Third Choice","Colored Map","Conspire","Curses Come First","Downfall","Hubris","Minty Spire (QoL Compilation)","Replay The Spire","Retaliation","Robot Space Explorer","Spicy Shops","StSLib"],"gold_per_floor":[99,99,1,1,0,0,26,56,66,86,106,121,146,166,178,280,280,280,291,308,308,323,323,349,349,362,81,181,196,196,196,213,213,213,213],"floor_reached":33,"playtime":1861,"items_purged":["hexamod:RecurringNightmare"],"score":284,"play_id":"e5f2a52d-a6fc-4cf6-b127-7c4b229a7100","local_time":"20210102003012","is_ascension_mode":false,"campfire_choices":[{"data":"hexamod:Sear","floor":1,"key":"SMITH"},{"floor":6,"key":"REST"},{"data":"hexamod:SearingWound","floor":18,"key":"SMITH"},{"data":"hexamod:HeatShield","floor":23,"key":"SMITH"},{"floor":30,"key":"RECALL"}],"circlet_count":0,"master_deck":["conspire:GhostlyStrike","conspire:GhostlyStrike","conspire:GhostlyStrike","conspire:GhostlyStrike","conspire:GhostlyDefend","conspire:GhostlyDefend+1","conspire:GhostlyDefend","hexamod:Sear+1","hexamod:Float+1","hexamod:Incineration+1","hexamod:GhostOfSpirePast","hexamod:NightmareGuise+1","hexamod:ThermalTransfer","hexamod:GhostShield","hexamod:RainOfEmbers","hexamod:SearingWound+1","hexamod:BurningTouch","hexamod:Rewind","hexamod:HeatMetal","hexamod:TimeWarp","hexamod:HeatShield+1","hexamod:HeatShield+1","hexamod:BurningTouch+1","hexamod:SkipABeat","hexamod:EmpoweredFlame","hexamod:TimeWarp","hexamod:RadiantFlame"],"relics":["hexamod:SpiritBrand","Dream Catcher","War Paint","Potion Belt","Replay:Bottled Eggs","Smiling Mask","Philosopher\u0027s Stone","Nloth\u0027s Gift","Bronze Scales","PreservedInsect","hubris:Towel"],"acts_visited":["Exordium","TheCity"],"potions_floor_usage":[13,15,16,22,26,32,33,33,33],"damage_taken":[{"damage":0,"enemies":"downfall:FleeingMerchant","floor":3,"turns":4},{"damage":0,"enemies":"downfall:FleeingMerchant","floor":5,"turns":4},{"damage":3,"enemies":"Gremlin Nob","floor":8,"turns":3},{"damage":0,"enemies":"Small Slimes","floor":9,"turns":3},{"damage":0,"enemies":"Cultist","floor":10,"turns":3},{"damage":0,"enemies":"2 Louse","floor":11,"turns":3},{"damage":7,"enemies":"Blue Slaver","floor":12,"turns":3},{"damage":2,"enemies":"Lagavulin","floor":13,"turns":4},{"damage":8,"enemies":"Exordium Wildlife","floor":14,"turns":4},{"damage":0,"enemies":"Exordium Thugs","floor":15,"turns":3},{"damage":18,"enemies":"downfall:Ironclad","floor":16,"turns":6},{"damage":8,"enemies":"Spheric Guardian","floor":19,"turns":5},{"damage":0,"enemies":"Shell Parasite","floor":20,"turns":4},{"damage":21,"enemies":"Cultist and Chosen","floor":22,"turns":7},{"damage":6,"enemies":"3 Cultists","floor":26,"turns":5},{"damage":0,"enemies":"downfall:FleeingMerchant","floor":27,"turns":4},{"damage":0,"enemies":"Snecko","floor":29,"turns":3},{"damage":4,"enemies":"Centurion and Healer","floor":32,"turns":3},{"damage":36,"enemies":"downfall:Watcher","floor":33,"turns":6}],"seed_played":"-1726416414858611559","potions_obtained":[{"floor":10,"key":"Swift Potion"},{"floor":11,"key":"FearPotion"},{"floor":13,"key":"Explosive Potion"},{"floor":14,"key":"Fire Potion"},{"floor":15,"key":"Weak Potion"},{"floor":22,"key":"ColorlessPotion"},{"floor":26,"key":"hexamod:EctoCoolerPotion"},{"floor":29,"key":"Fire Potion"},{"floor":32,"key":"ColorlessPotion"}],"is_trial":false,"path_per_floor":["R","?","$","?","$","R","T","E","M","M","M","M","E","M","M","B",null,"R","M","M","?","M","R","T","?","M","$","?","M","R","?","M","B"],"character_chosen":"THE_SPIRIT","items_purchased":["hexamod:GhostOfSpirePast","hexamod:NightmareGuise","PreservedInsect","hexamod:EmpoweredFlame"],"campfire_rested":1,"item_purchase_floors":[3,3,27,27],"current_hp_per_floor":[70,24,24,24,24,60,60,57,57,57,57,50,48,40,40,22,70,70,62,62,62,41,41,41,33,27,27,27,27,27,27,23,0,0,0],"gold":213,"neow_bonus":"REMOVE_CARD","is_daily":false,"chose_seed":false,"campfire_upgraded":3,"win_rate":0.0,"timestamp":1609569012,"path_taken":["R","?","?","?","?","R","T","E","M","M","?","M","E","M","M","BOSS","R","M","M","?","?","R","T","?","M","$","?","M","R","?","M","BOSS"],"items_purchased_type":["Card","Card","Relic","Card"],"build_version":"2020-12-22","purchased_purges":1,"victory":false,"max_hp_per_floor":[70,70,70,70,70,70,70,70,70,70,70,70,70,70,70,70,70,70,70,70,70,70,70,70,70,70,70,70,70,70,70,70,70,70,70],"card_choices":[{"not_picked":["hexamod:BacktrackSmack","hexamod:GhostLash"],"picked":"hexamod:Incineration","floor":3},{"not_picked":["hexamod:HauntingEcho","hexamod:NightmareGuise"],"picked":"hexamod:RecurringNightmare","floor":5},{"not_picked":["hexamod:NecessarySacrifice","hexamod:Firestarter"],"picked":"hexamod:ThermalTransfer","floor":6},{"not_picked":["hexamod:Incineration","hexamod:GhostLash","hexamod:NecessarySacrifice"],"picked":"SKIP","floor":8},{"not_picked":["hexamod:ThermalTransfer","hexamod:SpectersWail"],"picked":"hexamod:GhostShield","floor":9},{"not_picked":["hexamod:FastForward","hexamod:ShieldOfDarkness"],"picked":"hexamod:RainOfEmbers","floor":10},{"not_picked":["hexamod:AdvancingGuard","hexamod:SpectralAdrenaline"],"picked":"hexamod:SearingWound","floor":11},{"not_picked":["hexamod:EtherealExpedition","hexamod:FourthSeal"],"picked":"hexamod:BurningTouch","floor":12},{"not_picked":["hexamod:EtherealExpedition","hexamod:FourthSeal"],"picked":"hexamod:Rewind","floor":13},{"not_picked":["hexamod:GhostShield","hexamod:SpectersWail","hexamod:Hexaguard"],"picked":"SKIP","floor":14},{"not_picked":["hexamod:EtherealExpedition","hexamod:InspiringFlames"],"picked":"hexamod:HeatMetal","floor":15},{"not_picked":["hexamod:EmpoweringStance","hexamod:FifthSeal"],"picked":"hexamod:TimeWarp","floor":16},{"not_picked":["hexamod:ThermalTransfer","hexamod:RetreatToShadows+1"],"picked":"hexamod:HeatShield","floor":19},{"not_picked":["hexamod:InspiringFlames","hexamod:RecurringNightmare"],"picked":"hexamod:HeatShield+1","floor":20},{"not_picked":["hexamod:HeatMetal","hexamod:CrushingStance"],"picked":"hexamod:BurningTouch","floor":22},{"not_picked":["hexamod:StepThrough","hexamod:HauntingEcho","hexamod:AdvancingGuard"],"picked":"SKIP","floor":26},{"not_picked":["hexamod:ThirdSeal","hexamod:HauntingEcho"],"picked":"hexamod:SkipABeat","floor":27},{"not_picked":["hexamod:GhostflameBarrier","hexamod:NecessarySacrifice"],"picked":"hexamod:TimeWarp","floor":29},{"not_picked":["hexamod:PhantomFireball+1","hexamod:FastForward"],"picked":"hexamod:RadiantFlame","floor":32}],"player_experience":945664,"relics_obtained":[{"floor":7,"key":"Potion Belt"},{"floor":8,"key":"Replay:Bottled Eggs"},{"floor":13,"key":"Smiling Mask"},{"floor":24,"key":"Bronze Scales"}],"event_choices":[{"damage_healed":0,"gold_gain":0,"player_choice":"RE RE RE ","damage_taken":52,"relics_obtained":["Dream Catcher","War Paint","Regal Pillow"],"max_hp_gain":0,"max_hp_loss":0,"event_name":"betterSkull:BetterSkull","floor":2,"gold_loss":0,"cards_upgraded":[]},{"damage_healed":0,"gold_gain":0,"player_choice":"Agree","damage_taken":0,"max_hp_gain":0,"max_hp_loss":0,"event_name":"conspire:LoneGhost","floor":4,"gold_loss":0}],"is_beta":false,"boss_relics":[{"not_picked":["Fusion Hammer","Replay:Bronze Core"],"picked":"Philosopher\u0027s Stone"}],"items_purged_floors":[27],"is_endless":false,"potions_floor_spawned":[10,11,13,14,15,22,26,29,32],"killed_by":"downfall:Watcher","ascension_level":0}}