{"host":"bwf6jt0gyax88i3l","time":1609566491,"event":{"mods":["AchievementEnabler","BaseMod","Colored Map","Colored Powertips","Downfall","Duelist Mod","Hermit","Highlight Path","Infinite Spire","Marisa????????","Minty Spire (QoL Compilation)","Quick Restart","Remilia??????","Replay The Spire","Shop Mod","StSLib","The Animator","The Bug Knight","The Cursed","The Disciple","The Necromancer","The Servant 0.9.4"],"gold_per_floor":[123,141,151,183,183,221,241,255,255,276,276,300,304,304],"floor_reached":13,"playtime":624,"items_purged":[],"score":89,"play_id":"6e63387f-3b4c-45a6-b8bc-eca16cf549db","local_time":"20210101214811","is_ascension_mode":false,"campfire_choices":[{"data":"animator:Verdia","floor":11,"key":"SMITH"}],"circlet_count":0,"master_deck":["animator:Strike_Konosuba","animator:Defend_Konosuba","animator:Strike","animator:Strike","animator:Strike","animator:Defend","animator:Defend","animator:Defend","animator:Kazuma","animator:Aqua","animator:Megumin+3","animator:Verdia+1","Regret","animator:Chris","animator:Darkness"],"relics":["animator:TheMissingPiece","infinitespire:Cupcake","Regal Pillow","AntiCross"],"acts_visited":["Exordium"],"potions_floor_usage":[6,10,13,13],"damage_taken":[{"damage":2,"enemies":"Cultist","floor":1,"turns":5},{"damage":0,"enemies":"Small Slimes","floor":2,"turns":4},{"damage":4,"enemies":"Jaw Worm","floor":3,"turns":5},{"damage":29,"enemies":"Replay:BlueRogue","floor":6,"turns":10},{"damage":0,"enemies":"Looter","floor":7,"turns":2},{"damage":0,"enemies":"3 Louse","floor":8,"turns":1},{"damage":10,"enemies":"Exordium Thugs","floor":10,"turns":5},{"damage":8,"enemies":"Large Slime","floor":12,"turns":4},{"damage":158,"enemies":"HollowMod:MossKnight","floor":13,"turns":5}],"seed_played":"948810115702912902","potions_obtained":[{"floor":1,"key":"Languid Potion"},{"floor":2,"key":"champ:CounterPotion"},{"floor":4,"key":"Venom Potion"},{"floor":7,"key":"ColorlessPotion"},{"floor":10,"key":"Fire Potion"}],"is_trial":false,"path_per_floor":["M","M","M","?","?","E","M","M","T","M","R","M","E"],"character_chosen":"THE_ANIMATOR","items_purchased":[],"campfire_rested":0,"item_purchase_floors":[],"current_hp_per_floor":[64,66,62,63,63,36,38,40,40,30,30,25,0,0],"gold":304,"neow_bonus":"BOSS_RELIC","is_daily":false,"chose_seed":false,"campfire_upgraded":1,"win_rate":0.0,"timestamp":1609566491,"path_taken":["M","M","M","?","?","E","M","M","T","M","R","M","E"],"items_purchased_type":[],"build_version":"2020-12-22","purchased_purges":0,"victory":false,"max_hp_per_floor":[66,66,66,67,67,67,67,67,67,67,67,68,68,68],"card_choices":[{"not_picked":["animator:MamiTomoe","animator:GazelDwargon"],"picked":"animator:Megumin","floor":1},{"not_picked":["animator:DolaSchwi","animator:Priestess","animator:Yuuichirou"],"picked":"SKIP","floor":2},{"not_picked":["animator:Fredrika","animator:OrikoMikuni","animator:KyokoSakura"],"picked":"SKIP","floor":3},{"not_picked":["animator:Gillette","animator:Shion"],"picked":"animator:Verdia","floor":4},{"not_picked":["animator:Vanir","animator:Verdia"],"picked":"animator:Chris","floor":6},{"not_picked":["animator:Hakurou","animator:ChaikaBohdan","animator:Shigure"],"picked":"SKIP","floor":7},{"not_picked":["animator:Shinoa","animator:Jibril","animator:Souei"],"picked":"SKIP","floor":8},{"not_picked":["animator:Mikaela","animator:Mitsurugi","animator:SwordMaiden"],"picked":"SKIP","floor":10},{"not_picked":["animator:Aqua","animator:Vanir"],"picked":"animator:Darkness","floor":12}],"player_experience":34672,"relics_obtained":[{"floor":6,"key":"AntiCross"}],"event_choices":[{"damage_healed":0,"gold_gain":0,"player_choice":"Box","damage_taken":0,"relics_obtained":["Regal Pillow"],"max_hp_gain":0,"max_hp_loss":0,"event_name":"Big Fish","floor":5,"gold_loss":0,"cards_obtained":["Regret"]}],"is_beta":false,"boss_relics":[],"items_purged_floors":[],"is_endless":false,"potions_floor_spawned":[1,2,7,8,10],"killed_by":"HollowMod:MossKnight","ascension_level":0}}