{"host":"zpo0s982nnba8fjk","time":1609603413,"event":{"mods":["Act Like it!","BaseMod","Downfall","GifTheSpireLib","Hermit","Hubris","Infinite Spire","Jorbs\u0027s Wanderer Trilogy","Minty Spire (QoL Compilation)","Replay The Spire","StSLib","The Animator"],"gold_per_floor":[99,99,99,99,99,99,99,133,144,144,177,189,189,189,200,304,304,304,322,322,342,354,364,364,364,364],"floor_reached":25,"playtime":3643,"items_purged":[],"score":209,"play_id":"2bba8d8a-2b11-42f3-85e4-6b30866883ec","local_time":"20210102170333","is_ascension_mode":false,"campfire_choices":[{"data":"sneckomod:SnekBite","floor":1,"key":"SMITH"},{"floor":13,"key":"REST"},{"data":"sneckomod:DiceCrush","floor":13,"key":"SMITH"},{"data":"sneckomod:UnknownRareSkill","floor":18,"key":"SMITH"}],"circlet_count":0,"master_deck":["sneckomod:Strike","sneckomod:Strike","sneckomod:Strike","sneckomod:Defend","sneckomod:Defend","sneckomod:Defend","sneckomod:TailWhip","sneckomod:SnekBite+1","sneckomod:Unknown+1","sneckomod:Unknown+1","sneckomod:UnknownCommonSkill","sneckomod:DiceBlock","sneckomod:DangerNoodle","infinitespire:Starlight","sneckomod:UnknownClassINFINITE_BLACK","sneckomod:DiceCrush+1","sneckomod:UnknownUncommonPower","sneckomod:RainOfDice","sneckomod:UnknownRareSkill+1","sneckomod:UnknownRarePower","sneckomod:CheapStock","ReplayTheSpireMod:Private Reserves","sneckomod:SoulRoll","sneckomod:UnknownClassSLIMEBOUND"],"relics":["sneckomod:SneckoSoul","downfall:HeartsMalice","Torii","Replay:Bottled Snecko","infinitespire:Magic Flask","Replay:Bottled Eggs","Nunchaku","Ring of Fury","Replay:Bronze Core","Philosopher\u0027s Stone","Unceasing Top"],"acts_visited":["Exordium","TheCity"],"potions_floor_usage":[21,25,25],"damage_taken":[{"damage":0,"enemies":"Cultist","floor":2,"turns":1},{"damage":0,"enemies":"Small Slimes","floor":4,"turns":1},{"damage":0,"enemies":"Jaw Worm","floor":5,"turns":1},{"damage":8,"enemies":"Replay:BlueRogue","floor":8,"turns":5},{"damage":9,"enemies":"Exordium Wildlife","floor":9,"turns":4},{"damage":21,"enemies":"Lagavulin","floor":11,"turns":5},{"damage":9,"enemies":"3 Louse","floor":12,"turns":3},{"damage":2,"enemies":"2 Fungi Beasts","floor":15,"turns":3},{"damage":9,"enemies":"downfall:Ironclad","floor":16,"turns":9},{"damage":22,"enemies":"3 Byrds","floor":19,"turns":7},{"damage":2,"enemies":"Shell Parasite","floor":21,"turns":6},{"damage":21,"enemies":"Chosen and Byrds","floor":22,"turns":5},{"damage":33,"enemies":"Snecko","floor":23,"turns":7},{"damage":7,"enemies":"Snake Plant","floor":25,"turns":2}],"seed_played":"5715306254468229868","potions_obtained":[{"floor":9,"key":"Swift Potion"},{"floor":11,"key":"EssenceOfSteel"},{"floor":12,"key":"Weak Potion"}],"is_trial":false,"path_per_floor":["R","M","T","M","M","?","T","E","M","?","E","M","R","?","M","B",null,"R","M","?","M","M","M","T","M"],"character_chosen":"THE_SNECKO","items_purchased":[],"campfire_rested":1,"item_purchase_floors":[],"current_hp_per_floor":[90,91,91,91,91,68,68,61,62,55,45,46,73,73,72,74,95,95,42,42,50,30,7,7,0,0],"gold":364,"neow_bonus":"THREE_ENEMY_KILL","is_daily":false,"chose_seed":false,"campfire_upgraded":3,"win_rate":0.0,"timestamp":1609603413,"path_taken":["R","M","?","M","M","?","T","E","M","?","E","?","R","?","M","BOSS","R","M","?","?","M","M","T","M"],"items_purchased_type":[],"build_version":"2020-12-22","purchased_purges":0,"victory":false,"max_hp_per_floor":[90,91,91,91,91,91,91,92,92,92,93,93,93,93,94,95,95,95,55,55,55,56,56,56,56,56],"card_choices":[{"not_picked":["sneckomod:QuickBite","sneckomod:DiceCrush"],"picked":"sneckomod:UnknownCommonSkill","floor":2},{"not_picked":["sneckomod:QuickBite","sneckomod:UnknownCommonSkill"],"picked":"sneckomod:DiceBlock","floor":4},{"not_picked":["sneckomod:UnknownCommonSkill","sneckomod:QuickBite"],"picked":"sneckomod:DangerNoodle","floor":5},{"not_picked":["infinitespire:FinalStrike","infinitespire:UltimateForm"],"picked":"infinitespire:Starlight","floor":6},{"not_picked":["sneckomod:SnakeSap","sneckomod:UnknownVulnerable"],"picked":"sneckomod:UnknownClassINFINITE_BLACK","floor":8},{"not_picked":["sneckomod:UnknownClassGREEN","sneckomod:UnknownClassWANDERER_GRAY_COLOR"],"picked":"sneckomod:DiceCrush","floor":9},{"not_picked":["sneckomod:UnknownWeak","sneckomod:UnknownClassTHE_UNNAMED"],"picked":"sneckomod:UnknownUncommonPower","floor":11},{"not_picked":["sneckomod:UnknownBlock","sneckomod:ImprovisedGuard"],"picked":"sneckomod:RainOfDice","floor":12},{"not_picked":["sneckomod:DiceCrush","sneckomod:UnknownCommonAttack"],"picked":"sneckomod:UnknownRareSkill","floor":15},{"not_picked":["sneckomod:UnlimitedRolls","sneckomod:UnknownRareAttack"],"picked":"sneckomod:UnknownRarePower","floor":16},{"not_picked":["sneckomod:SoulDraw","sneckomod:DiceBlock"],"picked":"sneckomod:CheapStock","floor":19},{"not_picked":["sneckomod:WideSting+1","sneckomod:UnknownCommonSkill"],"picked":"sneckomod:SoulRoll","floor":21},{"not_picked":["sneckomod:SnakeSap","sneckomod:WideSting"],"picked":"sneckomod:UnknownClassSLIMEBOUND","floor":22},{"not_picked":["sneckomod:UnknownStrike","sneckomod:UnknownClassPURPLE","sneckomod:IronFang"],"picked":"SKIP","floor":23}],"player_experience":302694,"relics_obtained":[{"floor":3,"key":"Torii"},{"floor":7,"key":"Replay:Bottled Snecko"},{"floor":8,"key":"infinitespire:Magic Flask"},{"floor":11,"key":"Nunchaku"},{"floor":14,"key":"Ring of Fury"},{"floor":24,"key":"Unceasing Top"}],"event_choices":[{"damage_healed":0,"gold_gain":0,"player_choice":"Success","damage_taken":7,"relics_obtained":["Replay:Bottled Eggs"],"max_hp_gain":0,"max_hp_loss":0,"event_name":"Scrap Ooze","floor":10,"gold_loss":0}],"is_beta":false,"boss_relics":[{"not_picked":["downfall:Hecktoplasm","hubris:CrackedHourglass"],"picked":"Replay:Bronze Core"}],"items_purged_floors":[],"is_endless":false,"potions_floor_spawned":[9,11,12,16,19],"killed_by":"Snake Plant","ascension_level":0}}