{"host":"fuci6uvpdv8xr5q3","time":1609625947,"event":{"mods":["Aspiration","BaseMod","BetterRewards","Colored Powertips","Conspire","Halation","Hubris","Infinite Spire","Mimic Mod","Minty Spire (QoL Compilation)","Relic Sorter","Replay The Spire","Spikes Relics","StSLib","The Jungle"],"gold_per_floor":[113,38,38,38,38,70,70,70,93,93,107,123,198,230,230,334,334,347,247,247,122,122,122,157,157,181,215,226,236,236,236,236,338,338,351,192,237,249,249,249,231,244,269,295,309,343,343,355,355],"floor_reached":48,"playtime":3732,"items_purged":["Strike_R","Overencumbered","CommonCold","Clumsy"],"score":608,"play_id":"c0ca7fcb-45bb-4a51-8b3b-1884ea9b2453","local_time":"20210102161907","is_ascension_mode":true,"campfire_choices":[{"data":"Cleave","floor":7,"key":"SMITH"},{"floor":10,"key":"REST"},{"data":"Metallicize","floor":15,"key":"SMITH"},{"data":"Bash","floor":23,"key":"SMITH"},{"data":"Armaments","floor":30,"key":"SMITH"},{"floor":32,"key":"REST"},{"data":"Limit Break","floor":40,"key":"SMITH"}],"circlet_count":0,"master_deck":["Strike_R","Strike_R+1","Strike_R","Defend_R+1","Defend_R","Defend_R","Bash+1","Cleave+1","Ghostly Armor","Thunderclap","Metallicize+1","Rampage","Seeing Red","Limit Break+1","Armaments+1","Feed","Shrug It Off","Armaments+1","Inflame+1","Thunderclap","Cleave+1","Armaments","Parasite","Warcry+1","Madness","Madness"],"relics":["Burning Blood","aspiration:Nostalgia","Ring of the Snake","hubris:ChampionShield","Simple Rune","Quantum Egg","infinitespire:Lucky Rock","Replay:Ancient Bell","halation:PromiseList","aspiration:StickyExplosives_weak","hubris:64BitClover","Orichalcum","The Courier","Red Skull","Garlic","Sozu","FossilizedHelix","halation:PinkSoulGem","GiantMaggot","aspiration:Lifesprig","Centennial Puzzle","Replay:Bandana"],"acts_visited":["Exordium","Exordium","TheBeyond"],"potions_floor_usage":[16,18,33,33,33,33,33,37],"damage_taken":[{"damage":0,"enemies":"conspire:RoseBush","floor":1,"turns":3},{"damage":31,"enemies":"3 Sentries","floor":6,"turns":7},{"damage":0,"enemies":"Small Slimes","floor":11,"turns":1},{"damage":3,"enemies":"infinitespire:Voidling","floor":12,"turns":3},{"damage":21,"enemies":"Gremlin Nob","floor":14,"turns":4},{"damage":53,"enemies":"Hexaghost","floor":16,"turns":10},{"damage":8,"enemies":"theJungle:Flameango_and_Byrd","floor":18,"turns":5},{"damage":27,"enemies":"theJungle:MamaSnecko","floor":24,"turns":4},{"damage":17,"enemies":"Nightmare","floor":27,"turns":5},{"damage":0,"enemies":"Shell Parasite","floor":28,"turns":3},{"damage":0,"enemies":"theJungle:2_Snecko_Cultists","floor":29,"turns":3},{"damage":66,"enemies":"theJungle:TotemBoss","floor":33,"turns":7},{"damage":0,"enemies":"Orb Walker","floor":35,"turns":3},{"damage":38,"enemies":"2 Orb Walkers","floor":37,"turns":5},{"damage":2,"enemies":"3 Darklings","floor":38,"turns":5},{"damage":0,"enemies":"Transient","floor":42,"turns":5},{"damage":11,"enemies":"Giant Head","floor":44,"turns":7},{"damage":0,"enemies":"Writhing Mass","floor":45,"turns":3},{"damage":0,"enemies":"R_Hoarder","floor":46,"turns":5},{"damage":58,"enemies":"Nightmare","floor":48,"turns":6}],"seed_played":"-8156045237828047502","potions_obtained":[{"floor":1,"key":"Explosive Potion"},{"floor":11,"key":"SpeedPotion"},{"floor":16,"key":"Elixir"},{"floor":27,"key":"BloodPotion"},{"floor":28,"key":"EntropicBrew"}],"is_trial":false,"path_per_floor":["M","$","?","?","?","E","R","?","T","R","M","M","T","E","R","B",null,"M","$","?","$","?","R","E","AVR","T","NM","M","M","R","?","R","B",null,"M","$","?","M","?","R","$","M","T","E","M","E","?","NM"],"character_chosen":"IRONCLAD","items_purchased":["Shrug It Off","Thunderclap"],"campfire_rested":2,"item_purchase_floors":[36,41],"current_hp_per_floor":[80,80,80,73,73,48,48,48,48,72,78,80,80,65,65,18,80,78,78,78,78,62,62,41,41,41,30,36,42,42,42,66,22,80,80,80,48,52,52,52,52,58,58,53,59,67,57,0,0],"gold":355,"neow_bonus":"NOSTALGIA","is_daily":false,"chose_seed":false,"campfire_upgraded":5,"win_rate":0.0,"timestamp":1609625947,"path_taken":["M","$","?","?","?","E","R","?","T","R","?","?","?","E","R","BOSS","M","$","?","?","?","R","E","AVR","T","NM","?","M","R","?","R","BOSS","M","$","?","M","?","R","?","?","T","E","M","E","?","NM"],"items_purchased_type":["Card","Card"],"build_version":"2020-12-22","purchased_purges":4,"victory":false,"max_hp_per_floor":[80,80,80,80,80,80,80,80,80,80,80,80,80,80,80,80,80,80,80,80,80,80,80,80,80,80,80,80,80,80,80,80,80,80,80,80,80,80,80,80,80,80,80,80,80,82,82,82,82],"card_choices":[{"not_picked":["Replay:Undeath\u0027s Touch","Run Through"],"picked":"Cleave","floor":1},{"not_picked":["ReplayTheSpireMod:Stacked","Life Link"],"picked":"Ghostly Armor","floor":6},{"not_picked":["Havoc","Headbutt","ReplayTheSpireMod:Limb From Limb"],"picked":"SKIP","floor":11},{"not_picked":["ReplayTheSpireMod:Limb From Limb","Clothesline"],"picked":"Metallicize","floor":12},{"not_picked":["Fiend Fire","Warcry"],"picked":"Rampage","floor":14},{"not_picked":["ReplayTheSpireMod:Faulty Equipment","Intolerance"],"picked":"Clumsy","floor":17},{"not_picked":["hubris:Compulsion","Normality"],"picked":"Overencumbered","floor":17},{"not_picked":["hubris:Compulsion","hubris:Greed"],"picked":"CommonCold","floor":17},{"not_picked":["Twin Strike","hubris:SharpeningStone"],"picked":"Seeing Red","floor":18},{"not_picked":["conspire:HitWhereItHurts","Heavy Blade","Twin Strike"],"picked":"SKIP","floor":24},{"not_picked":["Clothesline","Fire Breathing+1"],"picked":"Limit Break","floor":27},{"not_picked":["Sword Boomerang","hubris:ReadiedAction"],"picked":"Armaments","floor":28},{"not_picked":["Sword Boomerang","Clash","Power Through"],"picked":"SKIP","floor":29},{"not_picked":["Sword Boomerang","Clash","Power Through"],"picked":"SKIP","floor":29},{"not_picked":["Immolate","Reaper"],"picked":"Feed","floor":33},{"not_picked":["Body Slam+1","Anger","Battle Trance+1"],"picked":"SKIP","floor":35},{"not_picked":["hubris:ReadiedAction","ReplayTheSpireMod:Stacked"],"picked":"Armaments+1","floor":37},{"not_picked":["ReplayTheSpireMod:Muscle Training+1","Flex+1"],"picked":"Inflame+1","floor":38},{"not_picked":["Replay:Undeath\u0027s Touch+1","Feed"],"picked":"Cleave+1","floor":42},{"not_picked":["Second Wind+1","Flex"],"picked":"Armaments","floor":44},{"not_picked":["ReplayTheSpireMod:Stacked","Flex"],"picked":"Warcry+1","floor":45},{"not_picked":["Run Through","conspire:HitWhereItHurts","Sword Boomerang+1"],"picked":"SKIP","floor":46}],"player_experience":38484,"relics_obtained":[{"floor":6,"key":"hubris:ChampionShield"},{"floor":9,"key":"Simple Rune"},{"floor":13,"key":"Quantum Egg"},{"floor":14,"key":"infinitespire:Lucky Rock"},{"floor":24,"key":"Orichalcum"},{"floor":26,"key":"Red Skull"},{"floor":27,"key":"Garlic"},{"floor":37,"key":"FossilizedHelix"},{"floor":42,"key":"GiantMaggot"},{"floor":43,"key":"aspiration:Lifesprig"},{"floor":44,"key":"Centennial Puzzle"},{"floor":46,"key":"Replay:Bandana"}],"event_choices":[{"damage_healed":0,"gold_gain":0,"player_choice":"Leave","damage_taken":0,"max_hp_gain":0,"max_hp_loss":0,"event_name":"conspire:Investor","floor":3,"gold_loss":0},{"cards_removed":["Strike_R"],"damage_healed":0,"gold_gain":0,"player_choice":"Card Removal","damage_taken":7,"max_hp_gain":0,"max_hp_loss":0,"event_name":"Golden Wing","floor":4,"gold_loss":0},{"damage_healed":0,"gold_gain":0,"cards_transformed":["Intimidate"],"player_choice":"Transformed","damage_taken":0,"max_hp_gain":0,"max_hp_loss":0,"event_name":"Transmorgrifier","floor":8,"gold_loss":0,"cards_obtained":["Thunderclap"]},{"damage_healed":0,"gold_gain":0,"player_choice":"Fight","damage_taken":0,"max_hp_gain":0,"max_hp_loss":0,"event_name":"Mysterious Sphere","floor":37,"gold_loss":0},{"damage_healed":0,"gold_gain":0,"player_choice":"Embrace Madness","damage_taken":10,"max_hp_gain":0,"max_hp_loss":0,"event_name":"Winding Halls","floor":47,"gold_loss":0,"cards_obtained":["Madness","Madness"]}],"is_beta":false,"boss_relics":[{"not_picked":["halation:CatFaceCupcake","Pandora\u0027s Box"],"picked":"Replay:Ancient Bell"},{"not_picked":["War Paint","Replay:Mystery Machine"],"picked":"halation:PromiseList"},{"not_picked":["hubris:CrystalStatue","Ornamental Fan"],"picked":"aspiration:StickyExplosives_weak"},{"not_picked":["aspiration:AnachronicSnailShell","halation:OrihimeAndHikoboshiSamaAndTears"],"picked":"hubris:64BitClover"},{"not_picked":["halation:MonkeysPaw","SacredBark"],"picked":"Sozu"}],"items_purged_floors":[2,19,21,36],"is_endless":true,"potions_floor_spawned":[1,11,16,27,28,29,45,46],"killed_by":"Nightmare","ascension_level":1}}