{"host":"p9t7qd83igtcp2bh","time":1609606189,"event":{"mods":["2.2 Compatiblity","AchievementEnabler","BaseMod","Colored Map","Colored Powertips","Custom Start","DeckTracker","Hermit","Keyboard Shortcuts","Minty Spire (QoL Compilation)","Permanent Neow","StSLib","SuperFastMode","everything is the same but u backflip on backflip"],"gold_per_floor":[320,336,355,369,384,415,430,451,519,538,538,538,130,150,150,259,259,279,299,224,249,77,106,106,125,149,149,167,272,287,287,287],"floor_reached":31,"playtime":1347,"items_purged":["hermit:Strike_Hermit"],"score":265,"play_id":"66b0e70d-0073-49c0-95bb-e1e593606e8b","local_time":"20210103014949","is_ascension_mode":false,"campfire_choices":[{"data":"hermit:Quickdraw","floor":11.0,"key":"SMITH"},{"data":"hermit:Brawl","floor":15.0,"key":"SMITH"},{"floor":24.0,"key":"REST"}],"circlet_count":0,"master_deck":["hermit:Strike_Hermit","hermit:Strike_Hermit","hermit:Defend_Hermit","hermit:Defend_Hermit","hermit:Defend_Hermit","hermit:Defend_Hermit","hermit:Snapshot","hermit:Covet","hermit:PistolWhip","hermit:GhostlyPresence","hermit:GoldenBullet","hermit:Spite","hermit:PistolWhip","hermit:Scavenge","hermit:Deadeye","hermit:Dissolve","hermit:Quickdraw+1","hermit:Brawl+1","hermit:Enervate","hermit:NoHoldsBarred","hermit:WideOpen","hermit:GoldenBullet","hermit:Manifest","hermit:HeroicBravado","Clumsy","hermit:Determination"],"relics":["hermit:Momento","Old Coin","Lantern","Pantograph","Juzu Bracelet","Matryoshka","Cursed Key","Bottled Tornado","Smiling Mask","Centennial Puzzle","Gambling Chip","White Beast Statue"],"acts_visited":["Exordium","TheCity"],"potions_floor_usage":[],"damage_taken":[{"damage":3.0,"enemies":"Small Slimes","floor":1.0,"turns":3.0},{"damage":0.0,"enemies":"2 Louse","floor":2.0,"turns":2.0},{"damage":2.0,"enemies":"Jaw Worm","floor":3.0,"turns":3.0},{"damage":5.0,"enemies":"3 Louse","floor":4.0,"turns":4.0},{"damage":5.0,"enemies":"Lots of Slimes","floor":5.0,"turns":5.0},{"damage":17.0,"enemies":"Lagavulin","floor":6.0,"turns":6.0},{"damage":0.0,"enemies":"2 Fungi Beasts","floor":7.0,"turns":2.0},{"damage":3.0,"enemies":"Blue Slaver","floor":8.0,"turns":3.0},{"damage":8.0,"enemies":"Lots of Slimes","floor":10.0,"turns":2.0},{"damage":0.0,"enemies":"Looter","floor":14.0,"turns":3.0},{"damage":14.0,"enemies":"Hexaghost","floor":16.0,"turns":10.0},{"damage":4.0,"enemies":"3 Byrds","floor":18.0,"turns":6.0},{"damage":0.0,"enemies":"Spheric Guardian","floor":19.0,"turns":4.0},{"damage":17.0,"enemies":"Snake Plant","floor":21.0,"turns":4.0},{"damage":39.0,"enemies":"Gremlin Leader","floor":23.0,"turns":6.0},{"damage":2.0,"enemies":"Chosen and Byrds","floor":25.0,"turns":4.0},{"damage":0.0,"enemies":"Snecko","floor":28.0,"turns":4.0},{"damage":21.0,"enemies":"Colosseum Slavers","floor":29.0,"turns":5.0},{"damage":16.0,"enemies":"Colosseum Nobs","floor":29.0,"turns":4.0},{"damage":0.0,"enemies":"Cultist and Chosen","floor":30.0,"turns":4.0},{"damage":0,"enemies":"Snake Plant","floor":31,"turns":1}],"seed_played":"7669628314606059593","potions_obtained":[{"floor":1.0,"key":"AttackPotion"},{"floor":4.0,"key":"Block Potion"},{"floor":5.0,"key":"AttackPotion"},{"floor":6.0,"key":"hermit:Eclipse"},{"floor":10.0,"key":"SkillPotion"},{"floor":16.0,"key":"PowerPotion"},{"floor":19.0,"key":"SpeedPotion"},{"floor":28.0,"key":"hermit:Eclipse"},{"floor":30.0,"key":"Strength Potion"}],"is_trial":false,"path_per_floor":["M","M","M","M","M","E","M","M","T","M","R","?","$","M","R","B",null,"M","M","?","M","$","E","R","M","T","$","M","?","M","M"],"character_chosen":"HERMIT","items_purchased":["hermit:Brawl","Matryoshka","hermit:Enervate","Fruit Juice"],"campfire_rested":1,"item_purchase_floors":[13,13,13,22],"current_hp_per_floor":[72,72,70,65,60,43,43,40,40,32,32,25,25,25,25,36,75,71,71,71,54,54,20,44,42,42,42,42,5,5,5,5],"gold":287,"neow_bonus":"ONE_RARE_RELIC","is_daily":false,"chose_seed":false,"campfire_upgraded":2,"win_rate":0.0,"timestamp":1609606189,"path_taken":["M","M","M","M","M","E","M","M","T","M","R","?","$","M","R","BOSS","M","M","?","M","$","E","R","M","T","$","M","?","M","M"],"items_purchased_type":["Card","Relic","Card","Potion"],"build_version":"2020-12-22","purchased_purges":1,"victory":false,"max_hp_per_floor":[75,75,75,75,75,75,75,75,75,75,75,75,75,75,75,75,75,75,75,75,75,75,80,80,80,80,80,80,80,80,80,80],"card_choices":[{"not_picked":["hermit:TakeAim","hermit:Dive"],"picked":"hermit:PistolWhip","floor":1.0},{"not_picked":["hermit:Desperado","hermit:BodyArmor"],"picked":"hermit:GhostlyPresence","floor":2.0},{"not_picked":["hermit:Coalescence","hermit:Shortfuse"],"picked":"hermit:GoldenBullet","floor":3.0},{"not_picked":["hermit:HoleUp","hermit:ItchyTrigger"],"picked":"hermit:Spite","floor":4.0},{"not_picked":["hermit:ShadowCloak","hermit:FullyLoaded"],"picked":"hermit:PistolWhip","floor":5.0},{"not_picked":["hermit:DeadMansHand","hermit:Coalescence"],"picked":"hermit:Scavenge","floor":6.0},{"not_picked":["hermit:LowProfile","hermit:Glare"],"picked":"hermit:Deadeye","floor":7.0},{"not_picked":["hermit:Showdown","hermit:WideOpen"],"picked":"hermit:Dissolve","floor":8.0},{"not_picked":["hermit:GhostlyPresence","hermit:Manifest"],"picked":"hermit:Quickdraw","floor":10.0},{"not_picked":["hermit:Feint","hermit:Snipe"],"picked":"hermit:NoHoldsBarred","floor":14.0},{"not_picked":["hermit:LowProfile","hermit:Glare"],"picked":"hermit:WideOpen","floor":18.0},{"not_picked":["hermit:BodyArmor","hermit:Misfire"],"picked":"hermit:GoldenBullet","floor":19.0},{"not_picked":["hermit:Grudge","hermit:Deadeye"],"picked":"hermit:Manifest","floor":21.0},{"not_picked":["hermit:Quickdraw","hermit:HoleUp","hermit:Roulette"],"picked":"SKIP","floor":23.0},{"not_picked":["hermit:Vantage","hermit:ItchyTrigger"],"picked":"hermit:HeroicBravado","floor":25.0},{"not_picked":["hermit:Feint","hermit:FullyLoaded","hermit:Quickdraw"],"picked":"SKIP","floor":28.0},{"not_picked":["hermit:NoHoldsBarred","hermit:BigShot"],"picked":"hermit:Determination","floor":29.0},{"not_picked":["hermit:Vantage","hermit:Snipe","hermit:Scavenge"],"picked":"SKIP","floor":30.0}],"player_experience":596385,"relics_obtained":[{"floor":6.0,"key":"Lantern"},{"floor":9.0,"key":"Pantograph"},{"floor":23.0,"key":"Bottled Tornado"},{"floor":26.0,"key":"Smiling Mask"},{"floor":26.0,"key":"Centennial Puzzle"},{"floor":29.0,"key":"Gambling Chip"},{"floor":29.0,"key":"White Beast Statue"}],"event_choices":[{"damage_healed":0.0,"max_hp_gain":0.0,"max_hp_loss":0.0,"gold_gain":0.0,"event_name":"Scrap Ooze","player_choice":"Success","floor":12.0,"gold_loss":0.0,"damage_taken":7.0,"relics_obtained":["Juzu Bracelet"]},{"cards_removed":["hermit:Strike_Hermit"],"damage_healed":0.0,"max_hp_gain":0.0,"max_hp_loss":0.0,"gold_gain":0.0,"event_name":"Beggar","player_choice":"Gave Gold","floor":20.0,"gold_loss":75.0,"damage_taken":0.0},{"damage_healed":0.0,"max_hp_gain":0.0,"max_hp_loss":0.0,"gold_gain":0.0,"event_name":"Colosseum","player_choice":"Fight","floor":29.0,"gold_loss":0.0,"damage_taken":0.0},{"damage_healed":0.0,"max_hp_gain":0.0,"max_hp_loss":0.0,"gold_gain":0.0,"event_name":"Colosseum","player_choice":"Fought Nobs","floor":29.0,"gold_loss":0.0,"damage_taken":0.0}],"is_beta":false,"boss_relics":[{"not_picked":["Snecko Eye","Runic Dome"],"picked":"Cursed Key"}],"items_purged_floors":[22],"is_endless":false,"potions_floor_spawned":[1,4,5,6,10,16,19,28,29,30],"killed_by":"Snake Plant","ascension_level":0}}