{"host":"newqdrzxfhh2im9e","time":1609555211,"event":{"mods":["AchievementEnabler","BaseMod","BetterRewards","Block Reminder","Colored Map","Jorbs\u0027s Wanderer Trilogy","Minty Spire (QoL Compilation)","Rare Cards Sparkle","Shop Mod","StSLib"],"gold_per_floor":[110,110,110,125,142,142,317,334,334,334,22,22,22,53,53,154,154,174,174,174],"floor_reached":19,"playtime":459,"items_purged":[],"score":206,"play_id":"6dd0d181-a0a1-4b7a-9748-5e76dffbb1c8","local_time":"20210101184011","is_ascension_mode":true,"campfire_choices":[{"data":"Chaos","floor":6,"key":"SMITH"},{"data":"Storm","floor":10,"key":"SMITH"},{"floor":15,"key":"REST"}],"circlet_count":0,"master_deck":["Strike_B","Strike_B","Strike_B","Strike_B","Defend_B","Defend_B","Defend_B","Zap","Dualcast","Storm+1","Ball Lightning","Chaos+1","Doubt","Compile Driver","Dramatic Entrance","Doom and Gloom+1","Tempest","Creative AI","Blizzard+1"],"relics":["Cracked Core","Art of War","Torii","Blue Candle","PreservedInsect","Pen Nib","Inserter"],"acts_visited":["Exordium","TheCity"],"potions_floor_usage":[14,16,18],"damage_taken":[{"damage":11,"enemies":"Small Slimes","floor":1,"turns":3},{"damage":7,"enemies":"2 Louse","floor":4,"turns":2},{"damage":1,"enemies":"Jaw Worm","floor":5,"turns":3},{"damage":6,"enemies":"2 Fungi Beasts","floor":8,"turns":2},{"damage":11,"enemies":"3 Sentries","floor":14,"turns":3},{"damage":39,"enemies":"The Guardian","floor":16,"turns":10},{"damage":35,"enemies":"2 Thieves","floor":18,"turns":3},{"damage":34,"enemies":"Spheric Guardian","floor":19,"turns":3}],"seed_played":"-5871813620938721276","potions_obtained":[{"floor":5,"key":"Energy Potion"},{"floor":14,"key":"PotionOfCapacity"},{"floor":16,"key":"BlessingOfTheForge"}],"is_trial":false,"path_per_floor":["M","?","?","M","M","R","?","M","T","R","$","$","?","E","R","B",null,"M","M"],"character_chosen":"DEFECT","items_purchased":["PreservedInsect","Dramatic Entrance","Doom and Gloom"],"campfire_rested":1,"item_purchase_floors":[11,11,11],"current_hp_per_floor":[64,61,54,47,46,46,46,40,40,40,40,40,40,29,51,12,59,24,0,0],"gold":174,"neow_bonus":"RANDOM_COMMON_RELIC","is_daily":false,"chose_seed":false,"campfire_upgraded":2,"win_rate":0.0,"timestamp":1609555211,"path_taken":["M","?","?","M","M","R","?","M","T","R","?","$","?","E","R","BOSS","M","?"],"items_purchased_type":["Relic","Card","Card"],"build_version":"2020-12-22","purchased_purges":0,"victory":false,"max_hp_per_floor":[75,75,75,75,75,75,75,75,75,75,75,75,75,75,75,75,75,75,75,75],"card_choices":[{"not_picked":["Beam Cell","Steam"],"picked":"Storm","floor":1},{"not_picked":["Cold Snap","Beam Cell"],"picked":"Ball Lightning","floor":4},{"not_picked":["Gash","Turbo"],"picked":"Chaos","floor":5},{"not_picked":["Aggregate","Leap"],"picked":"Compile Driver","floor":8},{"not_picked":["Beam Cell","Chaos"],"picked":"Tempest","floor":14},{"not_picked":["Rainbow","Echo Form"],"picked":"Creative AI","floor":16},{"not_picked":["Aggregate","Ball Lightning+1"],"picked":"Blizzard+1","floor":18}],"player_experience":670981,"relics_obtained":[{"floor":9,"key":"Blue Candle"},{"floor":14,"key":"Pen Nib"}],"event_choices":[{"damage_healed":0,"gold_gain":0,"player_choice":"Success","damage_taken":3,"relics_obtained":["Torii"],"max_hp_gain":0,"max_hp_loss":0,"event_name":"Scrap Ooze","floor":2,"gold_loss":0},{"cards_removed":["Defend_B"],"damage_healed":0,"gold_gain":0,"player_choice":"Card Removal","damage_taken":7,"max_hp_gain":0,"max_hp_loss":0,"event_name":"Golden Wing","floor":3,"gold_loss":0},{"damage_healed":0,"gold_gain":175,"player_choice":"AGREE","damage_taken":0,"max_hp_gain":0,"max_hp_loss":0,"event_name":"Liars Game","floor":7,"gold_loss":0,"cards_obtained":["Doubt"]},{"damage_healed":0,"gold_gain":0,"player_choice":"Forge","damage_taken":0,"max_hp_gain":0,"max_hp_loss":0,"event_name":"Accursed Blacksmith","floor":13,"gold_loss":0,"cards_upgraded":["Doom and Gloom"]}],"is_beta":false,"boss_relics":[{"not_picked":["Philosopher\u0027s Stone","Pandora\u0027s Box"],"picked":"Inserter"}],"items_purged_floors":[],"is_endless":false,"potions_floor_spawned":[5,14,16],"killed_by":"Spheric Guardian","ascension_level":5}}