{"host":"g1wmg2w41xhsnw8g","time":1609558968,"event":{"mods":["2.2 Compatiblity","Act Like it!","BaseMod","Better Altar","Better Match","Better Note","Better Sensory Stone","Better Skull","Better Third Choice","BetterRewards","Booster Modes","CapriCore","ChefMod","Clawfect","Colored Map","Colored Powertips","Curses Come First","Defuse TimeMaze Blight","Displayed Cursed Tome","Evolution","Friendly Minions","GifTheSpireLib","Googly Eyes","Hubris","Infinite Spire","Minty Spire (QoL Compilation)","Red Circlet Mod","Relic Sorter","SCP261 Mod","Shop Mod","Spicy Shops","StSLib","The Sage","Transform Curses","Wandering Minibosses","????"],"gold_per_floor":[109,128,147,158,4,4,34,34,59,59,69,69,69,81,81,180,180,193,118,135,152,36,36,36,36],"floor_reached":24,"playtime":1344,"items_purged":[],"score":363,"play_id":"7a170ea8-4e61-417c-b7ad-475795ce67a3","local_time":"20210101224248","is_ascension_mode":true,"campfire_choices":[{"data":"Electrodynamics","floor":6,"key":"SMITH"},{"data":"Darkness","floor":10,"key":"SMITH"},{"floor":15,"key":"REST"},{"data":"Tempest","floor":23,"key":"SMITH"}],"circlet_count":0,"master_deck":["Gash","Gash","Gash","Gash","Gash","Conserve Battery","Conserve Battery","Conserve Battery+1","Conserve Battery+1","Conserve Battery","Electrodynamics+1","Darkness+1","Clawfect:ClawCell","Clawfect:ClawForTheEyes","Clawfect:ClawLightning","FTL","Clawfect:ClawLightning","Tempest+1","Clawfect:ClawAndGloom","Core Surge","Clawfect:ClawCell","Coolheaded+1","Clawfect:Clawrage","Fusion","Static Discharge","Coolheaded"],"relics":["hubris:Icosahedron","MerchantsRug","infinitespire:Beetle Shell","Boot","infinitespire:Cubic Diamond","Black Star","wanderingMiniBosses:CarrionFlame","Runic Capacitor"],"acts_visited":["Exordium","TheCity"],"potions_floor_usage":[4,14,16,18,21],"damage_taken":[{"damage":12,"enemies":"infinitespire:Voidling","floor":1,"turns":4},{"damage":0,"enemies":"Cultist","floor":2,"turns":4},{"damage":8,"enemies":"Jaw Worm","floor":3,"turns":6},{"damage":10,"enemies":"Looter","floor":4,"turns":3},{"damage":11,"enemies":"Lagavulin","floor":7,"turns":5},{"damage":7,"enemies":"Blue Slaver","floor":11,"turns":3},{"damage":12,"enemies":"2 Fungi Beasts","floor":14,"turns":3},{"damage":16,"enemies":"The Guardian","floor":16,"turns":6},{"damage":12,"enemies":"Shell Parasite","floor":18,"turns":5},{"damage":15,"enemies":"Spheric Guardian","floor":20,"turns":4},{"damage":24,"enemies":"Shelled Parasite and Fungi","floor":21,"turns":3},{"damage":51,"enemies":"Nightmare","floor":24,"turns":6}],"seed_played":"1761629893295194307","potions_obtained":[{"floor":3,"key":"SCP261:SweetSwarmPotion"},{"floor":7,"key":"LiquidBronze"},{"floor":11,"key":"Energy Potion"},{"floor":14,"key":"AttackPotion"},{"floor":20,"key":"Swift Potion"}],"is_trial":false,"path_per_floor":["M","M","M","M","$","R","E","?","T","R","M","?","?","M","R","B",null,"M","?","M","M","$","R","NM"],"character_chosen":"DEFECT","items_purchased":["MerchantsRug","Electrodynamics","Potion Belt","Runic Capacitor","Static Discharge","Coolheaded"],"campfire_rested":1,"item_purchase_floors":[0,0,5,22,22,22],"current_hp_per_floor":[63,63,55,45,45,45,34,34,34,34,27,27,27,15,37,21,75,63,63,48,51,51,51,0,0],"gold":36,"neow_bonus":"","is_daily":false,"chose_seed":false,"campfire_upgraded":3,"win_rate":0.0,"timestamp":1609558968,"path_taken":["M","?","M","M","$","R","E","?","T","R","M","?","?","M","R","BOSS","M","?","M","M","$","R","NM"],"items_purchased_type":["Relic","Card","Relic","Relic","Card","Card"],"build_version":"2020-12-22","purchased_purges":0,"victory":false,"max_hp_per_floor":[75,75,75,75,75,75,75,75,75,75,75,75,75,75,75,75,75,75,75,75,75,75,75,75,75],"card_choices":[{"not_picked":["Rebound","Clawfect:ClawpileDriver"],"picked":"Clawfect:ClawCell","floor":1},{"not_picked":["Reinforced Body","Chaos"],"picked":"Clawfect:ClawForTheEyes","floor":2},{"not_picked":["FTL","Lockon"],"picked":"Clawfect:ClawLightning","floor":3},{"not_picked":["Leap","Clawfect:ClawForTheEyes"],"picked":"FTL","floor":4},{"not_picked":["Blizzard","FTL"],"picked":"Clawfect:ClawLightning","floor":7},{"not_picked":["Leap","Stack"],"picked":"Tempest","floor":11},{"not_picked":["Reprogram","Chaos"],"picked":"Clawfect:ClawAndGloom","floor":14},{"not_picked":["Amplify","hubris:Prefetch"],"picked":"Core Surge","floor":16},{"not_picked":["Conserve Battery","hubris:PowerSurge"],"picked":"Clawfect:ClawCell","floor":18},{"not_picked":["Redo+1","Clawfect:ClawingBeam+1"],"picked":"Coolheaded+1","floor":19},{"not_picked":["Clawfect:ClawCell","Hologram"],"picked":"Clawfect:Clawrage","floor":20},{"not_picked":["Clawfect:ScrapingClaw","Clawfect:Clawline"],"picked":"Fusion","floor":21}],"player_experience":853038,"relics_obtained":[{"floor":7,"key":"War Paint"},{"floor":8,"key":"infinitespire:Beetle Shell"},{"floor":9,"key":"Boot"},{"floor":18,"key":"wanderingMiniBosses:CarrionFlame"}],"event_choices":[{"damage_healed":0,"gold_gain":0,"player_choice":"2","damage_taken":0,"max_hp_gain":0,"max_hp_loss":0,"event_name":"betterMatch:BetterMatch","floor":19,"gold_loss":0,"cards_obtained":["betterMatch:CommonCard"]}],"is_beta":false,"boss_relics":[{"not_picked":["Astrolabe","Tiny House"],"picked":"Black Star"}],"items_purged_floors":[],"is_endless":false,"potions_floor_spawned":[3,7,11,14,20],"killed_by":"Nightmare","ascension_level":1}}