{"host":"h4lp0eeso8a0ssq0","time":1609560381,"event":{"mods":["2.2 Compatiblity","AchievementEnabler","BaseMod","CapriCore","Colored Map","Lobotomy","Minty Spire (QoL Compilation)","StSLib","SuperFastMode"],"gold_per_floor":[112,112,132,132,151,151,76,91,91,108,125,125,125,145,145,248,248,263,263,163,163,92,191,191,216,216,234,261,136,136,148,148,246,246,257,107,126,126,144,144,44,61,61,61,61,61],"floor_reached":45,"playtime":1776,"items_purged":["Defend_P","Strike_P","Strike_P","Defend_P"],"score":520,"play_id":"1b393729-56d0-4986-9aeb-2f1113e7d78f","local_time":"20210102130621","is_ascension_mode":false,"campfire_choices":[{"data":"Eruption","floor":6.0,"key":"SMITH"},{"data":"Vigilance","floor":13.0,"key":"SMITH"},{"data":"Halt","floor":15.0,"key":"SMITH"},{"data":"Adaptation","floor":24.0,"key":"SMITH"},{"floor":30.0,"key":"REST"},{"floor":32.0,"key":"REST"},{"data":"Defend_P","floor":40.0,"key":"SMITH"}],"circlet_count":0,"master_deck":["Defend_P+1","Eruption+1","Halt+1","Adaptation+1"],"relics":["Cursed Key"],"acts_visited":["Exordium","TheCity","TheBeyond"],"potions_floor_usage":[],"damage_taken":[{"damage":1.0,"enemies":"Jaw Worm","floor":1.0,"turns":4.0},{"damage":0.0,"enemies":"2 Louse","floor":3.0,"turns":3.0},{"damage":0.0,"enemies":"Cultist","floor":5.0,"turns":3.0},{"damage":0.0,"enemies":"Blue Slaver","floor":8.0,"turns":2.0},{"damage":8.0,"enemies":"Lots of Slimes","floor":10.0,"turns":3.0},{"damage":0.0,"enemies":"Large Slime","floor":11.0,"turns":4.0},{"damage":0.0,"enemies":"Exordium Thugs","floor":14.0,"turns":4.0},{"damage":49.0,"enemies":"The Guardian","floor":16.0,"turns":23.0},{"damage":11.0,"enemies":"Shell Parasite","floor":18.0,"turns":7.0},{"damage":0.0,"enemies":"3 Byrds","floor":21.0,"turns":4.0},{"damage":0.0,"enemies":"Book of Stabbing","floor":25.0,"turns":7.0},{"damage":18.0,"enemies":"Snake Plant","floor":27.0,"turns":8.0},{"damage":9.0,"enemies":"Gremlin Leader","floor":28.0,"turns":6.0},{"damage":0.0,"enemies":"Shelled Parasite and Fungi","floor":31.0,"turns":5.0},{"damage":0.0,"enemies":"Automaton","floor":33.0,"turns":13.0},{"damage":0.0,"enemies":"3 Darklings","floor":35.0,"turns":6.0},{"damage":2.0,"enemies":"3 Shapes","floor":37.0,"turns":6.0},{"damage":0.0,"enemies":"Writhing Mass","floor":39.0,"turns":10.0},{"damage":0.0,"enemies":"Spire Growth","floor":42.0,"turns":6.0},{"damage":37,"enemies":"Maw","floor":45,"turns":5}],"seed_played":"950889203204511358","potions_obtained":[{"floor":8.0,"key":"SmokeBomb"},{"floor":10.0,"key":"SteroidPotion"},{"floor":11.0,"key":"Fruit Juice"},{"floor":25.0,"key":"DuplicationPotion"},{"floor":31.0,"key":"StancePotion"},{"floor":35.0,"key":"FearPotion"}],"is_trial":false,"path_per_floor":["M","?","M","?","M","R","$","M","T","M","M","?","R","M","R","B",null,"M","?","$","M","$","?","R","E","T","M","E","$","R","M","R","B",null,"M","$","M","?","M","R","$","M","T","?","M"],"character_chosen":"WATCHER","items_purchased":["Adaptation","SmokeBomb"],"campfire_rested":2,"item_purchase_floors":[22,41],"current_hp_per_floor":[71,71,71,71,71,71,71,71,71,63,68,68,68,68,68,19,77,66,59,59,59,59,59,59,59,59,41,32,32,55,55,77,77,77,77,77,75,73,73,73,73,73,73,73,36,36],"gold":61,"neow_bonus":"BOSS_RELIC","is_daily":false,"chose_seed":false,"campfire_upgraded":5,"win_rate":0.0,"timestamp":1609560381,"path_taken":["M","?","M","?","M","R","$","M","T","?","M","?","R","?","R","BOSS","M","?","$","?","$","?","R","E","T","M","E","$","R","M","R","BOSS","M","$","M","?","M","R","$","M","T","?","M"],"items_purchased_type":["Card","Potion"],"build_version":"2020-12-22","purchased_purges":4,"victory":false,"max_hp_per_floor":[72,72,72,72,72,72,72,72,72,72,77,77,77,77,77,77,77,77,77,77,77,77,77,77,77,77,77,77,77,77,77,77,77,77,77,77,77,73,73,73,73,73,73,73,73,73],"card_choices":[{"not_picked":["CutThroughFate","Protect","EmptyFist"],"picked":"SKIP","floor":1.0},{"not_picked":["Study","FollowUp","LikeWater"],"picked":"SKIP","floor":3.0},{"not_picked":["Crescendo","Wallop","FollowUp"],"picked":"SKIP","floor":5.0},{"not_picked":["FlyingSleeves","FollowUp","Evaluate"],"picked":"SKIP","floor":8.0},{"not_picked":["Halt","Worship","Evaluate"],"picked":"SKIP","floor":10.0},{"not_picked":["EmptyFist","Fasting2","Wireheading"],"picked":"SKIP","floor":11.0},{"not_picked":["Prostrate","CutThroughFate","BowlingBash"],"picked":"SKIP","floor":14.0},{"not_picked":["FlyingSleeves","EmptyBody","Consecrate"],"picked":"SKIP","floor":18.0},{"not_picked":["Conclude+1","Wallop","Prostrate"],"picked":"SKIP","floor":25.0},{"not_picked":["Evaluate","CarveReality","Blasphemy"],"picked":"SKIP","floor":27.0},{"not_picked":["MentalFortress","Meditate","Sanctity"],"picked":"SKIP","floor":28.0},{"not_picked":["SashWhip","FlyingSleeves","EmptyFist"],"picked":"SKIP","floor":31.0},{"not_picked":["Study","Evaluate+1","Conclude"],"picked":"SKIP","floor":35.0},{"not_picked":["EmptyFist","Halt+1","ThirdEye"],"picked":"SKIP","floor":37.0},{"not_picked":["BowlingBash","WreathOfFlame+1","CutThroughFate+1"],"picked":"SKIP","floor":39.0},{"not_picked":["ThirdEye","SandsOfTime+1","FollowUp"],"picked":"SKIP","floor":42.0}],"player_experience":26940,"relics_obtained":[],"event_choices":[{"cards_removed":["Strike_P"],"damage_healed":0.0,"max_hp_gain":0.0,"max_hp_loss":0.0,"gold_gain":0.0,"event_name":"Living Wall","player_choice":"Forget","floor":2.0,"gold_loss":0.0,"damage_taken":0.0},{"damage_healed":0.0,"max_hp_gain":0.0,"max_hp_loss":0.0,"gold_gain":0.0,"cards_transformed":["Defend_P"],"event_name":"Transmorgrifier","player_choice":"Transformed","floor":4.0,"gold_loss":0.0,"damage_taken":0.0,"cards_obtained":["Halt"]},{"cards_removed":["Strike_P"],"damage_healed":0.0,"max_hp_gain":0.0,"max_hp_loss":0.0,"gold_gain":0.0,"event_name":"Bonfire Elementals","player_choice":"Offered Basic","floor":12.0,"gold_loss":0.0,"damage_taken":0.0},{"damage_healed":0.0,"max_hp_gain":0.0,"max_hp_loss":0.0,"gold_gain":0.0,"event_name":"Wheel of Change","player_choice":"Damaged","floor":19.0,"gold_loss":0.0,"damage_taken":7.0},{"damage_healed":0.0,"max_hp_gain":0.0,"max_hp_loss":0.0,"gold_gain":99.0,"event_name":"Nest","player_choice":"Stole From Cult","floor":23.0,"gold_loss":0.0,"damage_taken":0.0},{"damage_healed":0.0,"max_hp_gain":0.0,"max_hp_loss":4.0,"gold_gain":0.0,"event_name":"Winding Halls","player_choice":"Max HP","floor":38.0,"gold_loss":0.0,"damage_taken":0.0},{"cards_removed":["Vigilance"],"damage_healed":0.0,"max_hp_gain":0.0,"max_hp_loss":0.0,"gold_gain":0.0,"event_name":"Falling","player_choice":"Removed Skill","floor":44.0,"gold_loss":0.0,"damage_taken":0.0}],"is_beta":false,"boss_relics":[{"not_picked":[]},{"not_picked":[]}],"items_purged_floors":[7,20,29,36],"is_endless":false,"potions_floor_spawned":[8,10,11,25,31,35,42],"killed_by":"Maw","ascension_level":0}}