{"host":"dcj2yvrgcvh5dl2s","time":1609559229,"event":{"mods":["BaseMod","Better Note","Block Reminder","Colored Powertips","DeckTracker","Minty Spire (QoL Compilation)","Quick Restart","Rare Cards Sparkle","Relic Stats","StSLib"],"gold_per_floor":[118,130,26,41,41,41,69,69,69,69,69,69],"floor_reached":11,"playtime":214,"items_purged":["Strike_R"],"score":135,"play_id":"4820796e-3dd7-478c-b675-6834290500d0","local_time":"20210102134709","is_ascension_mode":true,"campfire_choices":[{"data":"Flex","floor":6,"key":"SMITH"},{"floor":8,"key":"REST"}],"circlet_count":0,"master_deck":["AscendersBane","Strike_R","Strike_R","Strike_R","Strike_R","Defend_R","Defend_R","Defend_R","Defend_R","Bash","Flex+1","Disarm","Cleave","Disarm","Seeing Red"],"relics":["Burning Blood","NeowsBlessing","Gremlin Horn","Meat on the Bone","Smiling Mask"],"acts_visited":["Exordium"],"potions_floor_usage":[11],"damage_taken":[{"damage":0,"enemies":"Small Slimes","floor":1,"turns":1},{"damage":0,"enemies":"2 Louse","floor":2,"turns":1},{"damage":0,"enemies":"Cultist","floor":4,"turns":1},{"damage":63,"enemies":"Gremlin Nob","floor":7,"turns":6},{"damage":40,"enemies":"3 Sentries","floor":11,"turns":5}],"seed_played":"4912076974444043458","potions_obtained":[{"floor":4,"key":"Energy Potion"}],"is_trial":false,"path_per_floor":["M","M","$","M","?","R","E","R","T","?","E"],"character_chosen":"IRONCLAD","items_purchased":["Cleave"],"campfire_rested":1,"item_purchase_floors":[3],"current_hp_per_floor":[74,75,75,75,75,75,18,40,40,33,0,0],"gold":69,"neow_bonus":"THREE_ENEMY_KILL","is_daily":false,"chose_seed":false,"campfire_upgraded":1,"win_rate":0.0,"timestamp":1609559229,"path_taken":["M","M","$","M","?","R","E","R","T","?","E"],"items_purchased_type":["Card"],"build_version":"2020-12-22","purchased_purges":1,"victory":false,"max_hp_per_floor":[75,75,75,75,75,75,75,75,75,75,75,75],"relic_stats":{"Gremlin Horn":[1,1],"counters":[5,14],"Smiling Mask":0,"obtain_stats":[{"NeowsBlessing":0,"Gremlin Horn":5,"Smiling Mask":9,"Burning Blood":0,"Meat on the Bone":7},{"NeowsBlessing":0,"Gremlin Horn":3,"Smiling Mask":4,"Burning Blood":0,"Meat on the Bone":4},{"NeowsBlessing":0,"Gremlin Horn":3,"Smiling Mask":9,"Burning Blood":0,"Meat on the Bone":9}],"Burning Blood":13,"Meat on the Bone":0},"card_choices":[{"not_picked":["Clash","Heavy Blade"],"picked":"Flex","floor":1},{"not_picked":["Perfected Strike","Blood for Blood"],"picked":"Disarm","floor":2},{"not_picked":["Wild Strike","Ghostly Armor"],"picked":"Disarm","floor":4},{"not_picked":["Combust","True Grit"],"picked":"Seeing Red","floor":7}],"player_experience":2145642,"relics_obtained":[{"floor":7,"key":"Meat on the Bone"},{"floor":9,"key":"Smiling Mask"}],"event_choices":[{"damage_healed":0,"gold_gain":0,"player_choice":"Box","damage_taken":0,"relics_obtained":["Gremlin Horn"],"max_hp_gain":0,"max_hp_loss":0,"event_name":"Big Fish","floor":5,"gold_loss":0,"cards_obtained":["Regret"]},{"cards_removed":["Regret"],"damage_healed":0,"gold_gain":0,"player_choice":"Card Removal","damage_taken":7,"max_hp_gain":0,"max_hp_loss":0,"event_name":"Golden Wing","floor":10,"gold_loss":0}],"is_beta":false,"boss_relics":[],"items_purged_floors":[3],"is_endless":false,"potions_floor_spawned":[4],"killed_by":"3 Sentries","ascension_level":18}}