{"host":"bjzqjr1ycgj8gt55","time":1609567169,"event":{"mods":["BaseMod","Better Altar","Better Match","Better Sensory Stone","Better Skull","Better Third Choice","Better Vampires","Block Reminder","Colored Map","Colored Powertips","Downfall","GifTheSpireLib","Hermit","Infinite Spire","Minty Spire (QoL Compilation)","Rare Cards Sparkle","Red Circlet Mod","Spicy Shops","StSLib","Waifu the Spire","everything is the same but u backflip on backflip","slay the spire mod where everything is the same but ironclad has a cowboy hat"],"gold_per_floor":[99,111,111,127,146,146,446,458,458,486,486,514,535,34,44,44,44,44],"floor_reached":16,"playtime":605,"items_purged":[],"score":129,"play_id":"8e24e231-7450-44c3-8eb6-4a337204cfd3","local_time":"20210101235929","is_ascension_mode":false,"campfire_choices":[{"data":"1","floor":1,"key":"LIFT"},{"data":"2","floor":6,"key":"LIFT"},{"data":"3","floor":9,"key":"LIFT"}],"circlet_count":0,"master_deck":["hexamod:Strike","hexamod:Strike","hexamod:Strike","hexamod:Strike","hexamod:Defend","hexamod:Defend","hexamod:Defend","hexamod:Defend","hexamod:Sear","hexamod:Float","Doubt","hexamod:SoulSteal","hexamod:EmpoweredFlame","hexamod:ThermalTransfer","hexamod:PhantomFireball","hexamod:SecondSeal","hexamod:HeatShield+1","hexamod:ExtraCrispy+1","hexamod:FourthSeal","hexamod:BurningTouch","hexamod:SixthSeal","hexamod:WildfireWeapon"],"relics":["hexamod:SpiritBrand","Girya","Old Coin","infinitespire:Golems Mask","Frozen Eye","Pear","Blood Vial"],"acts_visited":["Exordium"],"potions_floor_usage":[15],"damage_taken":[{"damage":0,"enemies":"Small Slimes","floor":2,"turns":3},{"damage":1,"enemies":"Cultist","floor":4,"turns":3},{"damage":5,"enemies":"Jaw Worm","floor":5,"turns":3},{"damage":2,"enemies":"2 Fungi Beasts","floor":8,"turns":4},{"damage":23,"enemies":"Lagavulin","floor":10,"turns":8},{"damage":21,"enemies":"Lots of Slimes","floor":12,"turns":2},{"damage":22,"enemies":"Large Slime","floor":13,"turns":5},{"damage":0,"enemies":"downfall:FleeingMerchant","floor":14,"turns":4},{"damage":22,"enemies":"Lots of Slimes","floor":15,"turns":4},{"damage":32,"enemies":"downfall:Defect","floor":16,"turns":4}],"seed_played":"3901146596890342094","potions_obtained":[{"floor":4,"key":"FairyPotion"},{"floor":10,"key":"Swift Potion"},{"floor":12,"key":"Slimebound:ThreeZeroPotion"},{"floor":15,"key":"GamblersBrew"}],"is_trial":false,"path_per_floor":["R","M","?","M","M","R","T","M","R","E","?","M","M","$","M","B"],"character_chosen":"THE_SPIRIT","items_purchased":["Frozen Eye","Pear","Blood Vial"],"campfire_rested":0,"item_purchase_floors":[14,14,14],"current_hp_per_floor":[70,70,75,74,69,69,69,67,67,44,44,23,1,11,20,0,0,0],"gold":44,"neow_bonus":"ONE_RARE_RELIC","is_daily":false,"chose_seed":false,"campfire_upgraded":0,"win_rate":0.0,"timestamp":1609567169,"path_taken":["R","M","?","M","M","R","T","M","R","E","?","M","M","?","M","BOSS"],"items_purchased_type":["Relic","Relic","Relic"],"build_version":"2020-12-22","purchased_purges":0,"victory":false,"max_hp_per_floor":[70,70,75,75,75,75,75,75,75,75,75,75,75,85,85,85,85,85],"card_choices":[{"not_picked":["hexamod:ShieldOfDarkness","hexamod:Firestarter"],"picked":"hexamod:SoulSteal","floor":2},{"not_picked":["hexamod:AdvancingGuard","hexamod:GhostLash"],"picked":"hexamod:EmpoweredFlame","floor":4},{"not_picked":["hexamod:AdvancingGuard","hexamod:RainOfEmbers"],"picked":"hexamod:ThermalTransfer","floor":5},{"not_picked":["hexamod:HeatCrush","hexamod:SpectersWail"],"picked":"hexamod:PhantomFireball","floor":8},{"not_picked":["hexamod:Rewind","hexamod:BacktrackSmack"],"picked":"hexamod:SecondSeal","floor":10},{"not_picked":["hexamod:GhostOfSpirePresent+1","hexamod:GhostOfSpirePast+1"],"picked":"hexamod:HeatShield+1","floor":11},{"not_picked":["hexamod:RadiantFlame+1","hexamod:GhostflameBarrier+1"],"picked":"hexamod:ExtraCrispy+1","floor":11},{"not_picked":["hexamod:NecessarySacrifice+1","hexamod:SkipABeat+1"],"picked":"hexamod:FourthSeal","floor":11},{"not_picked":["hexamod:NightmareStrike","hexamod:GhostShield"],"picked":"hexamod:BurningTouch","floor":12},{"not_picked":["hexamod:InspiringFlames","hexamod:SwordOfDarkness","hexamod:GhostShield"],"picked":"SKIP","floor":13},{"not_picked":["hexamod:ThermalTransfer","hexamod:ShieldOfDarkness"],"picked":"hexamod:SixthSeal","floor":14},{"not_picked":["hexamod:ShieldOfDarkness","hexamod:FastForward"],"picked":"hexamod:WildfireWeapon","floor":15}],"player_experience":153888,"relics_obtained":[{"floor":7,"key":"Old Coin"},{"floor":10,"key":"infinitespire:Golems Mask"}],"event_choices":[{"damage_healed":0,"gold_gain":0,"player_choice":"Donut","damage_taken":0,"max_hp_gain":5,"max_hp_loss":0,"event_name":"Big Fish","floor":3,"gold_loss":0},{"damage_healed":0,"gold_gain":0,"player_choice":"3","damage_taken":0,"max_hp_gain":0,"max_hp_loss":0,"event_name":"betterMatch:BetterMatch","floor":11,"gold_loss":0,"cards_obtained":["betterMatch:UncommonCard"]}],"is_beta":false,"boss_relics":[],"items_purged_floors":[],"is_endless":false,"potions_floor_spawned":[4,10,13,15],"killed_by":"downfall:Defect","ascension_level":0}}