{"host":"yludllxm6rzdxpbb","time":1609616031,"event":{"mods":["AchievementEnabler","BaseMod","Better Third Choice","BetterRewards","Colored Map","Colored Powertips","Hermit","Hubris","Infinite Spire","Minty Spire (QoL Compilation)","Quick Restart","Replay The Spire","StSLib","The Hierophant","The Necromancer"],"gold_per_floor":[112,132,147,119,49,49,49],"floor_reached":6,"playtime":239,"items_purged":[],"score":36,"play_id":"e43c9a40-ed50-4d5f-afaf-8bc3bd469963","local_time":"20210102223351","is_ascension_mode":false,"campfire_choices":[],"circlet_count":0,"master_deck":["Strike_B","Strike_B","Strike_B","Strike_B","Defend_B","Defend_B","Defend_B","Defend_B","Zap","Dualcast","Static Discharge","Doom and Gloom","Go for the Eyes","Conserve Battery","Storm","Self Repair"],"relics":["Cracked Core","ReplayFunnel","infinitespire:ShieldingShard","hubris:EmptyBottle","betterThird:SlimedRelic"],"acts_visited":["Exordium"],"potions_floor_usage":[],"damage_taken":[{"damage":3,"enemies":"Jaw Worm","floor":1,"turns":3},{"damage":3,"enemies":"2 Louse","floor":2,"turns":2},{"damage":0,"enemies":"Small Slimes","floor":3,"turns":3},{"damage":31,"enemies":"3 Sentries","floor":6,"turns":6}],"seed_played":"-3847491759979938566","potions_obtained":[],"is_trial":false,"path_per_floor":["M","M","M","?","$","E"],"character_chosen":"DEFECT","items_purchased":["ReplayFunnel","Static Discharge","infinitespire:ShieldingShard","hubris:EmptyBottle","Doom and Gloom","Self Repair"],"campfire_rested":0,"item_purchase_floors":[0,0,0,0,0,5],"current_hp_per_floor":[41,38,38,27,27,0,0],"gold":49,"neow_bonus":"","is_daily":false,"chose_seed":false,"campfire_upgraded":0,"win_rate":0.0,"timestamp":1609616031,"path_taken":["M","M","M","?","$","E"],"items_purchased_type":["Relic","Card","Relic","Relic","Card","Card"],"build_version":"2020-12-22","purchased_purges":0,"victory":false,"max_hp_per_floor":[75,75,75,75,75,75,75],"card_choices":[{"not_picked":["BasicCrystalCard","Stack"],"picked":"Go for the Eyes","floor":1},{"not_picked":["FTL","Blizzard"],"picked":"Conserve Battery","floor":2},{"not_picked":["Conserve Battery","Gash"],"picked":"Storm","floor":3}],"player_experience":334845,"relics_obtained":[],"event_choices":[{"damage_healed":0,"gold_gain":0,"player_choice":"Slimed","damage_taken":11,"max_hp_gain":0,"max_hp_loss":0,"event_name":"betterThird:BetterGoop","floor":4,"gold_loss":28}],"is_beta":false,"boss_relics":[],"items_purged_floors":[],"is_endless":false,"potions_floor_spawned":[],"killed_by":"3 Sentries","ascension_level":0}}