{"host":"i58uscbei3sy5089","time":1609608585,"event":{"mods":["ATMod(°¢èªMod)","Act Like it!","Arknights The Spire","BaseMod","Challenge The Spire","Colored Powertips","Conspire","Infinite Spire","Koishi","Lobotomy","LobotomyExtend","Minty Spire (QoL Compilation)","MostiFishMod","Prisma Mod","Quick Restart","Reimu£¨²©ÀöÁéÃÎ£©","Replay The Spire","Shop Mod","Spicy Shops","StSLib","TestMod","The Alterego","The Construct","UnlockEverythingMod","[IsaacMod]ÒÔÈö¼âËþ","vexMod","¡¾¹¦ÄÜMod¡¿»ìãçÖ®»·ÐÞ¸´²¹¶¡","¡¾ÒÅÎï¿¨ÅÆ¡¿REMEMod","óô»ðÖ¸ÄÏ"],"gold_per_floor":[117,136,154,154,154,154,167,51,76,149,149,181,193,228,228,325,325,341,75,88,102,120,120,120,120,168,206,218,230,242,356,368,455,467,517,619,631,643,1055,1067,1212,1318,1405,1480,1402,1439,1507,44,44,106],"floor_reached":51,"playtime":3022,"items_purged":["construct:Defend_Gold","construct:Defend_Gold","construct:Defend_Gold","construct:Defend_Gold","construct:Strike_Gold","construct:Strike_Gold","construct:Strike_Gold"],"score":1091,"play_id":"4eba7b24-05f4-49b8-a08c-b077235b628a","local_time":"20210103012945","is_ascension_mode":true,"campfire_choices":[{"data":"AT_Dispersion","floor":6.0,"key":"SMITH"},{"data":"construct:ReactiveShield","floor":11.0,"key":"SMITH"},{"data":"construct:BatteryCore","floor":15.0,"key":"SMITH"},{"data":"construct:BatteryCore+1","floor":24.0,"key":"SMITH"},{"data":"construct:LaserCore","floor":28.0,"key":"SMITH"},{"data":"construct:LaserCore+1","floor":32.0,"key":"SMITH"},{"data":"construct:DefenseMode","floor":40.0,"key":"SMITH"},{"data":"construct:Backup+1","floor":49.0,"key":"SMITH"}],"circlet_count":0,"master_deck":["construct:Strike_Gold","construct:Strike_Gold+1","construct:Defend_Gold+2","construct:DefenseMode+2","AT_Dispersion+1","QueenOfHatred","construct:ReactiveShield+2","construct:BatteryCore+2","WallGazer","construct:PointDefense+2","construct:LaserCore+2","testmod-ConditionedReflex+1","construct:LaserCore+2","construct:Tumble+2","construct:Defend_Gold+2","construct:ShiftGuard+2","LongBird","construct:Backup+2","construct:GuardCore+2"],"relics":["construct:ClockworkPhoenix","testmod-TestBox","HushsDoor","DaveBox","AT_ATBox","REME_ComplimentaryCards","BirthdayGift-Icosahedron","testmod-Maize","CogitoBucket","RabbitCall","SynthV:TestCard","LetterFromLob","MerchantsRug","testmod-SaigiyounoYou","conspire:TopHat","testmod-AssaultLearning","AT_MibuBalloonWealth","AT_SilvercatRing","construct:WeddingRing","Moonlight_r","ats:Originium","REME_HourglassOfDeath","testmod-Antiphasic","testmod-Acrobat","vexMod:PaidLearning","BirthdayGift-Tetrahedron"],"acts_visited":["Exordium","TheCity","TheBeyond"],"potions_floor_usage":[],"damage_taken":[{"damage":0.0,"enemies":"Small Slimes","floor":1.0,"turns":6.0},{"damage":0.0,"enemies":"Jaw Worm","floor":2.0,"turns":3.0},{"damage":0.0,"enemies":"Cultist","floor":3.0,"turns":3.0},{"damage":0.0,"enemies":"Looter","floor":7.0,"turns":2.0},{"damage":0.0,"enemies":"Lagavulin","floor":12.0,"turns":4.0},{"damage":0.0,"enemies":"3 Louse","floor":13.0,"turns":1.0},{"damage":13.0,"enemies":"Gremlin Nob","floor":14.0,"turns":3.0},{"damage":2.0,"enemies":"Fading Forest","floor":16.0,"turns":5.0},{"damage":0.0,"enemies":"Spheric Guardian","floor":18.0,"turns":2.0},{"damage":0.0,"enemies":"3 Byrds","floor":20.0,"turns":2.0},{"damage":0.0,"enemies":"Snecko","floor":21.0,"turns":2.0},{"damage":13.0,"enemies":"Cultist and Chosen","floor":22.0,"turns":2.0},{"damage":7.0,"enemies":"Book of Stabbing","floor":27.0,"turns":2.0},{"damage":23.0,"enemies":"Slavers","floor":31.0,"turns":2.0},{"damage":2.0,"enemies":"Collector","floor":33.0,"turns":3.0},{"damage":18.0,"enemies":"Orb Walker","floor":35.0,"turns":2.0},{"damage":13.0,"enemies":"3 Shapes","floor":36.0,"turns":2.0},{"damage":6.0,"enemies":"Reptomancer","floor":41.0,"turns":3.0},{"damage":2.0,"enemies":"Sphere and 2 Shapes","floor":42.0,"turns":2.0},{"damage":0.0,"enemies":"Spire Growth","floor":44.0,"turns":3.0},{"damage":14.0,"enemies":"Writhing Mass","floor":46.0,"turns":3.0},{"damage":4.0,"enemies":"R_Hoarder","floor":47.0,"turns":7.0},{"damage":39,"enemies":"FixerMidnight","floor":50,"turns":3},{"damage":29,"enemies":"Malkuth","floor":51,"turns":3},{"damage":37,"enemies":"Netzach","floor":51,"turns":4},{"damage":25,"enemies":"Tiphereth","floor":51,"turns":6},{"damage":49,"enemies":"Binah","floor":51,"turns":5},{"damage":19,"enemies":"Angela","floor":51,"turns":3}],"seed_played":"-2094753211258389120","potions_obtained":[{"floor":3.0,"key":"SkillPotion"},{"floor":7.0,"key":"AttackPotion"},{"floor":16.0,"key":"Weak Potion"},{"floor":18.0,"key":"ZuzhouPotion:ReiMu"},{"floor":20.0,"key":"Regen Potion"},{"floor":31.0,"key":"Explosive Potion"},{"floor":33.0,"key":"Adrenaline Potion"},{"floor":42.0,"key":"REME_GoldPotion"}],"is_trial":false,"path_per_floor":["M","M","M","?","?","R","M","$","T","T","R","E","M","E","R","B",null,"M","$","M","M","M","?","R","?","T","E","R","AVR","?","E","R","B",null,"M","M","AVR","?","?","R","E","M","T","M","?","M","E","$","R","B",null],"character_chosen":"THE_CONSTRUCT_MOD","items_purchased":["MerchantsRug","construct:LaserCore","testmod-ConditionedReflex","conspire:TopHat","testmod-AssaultLearning","REME_HourglassOfDeath","testmod-Antiphasic","testmod-Acrobat","vexMod:PaidLearning","BirthdayGift-Tetrahedron"],"campfire_rested":0,"item_purchase_floors":[8,17,17,19,19,48,48,48,48,48],"current_hp_per_floor":[85,85,85,85,85,85,85,85,85,85,85,85,85,73,73,84,75,75,75,75,75,74,74,74,74,74,75,75,75,75,69,69,75,68,68,59,59,34,34,34,68,68,68,68,68,68,68,68,68,73],"gold":357,"neow_bonus":"","is_daily":false,"chose_seed":false,"campfire_upgraded":8,"win_rate":0.0,"timestamp":1609608585,"path_taken":["M","M","M","?","?","R","M","$","T","?","R","E","M","E","R","BOSS","M","$","M","M","M","?","R","?","T","E","R","AVR","?","E","R","BOSS","M","M","AVR","?","?","R","E","M","T","M","?","M","E","$","R","BOSS"],"items_purchased_type":["Relic","Card","Card","Relic","Relic","Relic","Relic","Relic","Relic","Relic"],"build_version":"2020-12-22","purchased_purges":7,"victory":true,"max_hp_per_floor":[85,85,85,85,85,85,85,85,85,85,85,85,85,85,85,85,75,75,75,75,75,75,75,75,75,75,75,75,75,75,75,75,75,68,68,68,68,68,68,68,68,68,68,68,68,68,68,68,68,73],"card_choices":[{"not_picked":["FieryBird","BeautyBeast"],"picked":"Funeral","floor":1.0},{"not_picked":["construct:Anticipate","construct:ModeShift"],"picked":"construct:Autoturret","floor":1.0},{"not_picked":["Woodsman","DreamingCurrent"],"picked":"QueenOfHatred","floor":2.0},{"not_picked":["construct:ClusterMines","construct:Antimatter","construct:Anticipate","construct:Stasis","construct:Dampening"],"picked":"SKIP","floor":2.0},{"not_picked":["construct:Forcefield","construct:VentSteam","construct:Analyze","construct:ModeShift"],"picked":"construct:ReactiveShield","floor":3.0},{"not_picked":["construct:SweepLaser","construct:FierceBash","construct:ChargeShot","construct:HeavyBolt","construct:ScrapCannon"],"picked":"SKIP","floor":7.0},{"not_picked":["construct:Forcefield","construct:Backfire","construct:Anticipate","construct:ModeShift"],"picked":"construct:BatteryCore","floor":12.0},{"not_picked":["BlackSwan","HeroicMonk"],"picked":"WallGazer","floor":13.0},{"not_picked":["construct:OneWayMirror","construct:Boost","construct:CripplingShot","construct:FlakBarrage","construct:HeavyBolt"],"picked":"SKIP","floor":13.0},{"not_picked":["construct:SuppressiveFire","construct:MetalShell","construct:Construct_Overclock","construct:QuickAttack"],"picked":"construct:PointDefense","floor":14.0},{"not_picked":["construct:ShiftingStance","construct:HammerDown","construct:GoldenBullet","construct:MassProduction"],"picked":"construct:Reserves","floor":16.0},{"not_picked":["construct:FlakBarrage","construct:MetalShell","construct:SweepLaser","construct:Backup","construct:ClusterMines"],"picked":"SKIP","floor":18.0},{"not_picked":["construct:Analyze","construct:VentSteam+1","construct:Isolate","construct:Hazardproof","construct:Versatility"],"picked":"SKIP","floor":20.0},{"not_picked":["construct:Boost+1","construct:ShiftStrike","construct:SweepLaser","construct:ScrapCannon"],"picked":"construct:LaserCore","floor":21.0},{"not_picked":["construct:Analyze","construct:SweepLaser","construct:ScrapCannon","construct:PowerUp","construct:Backfire"],"picked":"SKIP","floor":22.0},{"not_picked":["construct:Zapper","construct:Forcefield","construct:HastyRepair","construct:Dampening+1"],"picked":"construct:Tumble","floor":27.0},{"not_picked":["construct:HardReboot","construct:ClusterMines","construct:Missile","construct:Hazardproof","construct:BatteryAcid"],"picked":"SKIP","floor":31.0},{"not_picked":["construct:PointDefense","construct:Stasis","construct:FierceBash","construct:ModeShift+1","construct:Electrocute+1"],"picked":"SKIP","floor":35.0},{"not_picked":["ShyLook","WhiteNight"],"picked":"LongBird","floor":36.0},{"not_picked":["construct:FlakBarrage+1","construct:ScrapCannon+1","construct:Backfire","construct:ReactiveShield+1","construct:FierceBash"],"picked":"SKIP","floor":36.0},{"not_picked":["construct:Zapper+1","construct:ShieldBurst+1","construct:Forcefield","construct:Autoturret+1","construct:ShiftStrike+1"],"picked":"SKIP","floor":41.0},{"not_picked":["construct:Zapper+1","construct:ShieldBurst+1","construct:Forcefield","construct:Autoturret+1","construct:ShiftStrike+1"],"picked":"SKIP","floor":41.0},{"not_picked":["construct:HeavyBolt+1","construct:SweepLaser+1","construct:Antimatter+1","construct:Anticipate","construct:ElectricArmor"],"picked":"SKIP","floor":42.0},{"not_picked":["construct:ClockworkEgg","construct:Backfire+1","construct:Accumulate+1","construct:PointDefense","construct:SaveState"],"picked":"SKIP","floor":44.0},{"not_picked":["construct:UnbalancingBlast+1","construct:ElectricArmor+1","construct:Versatility+1","construct:ClusterMines+1"],"picked":"construct:Backup","floor":46.0},{"not_picked":["construct:Stasis","construct:HeavyBolt+1","construct:Synchronize+1","construct:PointDefense+1"],"picked":"construct:GuardCore+1","floor":47.0}],"player_experience":697999,"relics_obtained":[{"floor":1.0,"key":"SynthV:TestCard"},{"floor":1.0,"key":"LetterFromLob"},{"floor":9.0,"key":"BookOfRevelations"},{"floor":10.0,"key":"SatanicBible"},{"floor":12.0,"key":"ats:Originium"},{"floor":12.0,"key":"testmod-D¨¦j¨¤vu"},{"floor":14.0,"key":"Nunchaku"},{"floor":14.0,"key":"ats:Originium"},{"floor":26.0,"key":"MawBank"},{"floor":27.0,"key":"AT_MibuBalloonWealth"},{"floor":27.0,"key":"ats:Originium"},{"floor":31.0,"key":"Pen Nib"},{"floor":41.0,"key":"ats:Originium"},{"floor":41.0,"key":"MealTicket"},{"floor":47.0,"key":"ats:Originium"},{"floor":47.0,"key":"infinitespire:PuzzleCube"}],"event_choices":[{"damage_healed":0.0,"max_hp_gain":0.0,"max_hp_loss":0.0,"gold_gain":0.0,"event_name":"The Mausoleum","player_choice":"Ignored","floor":23.0,"gold_loss":0.0,"damage_taken":0.0},{"damage_healed":0.0,"max_hp_gain":0.0,"max_hp_loss":0.0,"gold_gain":0.0,"event_name":"The Library","player_choice":"Read","floor":30.0,"gold_loss":0.0,"damage_taken":0.0,"cards_obtained":["construct:ShiftGuard"]},{"damage_healed":0.0,"max_hp_gain":0.0,"max_hp_loss":0.0,"gold_gain":400.0,"event_name":"¶÷ÂåË¹µÄÅÌ×Ó","player_choice":"Sell","floor":39.0,"relics_lost":["ats:Originium"],"gold_loss":0.0,"damage_taken":0.0},{"cards_removed":["Funeral"],"damage_healed":0.0,"max_hp_gain":0.0,"max_hp_loss":0.0,"gold_gain":0.0,"event_name":"Designer","player_choice":"Upgrade and Remove","floor":45.0,"gold_loss":90.0,"damage_taken":0.0,"cards_upgraded":["construct:Strike_Gold"]}],"is_beta":false,"boss_relics":[{"not_picked":["testmod-StringDisintegrator","ReplayTheSpireMod:DimensionalGlitch"],"picked":"testmod-SaigiyounoYou"},{"not_picked":[]},{"not_picked":["conspire:RunicOctahedron","Tiny House"],"picked":"construct:WeddingRing"},{"not_picked":[]}],"items_purged_floors":[17,19,19,29,34,37,48],"is_endless":false,"potions_floor_spawned":[3,7,16,18,20,31,33,42,44,46],"ascension_level":2}}