{"host":"yecadp3kwkksam5a","time":1609597875,"event":{"mods":["Arknights The Spire","BaseMod","Minty Spire (QoL Compilation)","StSLib","The Hierophant"],"gold_per_floor":[1320,1320,10,30,30,59,59,86,86,86,97,97,71,88,88,159,159,170,185,185,185,185,212,212,512,512,526,537,566,579,88,88,166,166,177,177,177,111,0,0,20,20,45,73,73,73,6,35,35,35,35,35,37,65,65],"floor_reached":56,"playtime":2105,"items_purged":["Escape Plan+1"],"score":3102,"play_id":"431203bc-ae16-4aa1-aae0-82fcae86e8c6","local_time":"20210102233115","is_ascension_mode":true,"campfire_choices":[{"floor":7,"key":"DIG"},{"floor":15,"key":"RECALL"},{"floor":25,"key":"DIG"},{"floor":32,"key":"DIG"},{"floor":40,"key":"DIG"},{"floor":42,"key":"DIG"},{"floor":49,"key":"DIG"},{"floor":52,"key":"DIG"}],"circlet_count":0,"master_deck":["Accuracy+1","Reflex+1","Accuracy+1","Calculated Gamble+1","Acrobatics+1","Blade Dance+1","Blade Dance+1","After Image+1","After Image+1","Adrenaline+1","After Image+1","Accuracy+1","Accuracy+1"],"relics":["Ring of the Snake","Unceasing Top","Tiny Chest","CeramicFish","Bronze Scales","Gambling Chip","Ornamental Fan","SlaversCollar","Enchiridion","Bag of Preparation","Smiling Mask","OrangePellets","Akabeko","Frozen Egg 2","Nunchaku","Busted Crown","Molten Egg 2","Vajra","Singing Bowl","Old Coin","Regal Pillow","Happy Flower","Orrery","Lantern","Whetstone","Oddly Smooth Stone","TheAbacus","Toy Ornithopter","Lantern","Strawberry","Torii","Orrery","Pen Nib","Coffee Dripper","DollysMirror","The Courier","Question Card","Old Coin","Membership Card","Juzu Bracelet","Happy Flower","FossilizedHelix","InkBottle","Busted Crown","Shovel","Lee\u0027s Waffle","Darkstone Periapt","Omamori","Ancient Tea Set","Toxic Egg 2","Sundial","StrikeDummy","Calipers","Kunai","HandDrill","Ornamental Fan","Shuriken","Pantograph","CaptainsWheel","PrismaticShard","Meat on the Bone","Nunchaku","Torii","Ornamental Fan","Anchor","War Paint","Bottled Lightning","Orichalcum","Art of War","Bird Faced Urn","FossilizedHelix","MealTicket","Bronze Scales","Mango","Prayer Wheel","White Beast Statue","Centennial Puzzle","Sundial","SacredBark","MutagenicStrength","Paper Crane","Old Coin","Lantern","Snake Skull","Potion Belt","Kunai","Question Card","PreservedInsect","Blue Candle","CeramicFish","Ancient Tea Set","WristBlade","Orrery","Red Mask","Peace Pipe","Pen Nib","Regal Pillow","Incense Burner","Happy Flower","ClockworkSouvenir","Vajra","Gremlin Horn","Pear","Strawberry"],"acts_visited":["Exordium","TheCity","TheBeyond","TheEnding"],"potions_floor_usage":[],"damage_taken":[{"damage":0,"enemies":"2 Louse","floor":1,"turns":1},{"damage":0,"enemies":"Cultist","floor":4,"turns":1},{"damage":0,"enemies":"3 Sentries","floor":6,"turns":1},{"damage":0,"enemies":"Lagavulin","floor":8,"turns":1},{"damage":0,"enemies":"Small Slimes","floor":11,"turns":1},{"damage":0,"enemies":"Looter","floor":14,"turns":1},{"damage":0,"enemies":"Hexaghost","floor":16,"turns":1},{"damage":0,"enemies":"Chosen","floor":18,"turns":1},{"damage":0,"enemies":"Spheric Guardian","floor":19,"turns":1},{"damage":0,"enemies":"Slavers","floor":23,"turns":1},{"damage":0,"enemies":"3 Cultists","floor":27,"turns":1},{"damage":0,"enemies":"Centurion and Healer","floor":28,"turns":1},{"damage":0,"enemies":"Book of Stabbing","floor":29,"turns":1},{"damage":0,"enemies":"Snake Plant","floor":30,"turns":1},{"damage":0,"enemies":"Collector","floor":33,"turns":1},{"damage":0,"enemies":"3 Shapes","floor":35,"turns":1},{"damage":0,"enemies":"3 Darklings","floor":41,"turns":1},{"damage":0,"enemies":"Giant Head","floor":44,"turns":1},{"damage":0,"enemies":"Nemesis","floor":48,"turns":1},{"damage":0,"enemies":"Time Eater","floor":50,"turns":2},{"damage":0,"enemies":"Shield and Spear","floor":54,"turns":1},{"damage":0,"enemies":"The Heart","floor":55,"turns":4}],"seed_played":"-7191884122261379383","potions_obtained":[{"floor":1,"key":"SneckoOil"},{"floor":4,"key":"PowerPotion"},{"floor":8,"key":"Block Potion"},{"floor":11,"key":"CunningPotion"},{"floor":16,"key":"Fire Potion"},{"floor":28,"key":"EntropicBrew"},{"floor":33,"key":"ColorlessPotion"},{"floor":35,"key":"SteroidPotion"}],"is_trial":false,"path_per_floor":["M","?","$","M","?","E","R","E","T","T","M","?","$","M","R","B",null,"M","M","?","$","?","E","T","R","T","M","M","E","M","$","R","B",null,"M","$","?","$","?","R","M","R","T","E","?","T","$","E","R","B",null,"R","$","E","B",null],"character_chosen":"THE_SILENT","items_purchased":["PrismaticShard","Meat on the Bone","Nunchaku","Torii","Ornamental Fan","Anchor","War Paint","Bottled Lightning","Orichalcum","Art of War","Bird Faced Urn","FossilizedHelix","MealTicket","Bronze Scales","Mango","Accuracy+1","Potion Belt","Kunai","Question Card","PreservedInsect","Blue Candle","CeramicFish","Orrery","ClockworkSouvenir","Accuracy+1"],"campfire_rested":0,"item_purchase_floors":[3,3,3,3,3,3,3,3,3,3,3,3,3,3,3,13,31,31,31,31,31,31,38,47,53],"current_hp_per_floor":[128,119,133,141,141,147,147,153,153,153,165,158,173,189,189,193,193,193,193,193,193,193,193,193,193,193,193,193,193,193,193,193,195,195,199,199,199,209,209,209,213,213,213,215,215,215,215,217,217,217,217,227,227,236,236],"gold":65,"neow_bonus":"ONE_RARE_RELIC","is_daily":false,"chose_seed":false,"campfire_upgraded":0,"win_rate":0.0,"timestamp":1609597875,"path_taken":["M","?","?","M","?","E","R","E","T","?","M","?","$","M","R","BOSS","M","M","?","$","?","E","?","R","T","M","M","E","M","$","R","BOSS","M","$","?","$","?","R","M","R","T","E","?","?","$","E","R","BOSS","R","$","E","BOSS"],"items_purchased_type":["Relic","Relic","Relic","Relic","Relic","Relic","Relic","Relic","Relic","Relic","Relic","Relic","Relic","Relic","Relic","Card","Relic","Relic","Relic","Relic","Relic","Relic","Relic","Relic","Card"],"build_version":"2020-12-22","purchased_purges":1,"victory":true,"max_hp_per_floor":[179,179,193,193,193,193,193,193,193,193,193,193,193,193,193,193,193,193,193,193,193,193,193,193,193,193,193,193,193,193,193,193,195,195,199,199,199,209,209,209,213,213,213,215,215,215,215,217,217,217,217,227,227,236,236],"card_choices":[{"not_picked":["Footwork+1","Sucker Punch+1","Terror+1"],"picked":"Singing Bowl","floor":0},{"not_picked":["Bane+1","All Out Attack+1","Terror+1"],"picked":"Singing Bowl","floor":0},{"not_picked":["Terror+1","Quick Slash+1","Cloak And Dagger+1"],"picked":"Singing Bowl","floor":0},{"not_picked":["Reflex+1","PiercingWail+1","Cloak And Dagger+1"],"picked":"Singing Bowl","floor":0},{"not_picked":["Quick Slash+1"],"picked":"Singing Bowl","floor":0},{"not_picked":["Deflect+1"],"picked":"Singing Bowl","floor":0},{"not_picked":["Dodge and Roll+1"],"picked":"Singing Bowl","floor":0},{"not_picked":["Backflip+1"],"picked":"Singing Bowl","floor":0},{"not_picked":["Blade Dance+1"],"picked":"Singing Bowl","floor":0},{"not_picked":["Dodge and Roll+1"],"picked":"Singing Bowl","floor":0},{"not_picked":["Crippling Poison+1"],"picked":"Singing Bowl","floor":0},{"not_picked":["Caltrops+1"],"picked":"Singing Bowl","floor":0},{"not_picked":["Slice+1"],"picked":"Singing Bowl","floor":0},{"not_picked":["ats:Roar Of Ursus+1"],"picked":"Singing Bowl","floor":33},{"not_picked":["Protect+1"],"picked":"Singing Bowl","floor":35},{"not_picked":["Wild Strike+1"],"picked":"Singing Bowl","floor":35},{"not_picked":["Scrawl+1"],"picked":"Singing Bowl","floor":38},{"not_picked":["Cold Snap+1"],"picked":"Singing Bowl","floor":38},{"not_picked":["Flex+1"],"picked":"Singing Bowl","floor":38},{"not_picked":["CrushJoints+1"],"picked":"Singing Bowl","floor":38},{"not_picked":["Rebound+1"],"picked":"Singing Bowl","floor":38},{"not_picked":["EmptyMind+1"],"picked":"Singing Bowl","floor":41},{"not_picked":["Flash of Steel+1"],"picked":"Singing Bowl","floor":41},{"not_picked":["Core Surge+1"],"picked":"Singing Bowl","floor":44},{"not_picked":["Prostrate+1"],"picked":"Singing Bowl","floor":48},{"not_picked":["Bullet Time+1"],"picked":"Singing Bowl","floor":54}],"player_experience":327623,"relics_obtained":[{"floor":6,"key":"Prayer Wheel"},{"floor":7,"key":"White Beast Statue"},{"floor":8,"key":"Centennial Puzzle"},{"floor":10,"key":"Sundial"},{"floor":24,"key":"Paper Crane"},{"floor":25,"key":"Old Coin"},{"floor":26,"key":"Lantern"},{"floor":29,"key":"Snake Skull"},{"floor":32,"key":"Ancient Tea Set"},{"floor":40,"key":"Peace Pipe"},{"floor":42,"key":"Pen Nib"},{"floor":43,"key":"Regal Pillow"},{"floor":44,"key":"Incense Burner"},{"floor":46,"key":"Happy Flower"},{"floor":48,"key":"Vajra"},{"floor":49,"key":"Gremlin Horn"},{"floor":52,"key":"Pear"},{"floor":54,"key":"Strawberry"}],"event_choices":[{"damage_healed":0,"gold_gain":0,"player_choice":"Bought 0 Potions","damage_taken":0,"max_hp_gain":0,"max_hp_loss":0,"event_name":"The Woman in Blue","floor":2,"gold_loss":0},{"cards_removed":["Escape Plan"],"damage_healed":0,"gold_gain":0,"player_choice":"Forget","damage_taken":0,"max_hp_gain":0,"max_hp_loss":0,"event_name":"Living Wall","floor":5,"gold_loss":0},{"cards_removed":["Envenom"],"damage_healed":0,"gold_gain":0,"player_choice":"Card Removal","damage_taken":7,"max_hp_gain":0,"max_hp_loss":0,"event_name":"Golden Wing","floor":12,"gold_loss":0},{"damage_healed":0,"gold_gain":0,"player_choice":"Inject Mutagens","damage_taken":0,"relics_obtained":["MutagenicStrength"],"max_hp_gain":0,"max_hp_loss":0,"event_name":"Drug Dealer","floor":20,"gold_loss":0},{"damage_healed":0,"gold_gain":0,"player_choice":"Simplicity","damage_taken":0,"max_hp_gain":0,"max_hp_loss":0,"event_name":"Back to Basics","floor":22,"gold_loss":0,"cards_upgraded":[]},{"cards_removed":["After Image"],"damage_healed":0,"gold_gain":0,"player_choice":"Removed Power","damage_taken":0,"max_hp_gain":0,"max_hp_loss":0,"event_name":"Falling","floor":37,"gold_loss":0},{"damage_healed":0,"gold_gain":0,"player_choice":"Paid","damage_taken":0,"relics_obtained":["Red Mask"],"max_hp_gain":0,"max_hp_loss":0,"event_name":"Tomb of Lord Red Mask","floor":39,"gold_loss":111},{"cards_removed":["Acrobatics"],"damage_healed":5,"gold_gain":0,"player_choice":"Offered Common","damage_taken":0,"max_hp_gain":0,"max_hp_loss":0,"event_name":"Bonfire Elementals","floor":45,"gold_loss":0},{"cards_removed":["Acrobatics"],"damage_healed":5,"gold_gain":0,"player_choice":"Offered Special","damage_taken":0,"max_hp_gain":0,"max_hp_loss":0,"event_name":"Bonfire Elementals","floor":45,"gold_loss":0}],"is_beta":false,"boss_relics":[{"not_picked":["Velvet Choker","Ectoplasm"],"picked":"SacredBark"},{"not_picked":["Sozu","Philosopher\u0027s Stone"],"picked":"WristBlade"}],"items_purged_floors":[3],"is_endless":false,"potions_floor_spawned":[1,4,8,11,14,16,18,19,23,27,28,29,30,33,35,41,44,48,54],"ascension_level":19}}