{"host":"pmcppyso89136btb","time":1609623090,"event":{"mods":["BaseMod","Colored Powertips","Hermit","Minty Spire (QoL Compilation)","Replay The Spire","SOS???????","StSLib","The Cursed","The Servant 0.9.4","???Mod??????Boss"],"gold_per_floor":[133,133,161,200,215,244,262,262,332,332,332,332,348,376,376,488,488,509,308,323,380,161,161,180,253,300,327,327,327,341,341,341],"floor_reached":31,"playtime":6828,"items_purged":["Darkslayer"],"score":329,"play_id":"952d3783-a609-4746-84c0-9954a21ad0f9","local_time":"20210102183130","is_ascension_mode":false,"campfire_choices":[{"data":"EbonyIvory","floor":8,"key":"SMITH"},{"floor":10,"key":"REST"},{"data":"Straight","floor":15,"key":"SMITH"},{"data":"Chargeshoot","floor":23,"key":"SMITH"},{"floor":28,"key":"REST"}],"circlet_count":0,"master_deck":["Attack_a","Attack_a","Attack_b","Shoot","Shoot","Provocation","Defend_Dante","Defend_Dante","Defend_Dante","Redorb","BeastUppercut","Unrisingdragon","EbonyIvory+1","Doubleshoot","Dash2","Darkslayer+1","LucifercomboB","Straight+1","Trickster+1","Gunslinger+1","Doubleshoot+1","Gunstinger+1","SSScard+1","Chargeshoot+1","Honeycombofire+1","CoyoteA","Weaponreturn+1","CoyoteA","Doubleshoot"],"relics":["SSS","Combocheck","Bronze Scales","Golden Egg","SlaversCollar","Sling","CaptainsWheel","Smiling Mask","Blood Vial"],"acts_visited":["Exordium","TheCity"],"potions_floor_usage":[25,30,31],"damage_taken":[{"damage":3,"enemies":"2 Louse","floor":1,"turns":2},{"damage":0,"enemies":"Cultist","floor":3,"turns":5},{"damage":10,"enemies":"Jaw Worm","floor":4,"turns":4},{"damage":1,"enemies":"2 Fungi Beasts","floor":5,"turns":3},{"damage":31,"enemies":"Gremlin Nob","floor":6,"turns":4},{"damage":4,"enemies":"Red Slaver","floor":7,"turns":3},{"damage":0,"enemies":"Lots of Slimes","floor":13,"turns":1},{"damage":9,"enemies":"Blue Slaver","floor":14,"turns":3},{"damage":40,"enemies":"Hexaghost","floor":16,"turns":8},{"damage":24,"enemies":"2 Thieves","floor":18,"turns":3},{"damage":2,"enemies":"Chosen","floor":20,"turns":2},{"damage":22,"enemies":"Snecko","floor":21,"turns":4},{"damage":33,"enemies":"Snake Plant","floor":24,"turns":3},{"damage":0,"enemies":"Book of Stabbing","floor":25,"turns":2},{"damage":0,"enemies":"Replay:Snechameleon","floor":27,"turns":2},{"damage":33,"enemies":"Shelled Parasite and Fungi","floor":30,"turns":5},{"damage":10,"enemies":"Centurion and Healer","floor":31,"turns":1}],"seed_played":"-4462546999763335253","potions_obtained":[{"floor":4,"key":"SneckoOil"},{"floor":13,"key":"LiquidBronze"},{"floor":16,"key":"Explosive Potion"},{"floor":18,"key":"DistilledChaos"},{"floor":20,"key":"SteroidPotion"}],"is_trial":false,"path_per_floor":["M","?","M","M","M","E","M","R","T","R","?","?","M","M","R","B",null,"M","$","M","M","$","R","M","E","T","E","R","?","M","M"],"character_chosen":"DANTE","items_purchased":["Doubleshoot","Gunstinger","Sling","Honeycombofire"],"campfire_rested":2,"item_purchase_floors":[19,19,22,22],"current_hp_per_floor":[85,85,85,75,74,43,39,39,39,65,65,65,65,56,56,16,88,64,64,62,40,40,40,7,7,7,7,33,33,2,0,0],"gold":341,"neow_bonus":"TEN_PERCENT_HP_BONUS","is_daily":false,"chose_seed":false,"campfire_upgraded":3,"win_rate":0.0,"timestamp":1609623090,"path_taken":["M","?","M","M","M","E","M","R","T","R","?","?","M","M","R","BOSS","M","$","M","M","$","R","M","E","T","E","R","?","M","M"],"items_purchased_type":["Card","Card","Relic","Card"],"build_version":"2020-12-22","purchased_purges":1,"victory":false,"max_hp_per_floor":[88,88,88,88,88,88,88,88,88,88,88,88,88,88,88,88,88,88,88,88,88,88,88,88,88,88,88,88,88,88,88,88],"card_choices":[{"not_picked":["Doubleshoot","Millionstab"],"picked":"BeastUppercut","floor":1},{"not_picked":["Honeycombofire","Hightime"],"picked":"Unrisingdragon","floor":3},{"not_picked":["BeastUppercut","Doubleshoot"],"picked":"Darkslayer","floor":4},{"not_picked":["GilgameshcomboA","Dash1"],"picked":"EbonyIvory","floor":5},{"not_picked":["LucifercomboD","Weaponupgrade"],"picked":"Doubleshoot","floor":6},{"not_picked":["Gunstinger","Whiteorb"],"picked":"Dash2","floor":7},{"not_picked":["Greenorb","DevilstarS"],"picked":"LucifercomboB","floor":13},{"not_picked":["Dash2","GilgameshcomboA"],"picked":"Straight","floor":14},{"not_picked":["Weaponreturn","Goldorb"],"picked":"Trickster","floor":16},{"not_picked":["Straight","Holywater"],"picked":"Gunslinger+1","floor":18},{"not_picked":["Millionkick","VitalstarM"],"picked":"SSScard+1","floor":20},{"not_picked":["Straight","Lucifer"],"picked":"Chargeshoot","floor":21},{"not_picked":["LucifercomboC","Millionkick"],"picked":"CoyoteA","floor":24},{"not_picked":["SSScard","DevilstarS"],"picked":"Weaponreturn","floor":25},{"not_picked":["Gunstinger","Gunslinger"],"picked":"CoyoteA","floor":27},{"not_picked":["Pandora","Gilgamesh"],"picked":"Doubleshoot","floor":30}],"player_experience":54509,"relics_obtained":[{"floor":6,"key":"Bronze Scales"},{"floor":9,"key":"Golden Egg"},{"floor":25,"key":"CaptainsWheel"},{"floor":26,"key":"Smiling Mask"},{"floor":27,"key":"Blood Vial"}],"event_choices":[{"cards_removed":["CommonCold"],"damage_healed":0,"gold_gain":0,"player_choice":"Forget","damage_taken":0,"max_hp_gain":0,"max_hp_loss":0,"event_name":"Living Wall","floor":11,"gold_loss":0},{"damage_healed":0,"gold_gain":0,"cards_transformed":["Defend_Dante"],"player_choice":"Transformed","damage_taken":0,"max_hp_gain":0,"max_hp_loss":0,"event_name":"Transmorgrifier","floor":12,"gold_loss":0,"cards_obtained":["Darkslayer"]},{"damage_healed":0,"gold_gain":0,"player_choice":"Ignored","damage_taken":0,"max_hp_gain":0,"max_hp_loss":0,"event_name":"Ghosts","floor":29,"gold_loss":0}],"is_beta":false,"boss_relics":[{"not_picked":["Runic Dome","Tiny House"],"picked":"SlaversCollar"}],"items_purged_floors":[19],"is_endless":false,"potions_floor_spawned":[4,13,16,18,20,24],"killed_by":"Centurion and Healer","ascension_level":0}}