{"host":"mruvby243fwgm3bp","time":1609567586,"event":{"mods":["AchievementEnabler","BaseMod","Colored Map","Colored Powertips","Minty Spire (QoL Compilation)","Permanent Neow","Random Character Button","StSLib"],"gold_per_floor":[115,127,144,219,219,219,232,264,264,339,339,14,14,24,24,125,125,142,142,75,75,93,93,104,134,134,134,65,96,113,113,113,213,213,230,230,250,250,264,295,345,345,372,372,372,398,179,194,194,194,194,194,44,77,77],"floor_reached":56,"playtime":14321,"items_purged":["Strike_B","The Bomb+1"],"score":1596,"play_id":"38dc0fe9-f5ba-4b55-9388-52eb29d08723","local_time":"20210101220626","is_ascension_mode":true,"campfire_choices":[{"data":"Coolheaded","floor":6,"key":"SMITH"},{"data":"Defragment","floor":11,"key":"SMITH"},{"data":"Heatsinks","floor":13,"key":"SMITH"},{"data":"Dualcast","floor":15,"key":"SMITH"},{"data":"Machine Learning","floor":23,"key":"SMITH"},{"data":"Sunder","floor":27,"key":"SMITH"},{"data":"Defragment","floor":32,"key":"SMITH"},{"data":"Echo Form","floor":42,"key":"SMITH"},{"floor":45,"key":"RECALL"},{"data":"Blizzard","floor":49,"key":"SMITH"},{"data":"Capacitor","floor":52,"key":"SMITH"}],"circlet_count":0,"master_deck":["Zap","Dualcast+1","Self Repair","Coolheaded+1","Conserve Battery","Heatsinks+1","Defragment+1","Conserve Battery+1","Fission+1","Core Surge","Thunder Strike","Machine Learning+1","Skim+1","Amplify+1","Sunder+1","Darkness+1","Capacitor+1","Coolheaded+1","Turbo+1","Steam Power+1","White Noise+1","Defragment+1","Echo Form+1","Force Field+1","Deep Breath+1","Static Discharge+1","Double Energy+1","Defragment+1","Madness+1","Madness+1","Blizzard+1","Madness+1"],"relics":["Cracked Core","Eternal Feather","Mercury Hourglass","Ancient Tea Set","Toxic Egg 2","Matryoshka","Pandora\u0027s Box","Nunchaku","Regal Pillow","Singing Bowl","MutagenicStrength","Black Star","Shuriken","Bottled Flame","Lizard Tail","Orichalcum","Juzu Bracelet","Smiling Mask","Pear","Art of War","Kunai","Centennial Puzzle"],"acts_visited":["Exordium","TheCity","TheBeyond","TheEnding"],"potions_floor_usage":[7,8,22,25,29,33,55,55],"damage_taken":[{"damage":6,"enemies":"Cultist","floor":1,"turns":3},{"damage":7,"enemies":"Jaw Worm","floor":2,"turns":4},{"damage":6,"enemies":"2 Louse","floor":3,"turns":2},{"damage":5,"enemies":"Lots of Slimes","floor":7,"turns":3},{"damage":16,"enemies":"Lagavulin","floor":8,"turns":7},{"damage":7,"enemies":"Large Slime","floor":14,"turns":5},{"damage":21,"enemies":"The Guardian","floor":16,"turns":13},{"damage":5,"enemies":"Chosen","floor":18,"turns":5},{"damage":8,"enemies":"Shell Parasite","floor":22,"turns":4},{"damage":0,"enemies":"Centurion and Healer","floor":24,"turns":7},{"damage":2,"enemies":"Slavers","floor":25,"turns":5},{"damage":0,"enemies":"Gremlin Leader","floor":29,"turns":6},{"damage":3,"enemies":"Cultist and Chosen","floor":30,"turns":5},{"damage":2,"enemies":"Champ","floor":33,"turns":6},{"damage":16,"enemies":"3 Darklings","floor":35,"turns":6},{"damage":11,"enemies":"Orb Walker","floor":37,"turns":5},{"damage":19,"enemies":"Writhing Mass","floor":39,"turns":6},{"damage":19,"enemies":"Giant Head","floor":40,"turns":9},{"damage":7,"enemies":"Mind Bloom Boss Battle","floor":41,"turns":5},{"damage":0,"enemies":"Reptomancer","floor":46,"turns":5},{"damage":5,"enemies":"3 Darklings","floor":48,"turns":4},{"damage":20,"enemies":"Donu and Deca","floor":50,"turns":7},{"damage":34,"enemies":"Shield and Spear","floor":54,"turns":6},{"damage":64,"enemies":"The Heart","floor":55,"turns":9}],"seed_played":"8277397236573626179","potions_obtained":[{"floor":1,"key":"FocusPotion"},{"floor":2,"key":"SkillPotion"},{"floor":14,"key":"DuplicationPotion"},{"floor":16,"key":"Strength Potion"},{"floor":21,"key":"PowerPotion"},{"floor":21,"key":"SkillPotion"},{"floor":24,"key":"DistilledChaos"},{"floor":25,"key":"FocusPotion"},{"floor":30,"key":"ColorlessPotion"},{"floor":39,"key":"FocusPotion"},{"floor":41,"key":"DuplicationPotion"}],"is_trial":false,"path_per_floor":["M","M","M","T","T","R","M","E","T","?","R","$","R","M","R","B",null,"M","?","$","?","M","R","M","E","T","R","$","E","M","?","R","B",null,"M","?","M","?","M","E","?","R","T","?","R","E","$","M","R","B",null,"R","$","E","B",null],"character_chosen":"DEFECT","items_purchased":["Matryoshka","Capacitor","White Noise+1","Blizzard","Madness+1","Art of War"],"campfire_rested":0,"item_purchase_floors":[12,20,28,47,47,53],"current_hp_per_floor":[62,62,63,63,63,69,71,62,62,55,61,61,67,67,73,59,71,75,75,75,75,75,75,75,75,75,75,75,77,77,77,77,77,77,68,63,61,61,56,51,51,66,66,56,74,91,91,93,93,73,88,93,93,68,11],"gold":77,"neow_bonus":"REMOVE_CARD","is_daily":false,"chose_seed":false,"campfire_upgraded":10,"win_rate":0.0,"timestamp":1609567586,"path_taken":["M","M","M","?","?","R","M","E","T","?","R","$","R","M","R","BOSS","M","?","?","?","M","R","?","E","T","R","$","E","?","?","R","BOSS","M","?","M","?","M","E","?","R","T","?","R","E","$","M","R","BOSS","R","$","E","BOSS"],"items_purchased_type":["Relic","Card","Card","Card","Card","Relic"],"build_version":"2020-12-22","purchased_purges":2,"victory":true,"max_hp_per_floor":[75,75,75,75,75,75,75,75,75,75,75,75,75,75,75,75,75,75,75,75,75,75,75,75,75,75,75,75,77,77,77,77,77,77,77,77,79,79,79,79,79,79,79,79,79,91,91,93,93,93,93,93,93,95,95],"card_choices":[{"not_picked":["Hello World","Fusion"],"picked":"Self Repair","floor":1},{"not_picked":["Rebound","Redo"],"picked":"Coolheaded","floor":2},{"not_picked":["Steam","Compile Driver"],"picked":"Conserve Battery","floor":3},{"not_picked":["Sweeping Beam","Ball Lightning"],"picked":"Heatsinks","floor":7},{"not_picked":["Stack","Aggregate"],"picked":"Defragment","floor":8},{"not_picked":["Sweeping Beam","Hologram+1"],"picked":"Conserve Battery+1","floor":14},{"not_picked":["Meteor Strike","Buffer"],"picked":"Fission+1","floor":16},{"not_picked":["Aggregate+1","Barrage"],"picked":"Darkness+1","floor":18},{"not_picked":["Ball Lightning","Compile Driver+1"],"picked":"Coolheaded+1","floor":22},{"not_picked":["Beam Cell","Glacier+1"],"picked":"Turbo+1","floor":24},{"not_picked":["Turbo+1","Coolheaded+1"],"picked":"Steam Power+1","floor":25},{"not_picked":["Stack+1","Gash+1","Auto Shields+1"],"picked":"Singing Bowl","floor":29},{"not_picked":["Compile Driver","Stack+1"],"picked":"Defragment","floor":30},{"not_picked":["Thunder Strike","Amplify+1"],"picked":"Echo Form","floor":33},{"not_picked":["Genetic Algorithm+1","Turbo+1"],"picked":"Force Field+1","floor":35},{"not_picked":["Swift Strike","Mind Blast"],"picked":"Deep Breath+1","floor":36},{"not_picked":["Bandage Up+1","Impatience+1"],"picked":"The Bomb+1","floor":36},{"not_picked":["Gash","Coolheaded+1","Scrape"],"picked":"Singing Bowl","floor":37},{"not_picked":["Conserve Battery+1","Darkness+1"],"picked":"Static Discharge+1","floor":39},{"not_picked":["Beam Cell+1","Rip and Tear"],"picked":"Double Energy+1","floor":40},{"not_picked":["Reinforced Body+1","Cold Snap+1"],"picked":"Defragment+1","floor":41},{"not_picked":["Gash+1","Conserve Battery+1","Sweeping Beam+1"],"picked":"Singing Bowl","floor":46},{"not_picked":["Ball Lightning","Streamline+1","Barrage"],"picked":"Singing Bowl","floor":48},{"not_picked":["Multi-Cast+1","Streamline+1","Undo+1"],"picked":"Singing Bowl","floor":54}],"player_experience":346629,"relics_obtained":[{"floor":4,"key":"Eternal Feather"},{"floor":5,"key":"Mercury Hourglass"},{"floor":8,"key":"Ancient Tea Set"},{"floor":9,"key":"Toxic Egg 2"},{"floor":25,"key":"Nunchaku"},{"floor":26,"key":"Regal Pillow"},{"floor":29,"key":"Singing Bowl"},{"floor":40,"key":"Shuriken"},{"floor":40,"key":"Bottled Flame"},{"floor":41,"key":"Lizard Tail"},{"floor":43,"key":"Orichalcum"},{"floor":43,"key":"Juzu Bracelet"},{"floor":46,"key":"Smiling Mask"},{"floor":46,"key":"Pear"},{"floor":54,"key":"Kunai"},{"floor":54,"key":"Centennial Puzzle"}],"event_choices":[{"damage_healed":0,"gold_gain":75,"player_choice":"Touch","damage_taken":7,"max_hp_gain":0,"max_hp_loss":0,"event_name":"FaceTrader","floor":10,"gold_loss":0},{"damage_healed":0,"gold_gain":0,"player_choice":"0 cards matched","damage_taken":0,"max_hp_gain":0,"max_hp_loss":0,"event_name":"Match and Keep!","floor":19,"gold_loss":0,"cards_obtained":[]},{"damage_healed":0,"gold_gain":0,"player_choice":"Got Potions","damage_taken":0,"max_hp_gain":0,"max_hp_loss":0,"event_name":"Lab","floor":21,"gold_loss":0},{"damage_healed":0,"gold_gain":0,"player_choice":"Inject Mutagens","damage_taken":0,"relics_obtained":["MutagenicStrength"],"max_hp_gain":0,"max_hp_loss":0,"event_name":"Drug Dealer","floor":31,"gold_loss":0},{"damage_healed":0,"gold_gain":0,"player_choice":"Memory 2","damage_taken":5,"max_hp_gain":0,"max_hp_loss":0,"event_name":"SensoryStone","floor":36,"gold_loss":0},{"damage_healed":0,"gold_gain":0,"player_choice":"Ignored","damage_taken":0,"max_hp_gain":0,"max_hp_loss":0,"event_name":"Mysterious Sphere","floor":38,"gold_loss":0},{"damage_healed":0,"gold_gain":0,"player_choice":"Fight","damage_taken":0,"max_hp_gain":0,"max_hp_loss":0,"event_name":"MindBloom","floor":41,"gold_loss":0},{"damage_healed":0,"gold_gain":0,"player_choice":"Embrace Madness","damage_taken":10,"max_hp_gain":0,"max_hp_loss":0,"event_name":"Winding Halls","floor":44,"gold_loss":0,"cards_obtained":["Madness","Madness"]}],"is_beta":false,"boss_relics":[{"not_picked":["Sozu","Runic Dome"],"picked":"Pandora\u0027s Box"},{"not_picked":["Fusion Hammer","Coffee Dripper"],"picked":"Black Star"}],"items_purged_floors":[12,47],"is_endless":false,"potions_floor_spawned":[1,2,14,16,24,25,30,39,41,48,54],"ascension_level":6}}