{"host":"982s3gyyw86tgeig","time":1609549596,"event":{"mods":["AchievementEnabler","Act Like it!","Aspiration","BaseMod","Colored Powertips","Evolution","GifTheSpireLib","Hermit","Hubris","Minty Spire (QoL Compilation)","Pale of the Ancients","Rare Cards Sparkle","Relic Stats","Replay The Spire","StSLib","Stuff the Spire","The IronCluck","vexMod"],"gold_per_floor":[116,116,136,136,24,53,65,65,65,65,81,96,123,139,139,243,243,253,273,283,298,151,177,69,81,81,81,94,113,113,113,113,118,118],"floor_reached":33,"playtime":2246,"items_purged":[],"score":331,"play_id":"e1d6f1c5-4aff-45a8-8798-e1c5d9cf44d1","local_time":"20210101170635","is_ascension_mode":false,"campfire_choices":[{"data":"hermit:Misfire","floor":8,"key":"SMITH"},{"floor":10,"key":"REST"},{"floor":15,"key":"REST"},{"floor":27,"key":"REST"},{"floor":30,"key":"REST"}],"circlet_count":0,"master_deck":["hermit:Misfire+1","hermit:Misfire","hermit:Misfire","hermit:Strike_Hermit","hermit:Defend_Hermit","hermit:Defend_Hermit","hermit:Defend_Hermit","hermit:Defend_Hermit","hermit:Snapshot","hermit:Covet+1","Beam Cell","hermit:ShadowCloak+1","hermit:Ricochet","Hologram","hermit:FlashPowder","Genetic Algorithm","hermit:TakeAim","Cold Snap","hermit:EyeOfTheStorm","hermit:FromBeyond","Fire Breathing","hermit:Misfire","hermit:Roughhouse","hermit:Misfire","hermit:Dive","hermit:Quickdraw+1","hermit:Glare","hermit:Headshot+1","hermit:FatalDesire","hermit:Desperado+1","hermit:Manifest+1","hermit:BigShot","hermit:BigShot","Specialist","hermit:CursedWeapon","hermit:FinalCanter+1","hermit:GoldenBullet+1","hermit:Horror+1","hermit:Scavenge","hermit:Determination+1","hermit:Vantage","hermit:Enervate"],"relics":["hermit:Momento","EVO:Axolotl","aspiration:Nostalgia","Iron Core","Prayer Wheel","Vajra","hermit:Horseshoe","Tiny Chest","vexMod:CursedCompass","Sundial","Question Card"],"acts_visited":["Exordium","TheCity"],"potions_floor_usage":[16,16,23,29,29,29,33,33,33,33,33],"damage_taken":[{"damage":0,"enemies":"Small Slimes","floor":1,"turns":3},{"damage":0,"enemies":"2 Louse","floor":3,"turns":1},{"damage":15,"enemies":"Gremlin Nob","floor":6,"turns":4},{"damage":0,"enemies":"Cultist","floor":7,"turns":2},{"damage":1,"enemies":"Lots of Slimes","floor":11,"turns":4},{"damage":1,"enemies":"3 Louse","floor":12,"turns":2},{"damage":33,"enemies":"Lagavulin","floor":13,"turns":6},{"damage":3,"enemies":"Gremlin Gang","floor":14,"turns":5},{"damage":23,"enemies":"Hexaghost","floor":16,"turns":7},{"damage":0,"enemies":"Spheric Guardian","floor":18,"turns":3},{"damage":10,"enemies":"Chosen","floor":19,"turns":4},{"damage":2,"enemies":"Snecko","floor":20,"turns":5},{"damage":0,"enemies":"Sentry and Sphere","floor":21,"turns":5},{"damage":33,"enemies":"Slavers","floor":23,"turns":5},{"damage":5,"enemies":"Chosen and Byrds","floor":25,"turns":6},{"damage":22,"enemies":"3 Cultists","floor":28,"turns":5},{"damage":24,"enemies":"Centurion and Healer","floor":29,"turns":4},{"damage":30,"enemies":"Pondfish","floor":33,"turns":6}],"seed_played":"3749574013828920859","potions_obtained":[{"floor":7,"key":"EssenceOfSteel"},{"floor":13,"key":"PowerPotion"},{"floor":16,"key":"Explosive Potion"},{"floor":19,"key":"BlessingOfTheForge"},{"floor":25,"key":"Weak Potion"},{"floor":28,"key":"Energy Potion"},{"floor":32,"key":"EntropicBrew"},{"floor":32,"key":"Adrenaline Potion"}],"is_trial":false,"path_per_floor":["M","?","M","?","?","E","M","R","T","R","M","M","E","M","R","B",null,"M","M","M","M","$","E","$","M","T","R","M","M","R","?","R","B"],"character_chosen":"HERMIT","items_purchased":["hermit:BigShot","Specialist","hermit:FinalCanter+1"],"campfire_rested":4,"item_purchase_floors":[22,22,24],"current_hp_per_floor":[75,75,75,60,60,45,45,45,45,67,66,65,32,29,51,28,75,75,65,63,63,63,30,30,25,25,47,25,1,23,30,30,0,0],"gold":118,"neow_bonus":"NOSTALGIA","is_daily":false,"chose_seed":false,"campfire_upgraded":1,"win_rate":0.0,"timestamp":1609549595,"path_taken":["M","?","M","?","?","E","?","R","T","R","M","M","E","M","R","BOSS","M","M","M","M","?","E","$","M","T","R","M","?","R","?","R","BOSS"],"items_purchased_type":["Card","Card","Card"],"build_version":"2020-12-22","purchased_purges":0,"victory":false,"max_hp_per_floor":[75,75,75,75,75,75,75,75,75,75,75,75,75,75,75,75,75,75,75,75,75,75,75,75,75,75,75,75,75,75,75,75,75,75],"relic_stats":{"counters":[18,77],"Sundial":[0],"Prayer Wheel":11,"Tiny Chest":0,"Question Card":4,"obtain_stats":[{"Iron Core":0,"aspiration:Nostalgia":0,"Sundial":23,"Vajra":6,"Prayer Wheel":5,"Tiny Chest":13,"vexMod:CursedCompass":17,"EVO:Axolotl":0,"hermit:Horseshoe":9,"Question Card":26,"hermit:Momento":0},{"Iron Core":0,"aspiration:Nostalgia":0,"Sundial":14,"Vajra":3,"Prayer Wheel":2,"Tiny Chest":7,"vexMod:CursedCompass":9,"EVO:Axolotl":0,"hermit:Horseshoe":4,"Question Card":15,"hermit:Momento":0},{"Iron Core":0,"aspiration:Nostalgia":0,"Sundial":56,"Vajra":8,"Prayer Wheel":4,"Tiny Chest":22,"vexMod:CursedCompass":34,"EVO:Axolotl":0,"hermit:Horseshoe":10,"Question Card":62,"hermit:Momento":0}]},"card_choices":[{"not_picked":["hermit:Manifest","Rebound"],"picked":"Beam Cell","floor":1},{"not_picked":["Dual Wield","Inflame"],"picked":"hermit:ShadowCloak","floor":3},{"not_picked":["WeaponsOverheat","Dual Wield"],"picked":"hermit:Ricochet","floor":6},{"not_picked":["hermit:Cheat","Flex"],"picked":"Hologram","floor":7},{"not_picked":["Seeing Red","Iron Wave"],"picked":"hermit:FlashPowder","floor":7},{"not_picked":["hermit:WideOpen","Clash"],"picked":"Genetic Algorithm","floor":11},{"not_picked":["hermit:HighCaliber","Hologram"],"picked":"hermit:TakeAim","floor":11},{"not_picked":["hermit:OverwhelmingPower","Headbutt"],"picked":"Cold Snap","floor":12},{"not_picked":["hermit:FullyLoaded","ReplayTheSpireMod:GoodbyeWorld"],"picked":"hermit:EyeOfTheStorm","floor":12},{"not_picked":["hermit:Gambit","hermit:Cheat"],"picked":"hermit:FromBeyond","floor":13},{"not_picked":["hermit:CalledShot","Scorching Beam"],"picked":"Fire Breathing","floor":14},{"not_picked":["hermit:Desperado","Flex"],"picked":"hermit:Misfire","floor":14},{"not_picked":["hermit:Reprieve","hermit:HighNoon"],"picked":"hermit:Roughhouse","floor":16},{"not_picked":["hermit:BodyArmor","hermit:Ricochet"],"picked":"hermit:Misfire","floor":18},{"not_picked":["hermit:Manifest","hermit:BodyArmor"],"picked":"hermit:Dive","floor":18},{"not_picked":["hermit:Gestalt","hermit:Cheat"],"picked":"hermit:Quickdraw+1","floor":19},{"not_picked":["hermit:LoneWolf","hermit:Grudge"],"picked":"hermit:Glare","floor":19},{"not_picked":["hermit:ItchyTrigger+1","hermit:Roulette+1"],"picked":"hermit:Headshot+1","floor":20},{"not_picked":["hermit:Headshot","hermit:Manifest"],"picked":"hermit:FatalDesire","floor":20},{"not_picked":["hermit:Coalescence","hermit:Cheat+1"],"picked":"hermit:Desperado+1","floor":21},{"not_picked":["hermit:Headshot+1","hermit:HoleUp"],"picked":"hermit:Manifest+1","floor":21},{"not_picked":["hermit:LowProfile","hermit:Dive"],"picked":"hermit:CursedWeapon","floor":23},{"not_picked":["hermit:Vantage","hermit:Desperado"],"picked":"hermit:GoldenBullet+1","floor":25},{"not_picked":["hermit:LowProfile","hermit:Enervate+1"],"picked":"hermit:Horror+1","floor":25},{"not_picked":["hermit:Horror","hermit:LowProfile","hermit:Combo"],"picked":"hermit:Scavenge","floor":28},{"not_picked":["hermit:LuckOfTheDraw","hermit:CalledShot","hermit:Cheat"],"picked":"hermit:Determination+1","floor":28},{"not_picked":["hermit:LowProfile","hermit:Cheat","hermit:Manifest+1"],"picked":"hermit:Vantage","floor":29},{"not_picked":["hermit:FatalDesire","hermit:Coalescence","hermit:Cheat"],"picked":"hermit:Enervate","floor":29}],"player_experience":49668,"relics_obtained":[{"floor":6,"key":"Vajra"},{"floor":9,"key":"hermit:Horseshoe"},{"floor":13,"key":"Tiny Chest"},{"floor":23,"key":"Sundial"},{"floor":26,"key":"Question Card"}],"event_choices":[{"damage_healed":0,"gold_gain":0,"player_choice":"Ignored","damage_taken":0,"max_hp_gain":0,"max_hp_loss":0,"event_name":"Liars Game","floor":2,"gold_loss":0},{"damage_healed":0,"gold_gain":0,"player_choice":"Entered Light","damage_taken":15,"max_hp_gain":0,"max_hp_loss":0,"event_name":"Shining Light","floor":4,"gold_loss":0,"cards_upgraded":["hermit:Covet","hermit:ShadowCloak"]},{"damage_healed":0,"gold_gain":0,"player_choice":"Paid Gold","damage_taken":0,"relics_obtained":["Prayer Wheel"],"max_hp_gain":0,"max_hp_loss":0,"event_name":"WeMeetAgain","floor":5,"gold_loss":112}],"is_beta":false,"boss_relics":[{"not_picked":["aspiration:RunicSpoon","Coffee Dripper"],"picked":"vexMod:CursedCompass"}],"items_purged_floors":[],"is_endless":false,"potions_floor_spawned":[7,13,16,19,25,28],"killed_by":"Pondfish","ascension_level":0}}