{"host":"90jl2h70xtuoeg0i","time":1609615640,"event":{"mods":["AchievementEnabler","BaseMod","Colored Map","Colored Powertips","Highlight Path","Minty Spire (QoL Compilation)","Relic Stats","ojb\u0027s Info Mod"],"gold_per_floor":[109,124,124,141,156,156,185,204,204,204,214,248,258,273,273,376,376,392,2,2,11,101,139,9,9,9,20,20,45,45,68,68,68,68],"floor_reached":33,"playtime":6912,"items_purged":["Dualcast","Writhe"],"score":363,"play_id":"f2c31020-f8c5-4ae8-b95e-73faf581a8d0","local_time":"20210102142720","is_ascension_mode":true,"campfire_choices":[{"data":"Streamline","floor":6,"key":"SMITH"},{"floor":10,"key":"REST"},{"data":"Reprogram","floor":15,"key":"SMITH"},{"floor":25,"key":"REST"},{"data":"Hologram","floor":28,"key":"SMITH"},{"floor":30,"key":"REST"},{"floor":32,"key":"REST"}],"circlet_count":0,"master_deck":["Strike_B","Defend_B","Defend_B","Defend_B","Defend_B","Zap","Streamline+1","FTL","White Noise","Hologram+1","Defragment","Gash","Gash","Reprogram+1","All For One","FTL","Turbo+1","Auto Shields","Conserve Battery+1","Go for the Eyes+1"],"relics":["Empty Cage","StoneCalendar","Cables","CeramicFish","Cursed Key","Frozen Eye","Shovel","Pocketwatch"],"acts_visited":["Exordium","TheCity"],"potions_floor_usage":[5,11,16,16,23,23,33,33],"damage_taken":[{"damage":2,"enemies":"Jaw Worm","floor":1,"turns":3},{"damage":0,"enemies":"Small Slimes","floor":2,"turns":2},{"damage":2,"enemies":"2 Louse","floor":4,"turns":3},{"damage":11,"enemies":"Exordium Thugs","floor":5,"turns":3},{"damage":15,"enemies":"Lagavulin","floor":7,"turns":6},{"damage":5,"enemies":"2 Fungi Beasts","floor":8,"turns":3},{"damage":0,"enemies":"Lots of Slimes","floor":11,"turns":1},{"damage":12,"enemies":"3 Sentries","floor":12,"turns":4},{"damage":0,"enemies":"Exordium Wildlife","floor":13,"turns":2},{"damage":7,"enemies":"Looter","floor":14,"turns":3},{"damage":27,"enemies":"The Guardian","floor":16,"turns":11},{"damage":2,"enemies":"Shell Parasite","floor":18,"turns":5},{"damage":31,"enemies":"Book of Stabbing","floor":23,"turns":4},{"damage":7,"enemies":"2 Thieves","floor":27,"turns":4},{"damage":23,"enemies":"Shelled Parasite and Fungi","floor":29,"turns":5},{"damage":18,"enemies":"3 Cultists","floor":31,"turns":5},{"damage":59,"enemies":"Collector","floor":33,"turns":7}],"seed_played":"-3000727184601447613","potions_obtained":[{"floor":1,"key":"BlessingOfTheForge"},{"floor":7,"key":"SneckoOil"},{"floor":8,"key":"Explosive Potion"},{"floor":12,"key":"PowerPotion"},{"floor":13,"key":"SpeedPotion"},{"floor":16,"key":"PowerPotion"},{"floor":18,"key":"ColorlessPotion"},{"floor":23,"key":"FocusPotion"}],"is_trial":false,"path_per_floor":["M","M","?","M","M","R","E","M","T","R","M","E","M","M","R","B",null,"M","$","?","?","?","E","$","R","T","M","R","M","R","M","R","B"],"character_chosen":"DEFECT","items_purchased":["All For One","FTL","Frozen Eye","Auto Shields"],"campfire_rested":4,"item_purchase_floors":[19,19,19,24],"current_hp_per_floor":[66,66,59,57,46,46,31,26,26,48,48,36,36,29,29,2,57,55,55,55,55,43,12,12,34,34,27,27,4,26,8,30,0,0],"gold":68,"neow_bonus":"BOSS_RELIC","is_daily":false,"chose_seed":false,"campfire_upgraded":3,"win_rate":0.0,"timestamp":1609615640,"path_taken":["M","M","?","M","M","R","E","M","T","R","M","E","M","M","R","BOSS","M","$","?","?","?","E","$","R","T","M","R","?","R","M","R","BOSS"],"items_purchased_type":["Card","Card","Relic","Card"],"build_version":"2020-12-22","purchased_purges":2,"victory":false,"max_hp_per_floor":[75,75,75,75,75,75,75,75,75,75,75,75,75,75,75,75,75,75,75,75,75,75,75,75,75,75,75,75,75,75,75,75,75,75],"relic_stats":{"Shovel":0,"counters":[17,71],"CeramicFish":72,"StoneCalendar":[104],"Cursed Key":0,"obtain_stats":[{"Frozen Eye":19,"Shovel":21,"CeramicFish":12,"StoneCalendar":7,"Cracked Core":0,"Empty Cage":0,"Cursed Key":17,"Cables":9,"Pocketwatch":23},{"Frozen Eye":12,"Shovel":12,"CeramicFish":8,"StoneCalendar":5,"Cracked Core":0,"Empty Cage":0,"Cursed Key":11,"Cables":6,"Pocketwatch":13},{"Frozen Eye":46,"Shovel":46,"CeramicFish":25,"StoneCalendar":17,"Cracked Core":0,"Empty Cage":0,"Cursed Key":41,"Cables":20,"Pocketwatch":50}],"Cables":[16,16,0,0,0],"Pocketwatch":[6]},"card_choices":[{"not_picked":["Consume","Beam Cell"],"picked":"Streamline","floor":1},{"not_picked":["Stack","Barrage"],"picked":"FTL","floor":2},{"not_picked":["Double Energy","Coolheaded"],"picked":"White Noise","floor":4},{"not_picked":["Reboot","Recycle"],"picked":"Hologram","floor":5},{"not_picked":["Force Field","Scrape"],"picked":"Defragment","floor":7},{"not_picked":["Barrage","Conserve Battery"],"picked":"Gash","floor":8},{"not_picked":["Sweeping Beam","Redo"],"picked":"Gash","floor":11},{"not_picked":["Genetic Algorithm","Storm"],"picked":"Reprogram","floor":12},{"not_picked":["Barrage","Darkness","Streamline"],"picked":"SKIP","floor":13},{"not_picked":["Doom and Gloom","Conserve Battery","Creative AI"],"picked":"SKIP","floor":14},{"not_picked":["Stack","Force Field","Hello World"],"picked":"SKIP","floor":18},{"not_picked":["Coolheaded","Glacier"],"picked":"Turbo+1","floor":23},{"not_picked":["Stack","Defragment+1","Cold Snap"],"picked":"SKIP","floor":27},{"not_picked":["Defragment","Fusion"],"picked":"Conserve Battery+1","floor":29},{"not_picked":["Sunder","Rebound+1"],"picked":"Go for the Eyes+1","floor":31}],"player_experience":1421355,"relics_obtained":[{"floor":7,"key":"StoneCalendar"},{"floor":9,"key":"Cables"},{"floor":12,"key":"CeramicFish"},{"floor":23,"key":"Pocketwatch"}],"event_choices":[{"cards_removed":["Strike_B"],"damage_healed":0,"gold_gain":0,"player_choice":"Card Removal","damage_taken":7,"max_hp_gain":0,"max_hp_loss":0,"event_name":"Golden Wing","floor":3,"gold_loss":0},{"damage_healed":0,"gold_gain":0,"player_choice":"Ignored","damage_taken":0,"max_hp_gain":0,"max_hp_loss":0,"event_name":"Ghosts","floor":20,"gold_loss":0},{"damage_healed":0,"gold_gain":0,"player_choice":"Opened","damage_taken":0,"relics_obtained":["Shovel"],"max_hp_gain":0,"max_hp_loss":0,"event_name":"The Mausoleum","floor":21,"gold_loss":0,"cards_obtained":["Writhe"]},{"damage_healed":0,"gold_gain":90,"player_choice":"GOLD ","damage_taken":12,"max_hp_gain":0,"max_hp_loss":0,"event_name":"Knowing Skull","floor":22,"potions_obtained":[],"gold_loss":0,"cards_obtained":[]}],"is_beta":false,"boss_relics":[{"not_picked":["Busted Crown","Fusion Hammer"],"picked":"Cursed Key"}],"items_purged_floors":[19,24],"is_endless":false,"potions_floor_spawned":[1,7,8,12,13,16,18,23],"killed_by":"Collector","ascension_level":6}}