{"host":"ÇïÍ¥»¨¿ªÃÎÀïÏã","time":1609558681,"event":{"mods":["ATMod(°¢èªMod)","BaseMod","Challenge The Spire","Custom Start","DeckTracker","Minty Spire (QoL Compilation)","Quick Restart","Relic Stats","StSLib"],"gold_per_floor":[703,351,386,416,532,532,254,254,365,431,593,593,287,287,353,516,577,670],"floor_reached":19,"playtime":1223,"items_purged":["Strike_B","Strike_B","Strike_B","Strike_B"],"score":345,"play_id":"17957100-0c5c-4052-833a-d78dd7b7259a","local_time":"20210102113801","daily_mods":["challengethespire:Bronze Difficulty","challengethespire:Elite Rush","Uncertain Future"],"is_ascension_mode":false,"campfire_choices":[{"data":"Consume","floor":8.0,"key":"SMITH"},{"data":"AT_RightCognition","floor":14.0,"key":"SMITH"}],"circlet_count":0,"master_deck":["Defend_B","Defend_B","Defend_B","Defend_B","Zap","Dualcast","AT_WaterDrop","AT_DarkMatter","Consume+1","Capacitor","Creative AI","Turbo","AT_DarkMatter","AT_RightCognition+1","AT_HeatAcrobatics","Redo","Recycle","Skim"],"relics":["FrozenCore","Black Star","Sling","PreservedInsect","AT_ATBox","ClockworkSouvenir","White Beast Statue","AT_ArcaneBoots","AT_ArchangelStaff","Mummified Hand","AT_MibuBalloonWealth","Symbiotic Virus","CeramicFish","Coffee Dripper","Bag of Preparation","Bag of Marbles","Strawberry","FossilizedHelix","Eternal Feather","StoneCalendar","Ancient Tea Set","Lee\u0027s Waffle","Boot","Sundial","Du-Vu Doll","Mercury Hourglass","AT_GuinsooRageblade","Unceasing Top","Ornamental Fan","AT_ImmortalShieldbow"],"acts_visited":["Exordium"],"potions_floor_usage":[16,16,16,18,18],"damage_taken":[{"damage":7.0,"enemies":"Gremlin Nob","floor":3.0,"turns":4.0},{"damage":10.0,"enemies":"Lagavulin","floor":4.0,"turns":7.0},{"damage":1.0,"enemies":"3 Sentries","floor":5.0,"turns":9.0},{"damage":16.0,"enemies":"Slavers","floor":9.0,"turns":11.0},{"damage":2.0,"enemies":"Book of Stabbing","floor":10.0,"turns":6.0},{"damage":15.0,"enemies":"Gremlin Leader","floor":11.0,"turns":7.0},{"damage":0.0,"enemies":"Nemesis","floor":15.0,"turns":7.0},{"damage":7,"enemies":"Reptomancer","floor":16,"turns":7},{"damage":0,"enemies":"Giant Head","floor":17,"turns":9},{"damage":5,"enemies":"Shield and Spear","floor":18,"turns":7}],"seed_played":"7170491413396413965","potions_obtained":[{"floor":3.0,"key":"GamblersBrew"},{"floor":4.0,"key":"LiquidMemories"},{"floor":5.0,"key":"Block Potion"},{"floor":9.0,"key":"EssenceOfSteel"},{"floor":11.0,"key":"DuplicationPotion"},{"floor":16,"key":"SkillPotion"},{"floor":17,"key":"Ancient Potion"},{"floor":18,"key":"SpeedPotion"}],"is_trial":true,"path_per_floor":["$","$","E","E","E","T","$","R","E","E","E","T","$","R","E","E","E","E",null],"character_chosen":"DEFECT","items_purchased":["ClockworkSouvenir","AT_DarkMatter","White Beast Statue","Bag of Preparation","Lee\u0027s Waffle"],"campfire_rested":0,"item_purchase_floors":[1,1,2,7,13],"current_hp_per_floor":[75,75,68,58,57,57,57,57,48,46,31,31,89,89,89,82,82,77],"gold":670,"neow_bonus":"","is_daily":false,"chose_seed":false,"campfire_upgraded":2,"win_rate":0.0,"timestamp":1609558681,"path_taken":["$","$","E","E","E","T","$","R","E","E","E","T","$","R","E","E","E","E"],"items_purchased_type":["Relic","Card","Relic","Relic","Relic"],"build_version":"2020-12-18","purchased_purges":4,"victory":true,"max_hp_per_floor":[75,75,75,75,75,75,75,75,82,82,82,82,89,89,89,89,89,89],"relic_stats":{"Lee\u0027s Waffle":58,"counters":[10,74],"CeramicFish":72,"Eternal Feather":0,"StoneCalendar":[195],"PreservedInsect":503,"Bag of Preparation":[14],"Boot":[0],"FrozenCore":[9],"Mercury Hourglass":[51],"Mummified Hand":[102],"Sundial":[10],"Ornamental Fan":[0],"Black Star":10,"obtain_stats":[{"AT_ATBox":0,"AT_MibuBalloonWealth":4,"CeramicFish":5,"StoneCalendar":11,"AT_ArcaneBoots":9,"Bag of Preparation":7,"Sling":0,"AT_ArchangelStaff":3,"Ancient Tea Set":11,"Boot":15,"ClockworkSouvenir":1,"FrozenCore":12,"Mummified Hand":4,"Sundial":15,"Strawberry":9,"Cracked Core":0,"AT_GuinsooRageblade":17,"Lee\u0027s Waffle":13,"Eternal Feather":10,"PreservedInsect":0,"White Beast Statue":2,"Mercury Hourglass":16,"Du-Vu Doll":16,"AT_ImmortalShieldbow":18,"AT_SpeedBoots":3,"Ornamental Fan":18,"Black Star":0,"Coffee Dripper":6,"Bag of Marbles":9,"Symbiotic Virus":5,"FossilizedHelix":10,"Unceasing Top":17},{"AT_ATBox":0,"AT_MibuBalloonWealth":2,"CeramicFish":3,"StoneCalendar":6,"AT_ArcaneBoots":4,"Bag of Preparation":3,"Sling":0,"AT_ArchangelStaff":1,"Ancient Tea Set":6,"Boot":7,"ClockworkSouvenir":0,"FrozenCore":6,"Mummified Hand":2,"Sundial":7,"Strawberry":4,"Cracked Core":0,"AT_GuinsooRageblade":9,"Lee\u0027s Waffle":6,"Eternal Feather":5,"PreservedInsect":0,"White Beast Statue":0,"Mercury Hourglass":8,"Du-Vu Doll":8,"AT_ImmortalShieldbow":10,"AT_SpeedBoots":1,"Ornamental Fan":10,"Black Star":0,"Coffee Dripper":3,"Bag of Marbles":4,"Symbiotic Virus":3,"FossilizedHelix":5,"Unceasing Top":9},{"AT_ATBox":0,"AT_MibuBalloonWealth":11,"CeramicFish":20,"StoneCalendar":44,"AT_ArcaneBoots":30,"Bag of Preparation":20,"Sling":0,"AT_ArchangelStaff":4,"Ancient Tea Set":44,"Boot":51,"ClockworkSouvenir":0,"FrozenCore":44,"Mummified Hand":11,"Sundial":51,"Strawberry":31,"Cracked Core":0,"AT_GuinsooRageblade":67,"Lee\u0027s Waffle":44,"Eternal Feather":37,"PreservedInsect":0,"White Beast Statue":0,"Mercury Hourglass":58,"Du-Vu Doll":58,"AT_ImmortalShieldbow":74,"AT_SpeedBoots":4,"Ornamental Fan":74,"Black Star":0,"Coffee Dripper":20,"Bag of Marbles":31,"Symbiotic Virus":20,"FossilizedHelix":37,"Unceasing Top":67}],"Unceasing Top":[0]},"card_choices":[],"player_experience":474037,"relics_obtained":[{"floor":3.0,"key":"AT_SpeedBoots"},{"floor":3.0,"key":"AT_ArchangelStaff"},{"floor":4.0,"key":"Mummified Hand"},{"floor":4.0,"key":"AT_MibuBalloonWealth"},{"floor":5.0,"key":"Symbiotic Virus"},{"floor":5.0,"key":"CeramicFish"},{"floor":9.0,"key":"Bag of Marbles"},{"floor":9.0,"key":"Strawberry"},{"floor":10.0,"key":"FossilizedHelix"},{"floor":10.0,"key":"Eternal Feather"},{"floor":11.0,"key":"StoneCalendar"},{"floor":11.0,"key":"Ancient Tea Set"},{"floor":15.0,"key":"Boot"},{"floor":15.0,"key":"Sundial"},{"floor":16,"key":"Du-Vu Doll"},{"floor":16,"key":"Mercury Hourglass"},{"floor":17,"key":"AT_GuinsooRageblade"},{"floor":17,"key":"Unceasing Top"},{"floor":18,"key":"Ornamental Fan"},{"floor":18,"key":"AT_ImmortalShieldbow"}],"event_choices":[],"is_beta":true,"boss_relics":[{"not_picked":["SlaversCollar","Empty Cage"],"picked":"Coffee Dripper"},{"not_picked":["Snecko Eye","AT_MortalBlade"],"picked":"FrozenCore"}],"items_purged_floors":[1,2,7,13],"is_endless":false,"potions_floor_spawned":[3,4,5,9,10,11,15,16,17,18],"ascension_level":0}}