{"host":"g8a0qo0vjtg6u5wv","time":1609604627,"event":{"mods":["BaseMod","Colored Map","Custom Start","KOR Keyword Fix","Minty Spire (QoL Compilation)","Rare Cards Sparkle","Replay The Spire","StSLib","SuperFastMode"],"gold_per_floor":[110,125,125,125,144,144,162,83,83,118,118,118,143,175,175,249,249,268,71,81,97,117,149,149,184,211,256,274,53,53,82,82,165,165,184,202,91,122,122,122,173,173,173,199,228,268,18,28,28],"floor_reached":48,"playtime":1591,"items_purged":["FIFO Queue"],"score":1936,"play_id":"0e7e9c2c-b3aa-4d25-8fba-224b32844cd8","local_time":"20210103012347","daily_mods":["Vintage","Flight"],"is_ascension_mode":true,"campfire_choices":[{"data":"Blizzard","floor":6,"key":"SMITH"},{"data":"ReplayTheSpireMod:Calculation Training","floor":11,"key":"SMITH"},{"data":"Coolheaded","floor":12,"key":"SMITH"},{"data":"ReplayTheSpireMod:System Scan","floor":15,"key":"SMITH"},{"data":"White Noise","floor":24,"key":"SMITH"},{"data":"Coolheaded","floor":30,"key":"SMITH"},{"data":"Heatsinks","floor":32,"key":"SMITH"},{"data":"Echo Form","floor":40,"key":"SMITH"},{"data":"FIFO Queue","floor":42,"key":"SMITH"}],"circlet_count":0,"master_deck":["Glacier+1","Chill","Coolheaded+1","Blizzard+1","Cold Snap+1","FIFO Queue+1","ReplayTheSpireMod:Calculation Training+1","Coolheaded+1","ReplayTheSpireMod:System Scan+1","Seek+1","Heatsinks+1","White Noise+1","BasicCrystalCard+1","Creative AI","Echo Form+1","Echo Form","Consume","Crystallizer"],"relics":["Cracked Core","Replay:Frozen Program","Calipers","Cables","ReplayTheSpireMod:Ninjato","Kunai","Blue Doll","Carrot","Replay:Wax Seal","Whetstone","Omamori","Pen Nib","Coffee Dripper","Orichalcum","ClockworkSouvenir","Potion Belt","Onion Ring","Smiling Mask","Lantern","Mummified Hand","Replay:Bandana","War Paint","Pocketwatch","Oddly Smooth Stone","Bronze Scales","Painkiller Herb","Unceasing Top","PreservedInsect","Ginger","Question Card","Pear","ReplayTheSpireMod:Shallot","Iron Hammer","Art of War","PrismaticShard"],"acts_visited":["Exordium","TheCity","TheBeyond"],"potions_floor_usage":[13,20,23,29],"damage_taken":[{"damage":0,"enemies":"Small Slimes","floor":1,"turns":2},{"damage":0,"enemies":"Cultist","floor":2,"turns":4},{"damage":0,"enemies":"Jaw Worm","floor":5,"turns":3},{"damage":0,"enemies":"Large Slime","floor":7,"turns":4},{"damage":0,"enemies":"3 Sentries","floor":10,"turns":3},{"damage":0,"enemies":"Gremlin Nob","floor":13,"turns":3},{"damage":0,"enemies":"Lagavulin","floor":14,"turns":5},{"damage":6,"enemies":"The Guardian","floor":16,"turns":9},{"damage":0,"enemies":"Spheric Guardian","floor":18,"turns":3},{"damage":0,"enemies":"2 Thieves","floor":20,"turns":3},{"damage":0,"enemies":"3 Cultists","floor":21,"turns":3},{"damage":0,"enemies":"Cultist and Chosen","floor":22,"turns":5},{"damage":7,"enemies":"Slavers","floor":23,"turns":3},{"damage":1,"enemies":"Replay:Snechameleon","floor":25,"turns":5},{"damage":0,"enemies":"Slavers","floor":27,"turns":3},{"damage":0,"enemies":"Centurion and Healer","floor":28,"turns":4},{"damage":0,"enemies":"Chosen and Byrds","floor":31,"turns":3},{"damage":0,"enemies":"Automaton","floor":33,"turns":6},{"damage":0,"enemies":"Orb Walker","floor":35,"turns":3},{"damage":0,"enemies":"3 Shapes","floor":36,"turns":1},{"damage":0,"enemies":"Mind Bloom Boss Battle","floor":38,"turns":4},{"damage":0,"enemies":"R_Hoarder","floor":41,"turns":4},{"damage":0,"enemies":"3 Darklings","floor":44,"turns":2},{"damage":0,"enemies":"Maw","floor":45,"turns":4},{"damage":0,"enemies":"Nemesis","floor":46,"turns":4},{"damage":0,"enemies":"R_Hoarder","floor":48,"turns":4}],"seed_played":"9086661037273525808","potions_obtained":[{"floor":5,"key":"PotionOfCapacity"},{"floor":7,"key":"Languid Potion"},{"floor":14,"key":"Fire Potion"},{"floor":18,"key":"Block Potion"},{"floor":21,"key":"EssenceOfSteel"},{"floor":22,"key":"Regen Potion"},{"floor":28,"key":"FocusPotion"},{"floor":35,"key":"ColorlessPotion"},{"floor":38,"key":"LifebloodPotion"}],"is_trial":true,"path_per_floor":["M","M","$","?","M","R","M","$","T","E","R","R","E","E","R","B",null,"M","$","M","M","M","E","R","E","T","E","M","$","R","M","R_BF","B",null,"?","?","T","?","T","T","E","T","T","?","?","E","T","E"],"character_chosen":"DEFECT","items_purchased":["FIFO Queue","ClockworkSouvenir","Heatsinks","Oddly Smooth Stone","Fruit Juice","Echo Form","PrismaticShard","Crystallizer"],"campfire_rested":0,"item_purchase_floors":[8,19,19,29,29,37,47,47],"current_hp_per_floor":[64,64,64,64,64,64,64,64,64,64,64,64,64,64,64,58,68,68,68,68,68,68,71,71,70,70,70,70,75,75,75,75,75,76,76,76,76,76,76,76,76,76,86,86,86,86,86,86,86],"gold":28,"neow_bonus":"","is_daily":false,"chose_seed":false,"campfire_upgraded":9,"win_rate":0.0,"timestamp":1609604627,"path_taken":["M","M","$","?","M","R","M","$","T","E","R","R","E","E","R","BOSS","M","$","M","?","M","E","R","E","T","E","M","$","R","M","R_BF","BOSS","?","?","T","?","T","T","E","T","T","?","?","E","T","E"],"items_purchased_type":["Card","Relic","Card","Relic","Potion","Card","Relic","Card"],"build_version":"2020-12-22","purchased_purges":1,"victory":false,"max_hp_per_floor":[71,71,71,71,71,71,71,71,71,71,71,71,71,71,71,71,71,71,71,71,71,71,71,71,71,71,71,71,76,76,76,76,76,76,76,76,76,76,76,76,76,76,86,86,86,86,86,86,86],"card_choices":[{"not_picked":["Cold Snap","Self Repair"],"picked":"ReplayTheSpireMod:Calculation Training","floor":10},{"not_picked":["Reinforced Body","Ball Lightning"],"picked":"Coolheaded","floor":13},{"not_picked":["Streamline","Doom and Gloom"],"picked":"ReplayTheSpireMod:System Scan","floor":14},{"not_picked":["Core Surge","Hyperbeam"],"picked":"Seek","floor":16},{"not_picked":["Time Bomb","Undo"],"picked":"White Noise","floor":23},{"not_picked":["Steam Power","Rebound"],"picked":"FIFO Queue","floor":25},{"not_picked":["Beam Cell","Leap+1"],"picked":"BasicCrystalCard+1","floor":27},{"not_picked":["Thunder Strike","Multi-Cast"],"picked":"Creative AI","floor":33},{"not_picked":["Go for the Eyes","Turbo","Reinforced Body"],"picked":"SKIP","floor":41},{"not_picked":["ReplayTheSpireMod:System Scan","Panic Button+1","Buffer"],"picked":"Consume","floor":46}],"player_experience":542624,"relics_obtained":[{"floor":1,"key":"ReplayTheSpireMod:Ninjato"},{"floor":2,"key":"Kunai"},{"floor":5,"key":"Blue Doll"},{"floor":7,"key":"Carrot"},{"floor":9,"key":"Replay:Wax Seal"},{"floor":10,"key":"Whetstone"},{"floor":13,"key":"Omamori"},{"floor":14,"key":"Pen Nib"},{"floor":18,"key":"Orichalcum"},{"floor":20,"key":"Potion Belt"},{"floor":21,"key":"Onion Ring"},{"floor":22,"key":"Smiling Mask"},{"floor":23,"key":"Lantern"},{"floor":25,"key":"Mummified Hand"},{"floor":26,"key":"Replay:Bandana"},{"floor":27,"key":"War Paint"},{"floor":28,"key":"Pocketwatch"},{"floor":31,"key":"Bronze Scales"},{"floor":35,"key":"Unceasing Top"},{"floor":36,"key":"PreservedInsect"},{"floor":38,"key":"Ginger"},{"floor":41,"key":"Question Card"},{"floor":43,"key":"Pear"},{"floor":44,"key":"ReplayTheSpireMod:Shallot"},{"floor":45,"key":"Iron Hammer"},{"floor":46,"key":"Art of War"}],"event_choices":[{"cards_removed":["Dualcast"],"damage_healed":0,"gold_gain":0,"player_choice":"Offered Basic","damage_taken":0,"max_hp_gain":0,"max_hp_loss":0,"event_name":"Bonfire Elementals","floor":4,"gold_loss":0},{"damage_healed":0,"gold_gain":0,"player_choice":"Fight","damage_taken":0,"max_hp_gain":0,"max_hp_loss":0,"event_name":"MindBloom","floor":38,"gold_loss":0}],"is_beta":false,"boss_relics":[{"not_picked":["Philosopher\u0027s Stone","Runic Pyramid"],"picked":"Coffee Dripper"},{"not_picked":["SacredBark","Snecko Eye"],"picked":"Painkiller Herb"}],"items_purged_floors":[29],"is_endless":true,"potions_floor_spawned":[5,7,14,16,18,21,22,28,35,38,44],"killed_by":"R_Hoarder","ascension_level":20}}