{"host":"fmwbmnqnrup981we","time":1609610777,"event":{"mods":["AchievementEnabler","Act Like it!","BaseMod","Better Match","Better Note","Better Skull","Better Synergies","Better Third Choice","Better Vampires","Block Reminder","Curses Come First","Downfall","Duelist Mod","Elementarium","GungeonMod","HexUI Lib","HornydragonMod","Marked Mod","Minty Spire (QoL Compilation)","Pikachu Mod","Quick Restart","Relic Stats","SIMod","StSLib","The Bug Knight","The Death Knight","The Forsaken","The Marked","The Necromancer","The Runesmith","The Servant 0.9.4","The Wild Card","TheHero","TheVacant","TheVelvet","Transform Curses","Waifu the Spire","Yuri Mod","everything is the same but u backflip on backflip"],"gold_per_floor":[117,117,46,46,46,81,93,93,118,132,165,165,175,202,202,303,303,313,284,284,297,212,239,239,267,294,304,317,60,60,78,78,78,78],"floor_reached":33,"playtime":1688,"items_purged":["Regret"],"score":401,"play_id":"e0f49ab3-5e7e-4891-a933-77a3f507e4c4","local_time":"20210102180617","is_ascension_mode":true,"campfire_choices":[{"floor":8,"key":"REST"},{"floor":12,"key":"RECALL"},{"floor":15,"key":"REST"},{"floor":30,"key":"REST"},{"floor":32,"key":"REST"}],"circlet_count":0,"master_deck":["Strike_R","Strike_R","Strike_R","Strike_R","Strike_R","Defend_R","Defend_R","Defend_R+1","Defend_R","Bash","Limit Break","Clash","Swivel","Infernal Blade+1","theWildCard:Odin","Metallicize","Anger","Twin Strike","Second Wind","Metallicize","Anger","Exhume","Rage","Ghostly","Ghostly","Ghostly","Ghostly","Ghostly","Clash+1","Anger","Writhe","Flex","Clash","Anger","Thunderclap","Metallicize","Anger","Thunderclap+1","Rage"],"relics":["Burning Blood","Dream Catcher","War Paint","HollowMod:PaleOreRelic","DeathKnight:SindragosasSkull","DemoMod:ClearGuonStone","Mark of Pain","Peace Pipe","DemoMod:PartiallyEatenCheese","Mercury Hourglass","Red Mask","Boot"],"acts_visited":["Exordium","TheCity"],"potions_floor_usage":[11,16,16,16,19,28,33,33],"damage_taken":[{"damage":1,"enemies":"2 Louse","floor":1,"turns":3},{"damage":39,"enemies":"Gremlin Nob","floor":6,"turns":5},{"damage":1,"enemies":"Jaw Worm","floor":7,"turns":2},{"damage":0,"enemies":"Small Slimes","floor":10,"turns":3},{"damage":7,"enemies":"Lagavulin","floor":11,"turns":7},{"damage":3,"enemies":"2 Fungi Beasts","floor":13,"turns":3},{"damage":6,"enemies":"HollowMod:MossKnight","floor":14,"turns":10},{"damage":15,"enemies":"The Guardian","floor":16,"turns":8},{"damage":1,"enemies":"Spheric Guardian","floor":18,"turns":6},{"damage":18,"enemies":"2 Thieves","floor":19,"turns":5},{"damage":1,"enemies":"Snake Plant","floor":21,"turns":7},{"damage":13,"enemies":"theDuelist:KaibaA2","floor":23,"turns":7},{"damage":0,"enemies":"Masked Bandits","floor":25,"turns":7},{"damage":4,"enemies":"Centurion and Healer","floor":27,"turns":11},{"damage":37,"enemies":"Cultist and Chosen","floor":28,"turns":10},{"damage":8,"enemies":"Snake Plant","floor":31,"turns":4},{"damage":34,"enemies":"Collector","floor":33,"turns":12}],"seed_played":"2307504972924382444","potions_obtained":[{"floor":10,"key":"Regen Potion"},{"floor":11,"key":"Block Potion"},{"floor":13,"key":"PowerPotion"},{"floor":14,"key":"champ:CounterPotion"},{"floor":16,"key":"DistilledChaos"},{"floor":18,"key":"SteroidPotion"},{"floor":25,"key":"DemoMod:LeadSkinPotion"},{"floor":27,"key":"SkillPotion"}],"is_trial":false,"path_per_floor":["M","?","$","?","?","E","M","R","T","M","E","R","M","E","R","B",null,"M","M","?","M","?","E","?","?","T","M","M","$","R","M","R","B"],"character_chosen":"IRONCLAD","items_purchased":["Infernal Blade","Anger","Thunderclap","Metallicize"],"campfire_rested":4,"item_purchase_floors":[3,29,29,29],"current_hp_per_floor":[80,46,46,46,46,13,18,42,42,48,62,62,65,65,80,71,80,80,68,40,40,40,33,33,39,39,40,9,9,21,19,31,0,0],"gold":78,"neow_bonus":"ONE_RANDOM_RARE_CARD","is_daily":false,"chose_seed":false,"campfire_upgraded":0,"win_rate":0.0,"timestamp":1609610777,"path_taken":["M","?","$","?","?","E","M","R","T","?","E","R","M","E","R","BOSS","M","M","?","M","?","E","?","?","T","M","M","?","R","?","R","BOSS"],"items_purchased_type":["Card","Card","Card","Card"],"build_version":"2020-12-22","purchased_purges":1,"victory":false,"max_hp_per_floor":[80,80,80,80,80,80,80,80,80,80,80,80,80,80,80,80,80,80,80,40,40,40,40,40,40,40,40,40,40,40,40,40,40,40],"relic_stats":{"Peace Pipe":0,"Dream Catcher":4,"counters":[17,109],"War Paint":["Infernal Blade","Defend_R"],"Boot":[30],"obtain_stats":[{"DemoMod:PartiallyEatenCheese":23,"DemoMod:GlassGuonStoneRelic":14,"War Paint":5,"Boot":26,"Burning Blood":0,"Mercury Hourglass":24,"Peace Pipe":22,"Dream Catcher":2,"Mark of Pain":17,"Red Mask":25,"HollowMod:PaleOreRelic":6,"DemoMod:ClearGuonStone":14,"DeathKnight:SindragosasSkull":11},{"DemoMod:PartiallyEatenCheese":12,"DemoMod:GlassGuonStoneRelic":7,"War Paint":1,"Boot":13,"Burning Blood":0,"Mercury Hourglass":12,"Peace Pipe":11,"Dream Catcher":1,"Mark of Pain":8,"Red Mask":13,"HollowMod:PaleOreRelic":2,"DemoMod:ClearGuonStone":7,"DeathKnight:SindragosasSkull":5},{"DemoMod:PartiallyEatenCheese":66,"DemoMod:GlassGuonStoneRelic":33,"War Paint":3,"Boot":73,"Burning Blood":0,"Mercury Hourglass":66,"Peace Pipe":59,"Dream Catcher":3,"Mark of Pain":41,"Red Mask":73,"HollowMod:PaleOreRelic":8,"DemoMod:ClearGuonStone":33,"DeathKnight:SindragosasSkull":20}],"Burning Blood":80,"Mercury Hourglass":[207]},"card_choices":[{"not_picked":["Thunderclap","Body Slam"],"picked":"Clash","floor":1},{"not_picked":["Cleave","Body Slam","Feel No Pain"],"picked":"SKIP","floor":6},{"not_picked":["Rampage","Sentinel"],"picked":"Metallicize","floor":7},{"not_picked":["Rampage","Searing Blow"],"picked":"Anger","floor":8},{"not_picked":["Iron Wave","Fire Breathing"],"picked":"Twin Strike","floor":10},{"not_picked":["Sword Boomerang","Body Slam"],"picked":"Second Wind","floor":11},{"not_picked":["Cleave","Carnage","Juggernaut"],"picked":"SKIP","floor":13},{"not_picked":["Rupture","Armaments"],"picked":"Metallicize","floor":14},{"not_picked":["Sever Soul","Heavy Blade"],"picked":"Anger","floor":15},{"not_picked":["Bludgeon","Juggernaut"],"picked":"Exhume","floor":16},{"not_picked":["Whirlwind+1","Havoc"],"picked":"Rage","floor":18},{"not_picked":["Power Through","Cleave","Second Wind"],"picked":"SKIP","floor":19},{"not_picked":["Perfected Strike","Cleave"],"picked":"Clash+1","floor":21},{"not_picked":["Burning Pact","Flex"],"picked":"Anger","floor":23},{"not_picked":["Entrench","Perfected Strike"],"picked":"Flex","floor":25},{"not_picked":["Warcry","Havoc"],"picked":"Clash","floor":27},{"not_picked":["True Grit","Uppercut","Pummel"],"picked":"SKIP","floor":28},{"not_picked":["Second Wind","Combust+1"],"picked":"Anger","floor":30},{"not_picked":["Heavy Blade","Dual Wield"],"picked":"Thunderclap+1","floor":31},{"not_picked":["Havoc+1","Hemokinesis"],"picked":"Rage","floor":32}],"player_experience":425500,"relics_obtained":[{"floor":6,"key":"HollowMod:PaleOreRelic"},{"floor":11,"key":"DeathKnight:SindragosasSkull"},{"floor":14,"key":"DemoMod:ClearGuonStone"},{"floor":23,"key":"DemoMod:PartiallyEatenCheese"},{"floor":25,"key":"Red Mask"},{"floor":26,"key":"Boot"}],"event_choices":[{"damage_healed":0,"gold_gain":0,"player_choice":"Box","damage_taken":0,"relics_obtained":["War Paint"],"max_hp_gain":0,"max_hp_loss":0,"event_name":"Big Fish","floor":5,"gold_loss":0,"cards_obtained":["Regret"]},{"damage_healed":0,"gold_gain":0,"player_choice":"Became a Ghost","damage_taken":0,"max_hp_gain":0,"max_hp_loss":40,"event_name":"Ghosts","floor":20,"gold_loss":0,"cards_obtained":["Ghostly","Ghostly","Ghostly","Ghostly","Ghostly"]},{"damage_healed":0,"gold_gain":0,"player_choice":"Obtained Relic","damage_taken":0,"relics_obtained":["Peace Pipe"],"max_hp_gain":0,"max_hp_loss":0,"event_name":"Addict","floor":22,"gold_loss":85},{"damage_healed":0,"gold_gain":0,"player_choice":"Opened","damage_taken":0,"relics_obtained":["Mercury Hourglass"],"max_hp_gain":0,"max_hp_loss":0,"event_name":"The Mausoleum","floor":24,"gold_loss":0,"cards_obtained":["Writhe"]},{"damage_healed":0,"gold_gain":0,"player_choice":"Fought Bandits","damage_taken":0,"max_hp_gain":0,"max_hp_loss":0,"event_name":"Masked Bandits","floor":25,"gold_loss":0}],"is_beta":false,"boss_relics":[{"not_picked":["Ectoplasm","Busted Crown"],"picked":"Mark of Pain"}],"items_purged_floors":[29],"is_endless":false,"potions_floor_spawned":[10,11,13,14,16,18,25,27],"killed_by":"Collector","ascension_level":1}}