{"host":"2se5dq1do2gp0x9k","time":1609545832,"event":{"mods":["AchievementEnabler","BaseMod","Block Reminder","Colored Map","Colored Powertips","Minty Spire (QoL Compilation)","Relic Stats","StSLib","SuperFastMode"],"gold_per_floor":[119,119,138,9,9,9,40,54,81,81,95,26,26,44,44,142,142,161,161,161,193,108,143,160,180,230,230,230],"floor_reached":27,"playtime":996,"items_purged":[],"score":309,"play_id":"1cd87296-41df-4601-aa5d-e547b2f27967","local_time":"20210101160352","is_ascension_mode":true,"campfire_choices":[{"data":"Eruption","floor":6,"key":"SMITH"},{"data":"Tantrum","floor":10,"key":"SMITH"},{"data":"Consecrate","floor":15,"key":"SMITH"}],"circlet_count":0,"master_deck":["Eruption+1","Vigilance","ThirdEye","Vengeance","CutThroughFate","Panacea","Tantrum+1","JustLucky","LikeWater","Wireheading","Consecrate+1","DeusExMachina","ThirdEye","EmptyFist","ThirdEye","Consecrate","MasterReality","Evaluate","CutThroughFate","Writhe","CrushJoints","MentalFortress","Indignation"],"relics":["Runic Pyramid","Damaru","Bronze Scales","Pandora\u0027s Box","Gambling Chip","Red Mask","Akabeko","StoneCalendar","Blood Vial"],"acts_visited":["Exordium","TheCity"],"potions_floor_usage":[21,24],"damage_taken":[{"damage":0,"enemies":"2 Louse","floor":1,"turns":2},{"damage":1,"enemies":"Cultist","floor":3,"turns":3},{"damage":12,"enemies":"Gremlin Nob","floor":7,"turns":3},{"damage":9,"enemies":"Small Slimes","floor":8,"turns":2},{"damage":9,"enemies":"Red Slaver","floor":11,"turns":3},{"damage":16,"enemies":"Exordium Thugs","floor":14,"turns":3},{"damage":0,"enemies":"Slime Boss","floor":16,"turns":5},{"damage":0,"enemies":"Spheric Guardian","floor":18,"turns":3},{"damage":24,"enemies":"Masked Bandits","floor":21,"turns":3},{"damage":17,"enemies":"Book of Stabbing","floor":23,"turns":4},{"damage":0,"enemies":"3 Byrds","floor":24,"turns":2},{"damage":4,"enemies":"Snecko","floor":25,"turns":4},{"damage":33,"enemies":"Snake Plant","floor":27,"turns":2}],"seed_played":"7084035726433557798","potions_obtained":[{"floor":2,"key":"SmokeBomb"},{"floor":2,"key":"Explosive Potion"},{"floor":2,"key":"Dexterity Potion"},{"floor":3,"key":"ColorlessPotion"},{"floor":21,"key":"LiquidBronze"},{"floor":24,"key":"DuplicationPotion"}],"is_trial":false,"path_per_floor":["M","?","M","$","?","R","E","M","T","R","M","$","$","M","R","B",null,"M","?","?","?","?","E","M","M","T","M"],"character_chosen":"WATCHER","items_purchased":["CutThroughFate","Panacea","Wireheading"],"campfire_rested":0,"item_purchase_floors":[4,4,12],"current_hp_per_floor":[72,72,71,71,71,71,59,50,50,50,41,41,41,25,25,25,72,72,72,72,48,48,31,31,27,27,0,0],"gold":230,"neow_bonus":"BOSS_RELIC","is_daily":false,"chose_seed":false,"campfire_upgraded":3,"win_rate":0.0,"timestamp":1609545832,"path_taken":["M","?","?","$","?","R","E","?","T","R","M","?","$","?","R","BOSS","M","?","?","?","?","E","M","M","T","?"],"items_purchased_type":["Card","Card","Card"],"build_version":"2020-12-22","purchased_purges":0,"victory":false,"max_hp_per_floor":[72,72,72,72,72,72,72,72,72,72,72,72,72,72,72,72,72,72,72,72,72,72,72,72,72,72,72,72],"relic_stats":{"Blood Vial":2,"counters":[13,39],"Bronze Scales":[65],"Gambling Chip":[24],"Pandora\u0027s Box":["ThirdEye","EmptyFist","ThirdEye","Prostrate","Consecrate","MasterReality","Evaluate"],"StoneCalendar":[0],"obtain_stats":[{"Blood Vial":26,"Bronze Scales":9,"Gambling Chip":20,"Damaru":7,"Pandora\u0027s Box":17,"StoneCalendar":23,"Red Mask":21,"PureWater":0,"Akabeko":22,"Runic Pyramid":0},{"Blood Vial":12,"Bronze Scales":4,"Gambling Chip":8,"Damaru":3,"Pandora\u0027s Box":7,"StoneCalendar":10,"Red Mask":9,"PureWater":0,"Akabeko":9,"Runic Pyramid":0},{"Blood Vial":37,"Bronze Scales":10,"Gambling Chip":24,"Damaru":8,"Pandora\u0027s Box":21,"StoneCalendar":31,"Red Mask":27,"PureWater":0,"Akabeko":27,"Runic Pyramid":0}]},"card_choices":[{"not_picked":["SignatureMove","Perseverance"],"picked":"ThirdEye","floor":1},{"not_picked":["Meditate","JustLucky"],"picked":"Vengeance","floor":3},{"not_picked":["PathToVictory","Evaluate"],"picked":"Tantrum","floor":7},{"not_picked":["FlurryOfBlows","FollowUp"],"picked":"JustLucky","floor":8},{"not_picked":["Worship","FlurryOfBlows"],"picked":"LikeWater","floor":11},{"not_picked":["BowlingBash","ForeignInfluence"],"picked":"Consecrate","floor":14},{"not_picked":["Alpha","MasterReality"],"picked":"DeusExMachina","floor":16},{"not_picked":["FollowUp","ThirdEye"],"picked":"CutThroughFate","floor":18},{"not_picked":["Tantrum","Prostrate"],"picked":"CrushJoints","floor":23},{"not_picked":["LikeWater","ClearTheMind"],"picked":"MentalFortress","floor":24},{"not_picked":["PathToVictory+1","EmptyMind"],"picked":"Indignation","floor":25}],"player_experience":3698574,"relics_obtained":[{"floor":7,"key":"Damaru"},{"floor":9,"key":"Bronze Scales"},{"floor":21,"key":"Red Mask"},{"floor":23,"key":"StoneCalendar"},{"floor":26,"key":"Blood Vial"}],"event_choices":[{"damage_healed":0,"gold_gain":0,"player_choice":"Got Potions","damage_taken":0,"max_hp_gain":0,"max_hp_loss":0,"event_name":"Lab","floor":2,"gold_loss":0},{"cards_removed":["Defend_P"],"damage_healed":0,"gold_gain":0,"player_choice":"Offered Basic","damage_taken":0,"max_hp_gain":0,"max_hp_loss":0,"event_name":"Bonfire Elementals","floor":5,"gold_loss":0},{"cards_removed":["Prostrate"],"damage_healed":0,"gold_gain":0,"player_choice":"Elegance","damage_taken":0,"max_hp_gain":0,"max_hp_loss":0,"event_name":"Back to Basics","floor":19,"gold_loss":0},{"damage_healed":0,"gold_gain":0,"player_choice":"Opened","damage_taken":0,"relics_obtained":["Gambling Chip"],"max_hp_gain":0,"max_hp_loss":0,"event_name":"The Mausoleum","floor":20,"gold_loss":0,"cards_obtained":["Writhe"]},{"damage_healed":0,"gold_gain":0,"player_choice":"Fought Bandits","damage_taken":0,"max_hp_gain":0,"max_hp_loss":0,"event_name":"Masked Bandits","floor":21,"gold_loss":0},{"damage_healed":0,"gold_gain":0,"player_choice":"Obtained Relic","damage_taken":0,"relics_obtained":["Akabeko"],"max_hp_gain":0,"max_hp_loss":0,"event_name":"Addict","floor":22,"gold_loss":85}],"is_beta":false,"boss_relics":[{"not_picked":["SacredBark","Coffee Dripper"],"picked":"Pandora\u0027s Box"}],"items_purged_floors":[],"is_endless":false,"potions_floor_spawned":[3,7,8,11,21,23,24],"killed_by":"Snake Plant","ascension_level":2}}