{"host":"1s2i2u841ofwoqaa","time":1609580905,"event":{"mods":["AchievementEnabler","Aspiration","BaseMod","Bestiary","Better Third Choice","Colored Powertips","Downfall","Hubris","Minty Spire (QoL Compilation)","Puzzle Mod","StSLib","SuperFastMode","The Marked"],"gold_per_floor":[118,136,155,155,129,158,171,171,198,198,208,218,20,56,56,163,163,173,197,225,238,238,273,273,273],"floor_reached":24,"playtime":982,"items_purged":[],"score":232,"play_id":"33f3d1a8-32d0-495c-9378-8084b93aff57","local_time":"20210102224825","is_ascension_mode":false,"campfire_choices":[{"floor":8,"key":"REST"},{"data":"theMarked:MaelstromOfLightning","floor":10,"key":"SMITH"},{"data":"theMarked:EmpowerWeapon","floor":15,"key":"SMITH"}],"circlet_count":0,"master_deck":["theMarked:Strike","theMarked:Strike","theMarked:Strike","theMarked:Strike","theMarked:Strike","theMarked:Defend","theMarked:Defend","theMarked:Defend","theMarked:Defend","theMarked:SoldierOfQuellstein","theMarked:WardOff","theMarked:Reabsorb+1","theMarked:ChainLightning","theMarked:TwofoldDefense","theMarked:MaelstromOfLightning+1","theMarked:Parkour","theMarked:RogueSparks","theMarked:Panic","theMarked:Defy","theMarked:EmpowerWeapon+1","theMarked:EternalStudent","theMarked:SelfDefenseTraining","theMarked:RepellingDischarge+1","theMarked:MagicAdept"],"relics":["theMarked:ArtifactOfAir","NeowsBlessing","hubris:DeckOfHolding","Omamori","CeramicFish","hubris:RunicObelisk","Strawberry"],"acts_visited":["Exordium","TheCity"],"potions_floor_usage":[6,14,23,23,24],"damage_taken":[{"damage":0,"enemies":"Small Slimes","floor":1,"turns":1},{"damage":0,"enemies":"Jaw Worm","floor":2,"turns":1},{"damage":0,"enemies":"2 Louse","floor":3,"turns":1},{"damage":21,"enemies":"Exordium Thugs","floor":5,"turns":5},{"damage":34,"enemies":"Lagavulin","floor":6,"turns":9},{"damage":0,"enemies":"Large Slime","floor":7,"turns":5},{"damage":1,"enemies":"2 Fungi Beasts","floor":11,"turns":2},{"damage":8,"enemies":"Red Slaver","floor":12,"turns":2},{"damage":4,"enemies":"3 Sentries","floor":14,"turns":3},{"damage":7,"enemies":"Slime Boss","floor":16,"turns":8},{"damage":5,"enemies":"Chosen","floor":18,"turns":4},{"damage":14,"enemies":"3 Byrds","floor":19,"turns":4},{"damage":20,"enemies":"Snake Plant","floor":20,"turns":5},{"damage":5,"enemies":"3 Cultists","floor":21,"turns":4},{"damage":12,"enemies":"Slavers","floor":23,"turns":3},{"damage":25,"enemies":"Cultist and Chosen","floor":24,"turns":4}],"seed_played":"-8937227064704683093","potions_obtained":[{"floor":2,"key":"AttackPotion"},{"floor":6,"key":"Swift Potion"},{"floor":16,"key":"theMarked:ChargePotion"},{"floor":19,"key":"BlessingOfTheForge"},{"floor":20,"key":"Weak Potion"},{"floor":21,"key":"AttackPotion"}],"is_trial":false,"path_per_floor":["M","M","M","?","M","E","M","R","T","R","M","M","$","E","R","B",null,"M","M","M","M","?","E","M"],"character_chosen":"THE_DEFAULT","items_purchased":["theMarked:Defy","PowerPotion"],"campfire_rested":1,"item_purchase_floors":[13,13],"current_hp_per_floor":[70,70,70,70,49,15,15,36,36,36,35,27,27,23,23,16,70,65,51,31,26,26,21,0,0],"gold":273,"neow_bonus":"THREE_ENEMY_KILL","is_daily":false,"chose_seed":false,"campfire_upgraded":2,"win_rate":0.0,"timestamp":1609580905,"path_taken":["M","M","M","?","M","E","M","R","T","R","M","M","$","E","R","BOSS","M","M","M","M","?","E","M"],"items_purchased_type":["Card","Potion"],"build_version":"2020-12-22","purchased_purges":0,"victory":false,"max_hp_per_floor":[70,70,70,70,70,70,70,70,70,70,70,70,70,70,70,70,70,70,70,70,70,70,77,77,77],"card_choices":[{"not_picked":["theMarked:Frustration","theMarked:ReduceFriction"],"picked":"theMarked:WardOff","floor":1},{"not_picked":["theMarked:Aftermath","theMarked:Improvise"],"picked":"theMarked:Reabsorb","floor":2},{"not_picked":["theMarked:WastefulDefense","theMarked:ElectricStrings"],"picked":"theMarked:ChainLightning","floor":3},{"not_picked":["theMarked:HeightenedSenses","theMarked:WastefulAttack"],"picked":"theMarked:TwofoldDefense","floor":5},{"not_picked":["theMarked:Polarize","theMarked:Generate"],"picked":"theMarked:MaelstromOfLightning","floor":6},{"not_picked":["theMarked:Panic","theMarked:Standoff"],"picked":"theMarked:Parkour","floor":7},{"not_picked":["theMarked:RepellingDischarge","theMarked:Electrify"],"picked":"theMarked:RogueSparks","floor":11},{"not_picked":["theMarked:AttractMetal","theMarked:HeightenedSenses"],"picked":"theMarked:Panic","floor":12},{"not_picked":["theMarked:Improvise","theMarked:AttractMetal"],"picked":"theMarked:EmpowerWeapon","floor":14},{"not_picked":["theMarked:BindingBlade","theMarked:Vacuum"],"picked":"theMarked:EternalStudent","floor":16},{"not_picked":["theMarked:Electrify","theMarked:EmpowerWeapon","theMarked:WastefulAttack"],"picked":"SKIP","floor":18},{"not_picked":["theMarked:Static","theMarked:Convert+1"],"picked":"theMarked:SelfDefenseTraining","floor":19},{"not_picked":["theMarked:Aftermath","theMarked:WardOff"],"picked":"theMarked:RepellingDischarge+1","floor":20},{"not_picked":["theMarked:Aftermath+1","theMarked:LightningStrikesTwice+1","theMarked:BanishingStrike"],"picked":"SKIP","floor":21},{"not_picked":["theMarked:BanishingStrike","theMarked:ElementalBlade"],"picked":"theMarked:MagicAdept","floor":23}],"player_experience":501155,"relics_obtained":[{"floor":6,"key":"hubris:DeckOfHolding"},{"floor":9,"key":"Omamori"},{"floor":14,"key":"CeramicFish"},{"floor":23,"key":"Strawberry"}],"event_choices":[{"damage_healed":0,"gold_gain":0,"player_choice":"Grow","damage_taken":0,"max_hp_gain":0,"max_hp_loss":0,"event_name":"Living Wall","floor":4,"gold_loss":0,"cards_upgraded":["theMarked:Reabsorb"]},{"damage_healed":0,"gold_gain":0,"player_choice":"Smashed Altar","damage_taken":0,"max_hp_gain":0,"max_hp_loss":0,"event_name":"Forgotten Altar","floor":22,"gold_loss":0,"cards_obtained":["Decay"]}],"is_beta":false,"boss_relics":[{"not_picked":["aspiration:RitualDagger","SlaversCollar"],"picked":"hubris:RunicObelisk"}],"items_purged_floors":[],"is_endless":false,"potions_floor_spawned":[2,6,16,19,20,21],"killed_by":"Cultist and Chosen","ascension_level":0}}