{"host":"xz7n3qy1zq36rzpg","time":1609604641,"event":{"mods":["BaseMod","Colored Map","Colored Powertips","Highlight Path","Minty Spire (QoL Compilation)","Quick Restart","Shop Mod"],"gold_per_floor":[114,39,39,39,53,81,81,112,112,112,129,97,112,128,128,128,128],"floor_reached":16,"playtime":789,"items_purged":["Defend_G"],"score":127,"play_id":"3fc69bbd-60cc-4d73-97c4-88f04dcbf723","local_time":"20210102172401","is_ascension_mode":true,"campfire_choices":[{"floor":7,"key":"REST"},{"floor":10,"key":"REST"},{"floor":15,"key":"REST"}],"circlet_count":0,"master_deck":["Strike_G","Strike_G","Strike_G","Defend_G","Defend_G","Defend_G","Survivor","Neutralize","Well Laid Plans+1","Flying Knee","Dodge and Roll","Quick Slash","Flying Knee","Cloak And Dagger"],"relics":["Empty Cage","Gambling Chip","Smiling Mask","Ninja Scroll"],"acts_visited":["Exordium"],"potions_floor_usage":[],"damage_taken":[{"damage":0,"enemies":"2 Louse","floor":1,"turns":5},{"damage":0,"enemies":"Jaw Worm","floor":5,"turns":6},{"damage":24,"enemies":"Lagavulin","floor":6,"turns":12},{"damage":48,"enemies":"3 Sentries","floor":8,"turns":15},{"damage":0,"enemies":"Cultist","floor":11,"turns":3},{"damage":9,"enemies":"3 Louse","floor":13,"turns":3},{"damage":0,"enemies":"2 Fungi Beasts","floor":14,"turns":3},{"damage":47,"enemies":"Slime Boss","floor":16,"turns":8}],"seed_played":"-1137600649492296028","potions_obtained":[{"floor":5,"key":"FearPotion"},{"floor":6,"key":"GamblersBrew"},{"floor":14,"key":"Weak Potion"}],"is_trial":false,"path_per_floor":["M","$","?","?","M","E","R","E","T","R","M","?","M","M","R","B"],"character_chosen":"THE_SILENT","items_purchased":[],"campfire_rested":3,"item_purchase_floors":[],"current_hp_per_floor":[70,70,63,63,63,39,60,12,12,33,33,33,24,24,45,0,0],"gold":128,"neow_bonus":"BOSS_RELIC","is_daily":false,"chose_seed":false,"campfire_upgraded":0,"win_rate":0.0,"timestamp":1609604641,"path_taken":["M","$","?","?","M","E","R","E","T","R","?","?","M","M","R","BOSS"],"items_purchased_type":[],"build_version":"2020-12-22","purchased_purges":1,"victory":false,"max_hp_per_floor":[70,70,70,70,70,70,70,70,70,70,70,70,70,70,70,70,70],"card_choices":[{"not_picked":["Underhanded Strike","Poisoned Stab"],"picked":"Well Laid Plans","floor":1},{"not_picked":["Outmaneuver","Prepared"],"picked":"Flying Knee","floor":5},{"not_picked":["Flechettes","Slice"],"picked":"Dodge and Roll","floor":6},{"not_picked":["Backflip","Tools of the Trade"],"picked":"Quick Slash","floor":8},{"not_picked":["Skewer","Deadly Poison"],"picked":"Flying Knee","floor":11},{"not_picked":["Flying Knee","Setup"],"picked":"Cloak And Dagger","floor":13},{"not_picked":["Slice","Dagger Spray","Setup"],"picked":"SKIP","floor":14}],"player_experience":278060,"relics_obtained":[{"floor":6,"key":"Gambling Chip"},{"floor":8,"key":"Smiling Mask"},{"floor":9,"key":"Ninja Scroll"}],"event_choices":[{"cards_removed":["Strike_G"],"damage_healed":0,"gold_gain":0,"player_choice":"Card Removal","damage_taken":7,"max_hp_gain":0,"max_hp_loss":0,"event_name":"Golden Wing","floor":3,"gold_loss":0},{"damage_healed":0,"gold_gain":0,"player_choice":"Forge","damage_taken":0,"max_hp_gain":0,"max_hp_loss":0,"event_name":"Accursed Blacksmith","floor":4,"gold_loss":0,"cards_upgraded":["Well Laid Plans"]},{"damage_healed":0,"gold_gain":0,"player_choice":"Left Gold","damage_taken":0,"max_hp_gain":0,"max_hp_loss":0,"event_name":"World of Goop","floor":12,"gold_loss":32}],"is_beta":false,"boss_relics":[],"items_purged_floors":[2],"is_endless":false,"potions_floor_spawned":[5,6,14],"killed_by":"Slime Boss","ascension_level":3}}