{"host":"0nndazl0keusavit","time":1609558138,"event":{"mods":["AchievementEnabler","BaseMod","Colored Map","Curses Come First","Highlight Path","Minty Spire (QoL Compilation)","Relic Stats","StSLib"],"gold_per_floor":[109,109,109,184,198,198,213,213,213,238,271,289,289,304,304,428,428,453,489,489,257,273,273,304,304,377,398,416,100,100,125,125,248,248,263,263,263,112,112,150,150,191,217,236,261,302,322,340,340,340],"floor_reached":51,"playtime":2745,"items_purged":[],"score":1007,"play_id":"3a7cf328-9a11-4c8e-8d07-f37714ee9a99","local_time":"20210101232858","is_ascension_mode":false,"campfire_choices":[{"floor":6.0,"key":"REST"},{"data":"Darkness","floor":8.0,"key":"SMITH"},{"data":"Rainbow","floor":13.0,"key":"SMITH"},{"data":"Hologram","floor":15.0,"key":"SMITH"},{"data":"Buffer","floor":23.0,"key":"SMITH"},{"data":"Steam Power","floor":30.0,"key":"SMITH"},{"data":"Reinforced Body","floor":32.0,"key":"SMITH"},{"data":"Capacitor","floor":41,"key":"SMITH"},{"data":"Coolheaded","floor":49,"key":"SMITH"}],"circlet_count":0,"master_deck":["Zap","Dualcast","Auto Shields","Rip and Tear","Darkness+1","Rainbow+1","Undo","Heatsinks","Hologram+1","Genetic Algorithm","Reinforced Body+1","Coolheaded+1","Coolheaded","Buffer+1","Conserve Battery+1","Steam Power+1","Darkness+1","Capacitor+1","Ghostly","Ghostly","Ghostly","Ghostly","Ghostly","Meteor Strike+1","Meteor Strike+1","Loop+1","Defragment+1"],"relics":["Pandora\u0027s Box","Golden Idol","Lantern","Blood Vial","Coffee Dripper","Red Mask","DollysMirror","TungstenRod","Molten Egg 2","Symbiotic Virus","Philosopher\u0027s Stone","PreservedInsect","Bottled Lightning","Turnip","Bag of Preparation","Pen Nib","Omamori"],"acts_visited":["Exordium","TheCity","TheBeyond"],"potions_floor_usage":[40,50,50],"damage_taken":[{"damage":0.0,"enemies":"Cultist","floor":1.0,"turns":4.0},{"damage":4.0,"enemies":"2 Louse","floor":5.0,"turns":2.0},{"damage":4.0,"enemies":"Jaw Worm","floor":7.0,"turns":3.0},{"damage":2.0,"enemies":"Exordium Wildlife","floor":10.0,"turns":4.0},{"damage":0.0,"enemies":"Lagavulin","floor":11.0,"turns":4.0},{"damage":0.0,"enemies":"3 Louse","floor":12.0,"turns":3.0},{"damage":0.0,"enemies":"Large Slime","floor":14.0,"turns":3.0},{"damage":17.0,"enemies":"The Guardian","floor":16.0,"turns":9.0},{"damage":8.0,"enemies":"2 Thieves","floor":18.0,"turns":4.0},{"damage":51.0,"enemies":"Masked Bandits","floor":19.0,"turns":6.0},{"damage":0.0,"enemies":"Chosen","floor":22.0,"turns":6.0},{"damage":2.0,"enemies":"Book of Stabbing","floor":24.0,"turns":5.0},{"damage":0.0,"enemies":"Centurion and Healer","floor":27.0,"turns":6.0},{"damage":0.0,"enemies":"3 Cultists","floor":28.0,"turns":6.0},{"damage":0.0,"enemies":"Chosen and Byrds","floor":31.0,"turns":8.0},{"damage":0.0,"enemies":"Automaton","floor":33.0,"turns":12.0},{"damage":0.0,"enemies":"3 Darklings","floor":35.0,"turns":8.0},{"damage":0,"enemies":"Nemesis","floor":40,"turns":7},{"damage":0,"enemies":"Reptomancer","floor":42,"turns":7},{"damage":0,"enemies":"3 Shapes","floor":44,"turns":7},{"damage":0,"enemies":"Writhing Mass","floor":45,"turns":5},{"damage":0,"enemies":"Giant Head","floor":46,"turns":7},{"damage":0,"enemies":"Jaw Worm Horde","floor":47,"turns":6},{"damage":0,"enemies":"Sphere and 2 Shapes","floor":48,"turns":7},{"damage":0,"enemies":"Time Eater","floor":50,"turns":7}],"seed_played":"-8516457017158811786","potions_obtained":[{"floor":5.0,"key":"Ancient Potion"},{"floor":10.0,"key":"LiquidMemories"},{"floor":11.0,"key":"Block Potion"},{"floor":16.0,"key":"Fire Potion"},{"floor":22.0,"key":"Fire Potion"},{"floor":27.0,"key":"Block Potion"},{"floor":35.0,"key":"SteroidPotion"},{"floor":44,"key":"Block Potion"},{"floor":47,"key":"Strength Potion"}],"is_trial":false,"path_per_floor":["M","?","?","?","M","R","M","R","T","M","E","M","R","M","R","B",null,"M","?","?","$","M","R","E","?","T","M","M","$","R","M","R","B",null,"M","?","?","$","T","E","R","E","T","M","M","E","M","M","R","B",null],"character_chosen":"DEFECT","items_purchased":["DollysMirror","Capacitor","Meteor Strike+1","Symbiotic Virus","PreservedInsect"],"campfire_rested":1,"item_purchase_floors":[21,21,29,29,38],"current_hp_per_floor":[75,68,50,39,35,57,53,53,53,51,51,53,53,55,55,40,75,67,18,18,18,20,20,20,20,20,22,24,24,24,26,26,28,37,37,35,35,35,35,35,35,35,35,35,35,35,35,35,35,35],"gold":340,"neow_bonus":"BOSS_RELIC","is_daily":false,"chose_seed":false,"campfire_upgraded":8,"win_rate":0.0,"timestamp":1609558138,"path_taken":["M","?","?","?","M","R","M","R","T","M","E","M","R","M","R","BOSS","M","?","?","$","M","R","E","?","T","M","M","$","R","M","R","BOSS","M","?","?","$","?","E","R","E","T","M","M","E","M","M","R","BOSS"],"items_purchased_type":["Relic","Card","Card","Relic","Relic"],"build_version":"2020-12-22","purchased_purges":0,"victory":true,"max_hp_per_floor":[75,75,75,75,75,75,75,75,75,75,75,75,75,75,75,75,75,75,75,75,75,75,75,75,37,37,37,37,37,37,37,37,37,37,37,35,35,35,35,35,35,35,35,35,35,35,35,35,35,35],"relic_stats":{"Blood Vial":20,"counters":[25,146],"Golden Idol":179,"Pandora\u0027s Box":["Auto Shields","Force Field","Rip and Tear","Darkness","Rainbow","Undo","Heatsinks","Aggregate"],"PreservedInsect":231,"Turnip":[5],"Pen Nib":[0],"Bag of Preparation":[12],"obtain_stats":[{"Lantern":9,"Golden Idol":3,"PreservedInsect":38,"Pen Nib":43,"Bag of Preparation":42,"Omamori":46,"Blood Vial":11,"DollysMirror":21,"Pandora\u0027s Box":0,"Molten Egg 2":26,"Philosopher\u0027s Stone":34,"Turnip":40,"Coffee Dripper":17,"Red Mask":19,"Bottled Lightning":39,"Cracked Core":0,"Symbiotic Virus":29,"TungstenRod":24},{"Lantern":3,"Golden Idol":1,"PreservedInsect":17,"Pen Nib":19,"Bag of Preparation":19,"Omamori":22,"Blood Vial":5,"DollysMirror":10,"Pandora\u0027s Box":0,"Molten Egg 2":12,"Philosopher\u0027s Stone":16,"Turnip":18,"Coffee Dripper":8,"Red Mask":10,"Bottled Lightning":17,"Cracked Core":0,"Symbiotic Virus":14,"TungstenRod":12},{"Lantern":9,"Golden Idol":4,"PreservedInsect":93,"Pen Nib":107,"Bag of Preparation":107,"Omamori":126,"Blood Vial":17,"DollysMirror":42,"Pandora\u0027s Box":0,"Molten Egg 2":53,"Philosopher\u0027s Stone":85,"Turnip":100,"Coffee Dripper":32,"Red Mask":42,"Bottled Lightning":93,"Cracked Core":0,"Symbiotic Virus":65,"TungstenRod":53}],"TungstenRod":9},"card_choices":[{"not_picked":["Beam Cell","Gash"],"picked":"Hologram","floor":1.0},{"not_picked":["Hello World","White Noise"],"picked":"Genetic Algorithm","floor":5.0},{"not_picked":["Gash","Conserve Battery"],"picked":"Reinforced Body","floor":7.0},{"not_picked":["Streamline","Aggregate","Stack"],"picked":"SKIP","floor":10.0},{"not_picked":["Redo","Conserve Battery"],"picked":"Coolheaded","floor":11.0},{"not_picked":["Beam Cell","Ball Lightning"],"picked":"Coolheaded","floor":12.0},{"not_picked":["FTL","Ball Lightning","Genetic Algorithm"],"picked":"SKIP","floor":14.0},{"not_picked":["Fission","Reboot"],"picked":"Buffer","floor":16.0},{"not_picked":["Rip and Tear","Sunder"],"picked":"Conserve Battery+1","floor":18.0},{"not_picked":["Cold Snap","Leap+1"],"picked":"Steam Power","floor":19.0},{"not_picked":["Compile Driver","BootSequence","Cold Snap+1"],"picked":"SKIP","floor":22.0},{"not_picked":["Stack","Turbo","Barrage+1"],"picked":"SKIP","floor":24.0},{"not_picked":["Hologram","Cold Snap+1","Go for the Eyes+1"],"picked":"SKIP","floor":27.0},{"not_picked":["Rip and Tear+1","Consume","Fusion"],"picked":"SKIP","floor":28.0},{"not_picked":["Cold Snap+1","Reboot","Ball Lightning+1"],"picked":"SKIP","floor":31.0},{"not_picked":["Creative AI","Reboot"],"picked":"Meteor Strike+1","floor":33.0},{"not_picked":["Stack+1","Leap+1","Coolheaded"],"picked":"SKIP","floor":35.0},{"not_picked":["Ball Lightning+1","Amplify","Undo+1"],"picked":"SKIP","floor":40},{"not_picked":["Steam+1","Gash+1","Compile Driver+1"],"picked":"SKIP","floor":42},{"not_picked":["Conserve Battery+1","Steam+1"],"picked":"Loop+1","floor":44},{"not_picked":["Amplify","Gash+1","Barrage+1"],"picked":"SKIP","floor":45},{"not_picked":["Leap+1","Blizzard+1"],"picked":"Defragment+1","floor":46},{"not_picked":["Coolheaded","Rebound+1","Leap"],"picked":"SKIP","floor":47},{"not_picked":["Storm+1","Hologram","Double Energy"],"picked":"SKIP","floor":48}],"player_experience":871716,"relics_obtained":[{"floor":9.0,"key":"Lantern"},{"floor":11.0,"key":"Blood Vial"},{"floor":19.0,"key":"Red Mask"},{"floor":24.0,"key":"TungstenRod"},{"floor":26.0,"key":"Molten Egg 2"},{"floor":39,"key":"Bottled Lightning"},{"floor":40,"key":"Turnip"},{"floor":42,"key":"Bag of Preparation"},{"floor":43,"key":"Pen Nib"},{"floor":46,"key":"Omamori"}],"event_choices":[{"cards_removed":["Aggregate"],"damage_healed":0.0,"max_hp_gain":0.0,"max_hp_loss":0.0,"gold_gain":0.0,"event_name":"Golden Wing","player_choice":"Card Removal","floor":2.0,"gold_loss":0.0,"damage_taken":7.0},{"damage_healed":0.0,"max_hp_gain":0.0,"max_hp_loss":0.0,"gold_gain":0.0,"event_name":"Golden Idol","player_choice":"Take Damage","floor":3.0,"gold_loss":0.0,"damage_taken":18.0,"relics_obtained":["Golden Idol"]},{"damage_healed":0.0,"max_hp_gain":0.0,"max_hp_loss":0.0,"gold_gain":75.0,"event_name":"World of Goop","player_choice":"Gather Gold","floor":4.0,"gold_loss":0.0,"damage_taken":11.0},{"damage_healed":0.0,"max_hp_gain":0.0,"max_hp_loss":0.0,"gold_gain":0.0,"event_name":"Masked Bandits","player_choice":"Fought Bandits","floor":19.0,"gold_loss":0.0,"damage_taken":0.0},{"cards_removed":["Force Field"],"damage_healed":0.0,"max_hp_gain":0.0,"max_hp_loss":0.0,"gold_gain":0.0,"event_name":"Back to Basics","player_choice":"Elegance","floor":20.0,"gold_loss":0.0,"damage_taken":0.0},{"damage_healed":0.0,"max_hp_gain":0.0,"max_hp_loss":38.0,"gold_gain":0.0,"event_name":"Ghosts","player_choice":"Became a Ghost","floor":25.0,"gold_loss":0.0,"damage_taken":0.0,"cards_obtained":["Ghostly","Ghostly","Ghostly","Ghostly","Ghostly"]},{"damage_healed":0.0,"max_hp_gain":0.0,"max_hp_loss":2.0,"gold_gain":0.0,"event_name":"Winding Halls","player_choice":"Max HP","floor":36.0,"gold_loss":0.0,"damage_taken":0.0},{"damage_healed":0,"gold_gain":0,"player_choice":"Ignored","damage_taken":0,"max_hp_gain":0,"max_hp_loss":0,"event_name":"Mysterious Sphere","floor":37,"gold_loss":0}],"is_beta":false,"boss_relics":[{"not_picked":["Inserter","Empty Cage"],"picked":"Coffee Dripper"},{"not_picked":["Fusion Hammer","Cursed Key"],"picked":"Philosopher\u0027s Stone"}],"items_purged_floors":[],"is_endless":false,"potions_floor_spawned":[5,10,11,16,18,22,27,31,35,44,47,48],"ascension_level":0}}