{"host":"xcuflocadasoaqda","time":1609572567,"event":{"mods":["BaseMod","Bestiary","Filter the Spire","Minty Spire (QoL Compilation)","Relic Stats"],"gold_per_floor":[117,192,192,203,49,75,92,92,141,170,180,195,229,248,248,327,327,338,69,84,9,9,38,38,53,79,95,95,127,127,127,127,201,201,211,227,227,244,255,255,281,281,281,309,334,363,374,374,374,374,374],"floor_reached":50,"playtime":3007,"items_purged":["Eruption","WindmillStrike"],"score":1455,"play_id":"7d783e7e-b948-4e55-8469-19b4cfecf2cc","local_time":"20210102012927","is_ascension_mode":true,"campfire_choices":[{"data":"CrushJoints","floor":8.0,"key":"SMITH"},{"data":"TalkToTheHand","floor":15.0,"key":"SMITH"},{"floor":24.0,"key":"REST"},{"data":"TalkToTheHand","floor":30.0,"key":"SMITH"},{"data":"SandsOfTime","floor":32.0,"key":"SMITH"},{"data":"ClearTheMind","floor":40.0,"key":"SMITH"},{"floor":42.0,"key":"RECALL"},{"floor":49,"key":"REST"}],"circlet_count":0,"master_deck":["AscendersBane","Vigilance+1","InnerPeace+1","EmptyMind+1","TalkToTheHand+1","DeceiveReality+1","FlurryOfBlows+1","Tantrum+1","WaveOfTheHand+1","CrushJoints+1","TalkToTheHand+1","LessonLearned+1","WheelKick+1","Wallop+1","Halt+1","SandsOfTime+1","TalkToTheHand+1","TalkToTheHand+1","CutThroughFate+1","ClearTheMind+1"],"relics":["Pandora\u0027s Box","Happy Flower","Centennial Puzzle","Anchor","Mercury Hourglass","Empty Cage","Orrery","Frozen Egg 2","Oddly Smooth Stone","InkBottle","Letter Opener","Philosopher\u0027s Stone","Pantograph","Boot","Whetstone","Smiling Mask"],"acts_visited":["Exordium","TheCity","TheBeyond"],"potions_floor_usage":[],"damage_taken":[{"damage":0.0,"enemies":"Cultist","floor":1.0,"turns":4.0},{"damage":12.0,"enemies":"Jaw Worm","floor":4.0,"turns":4.0},{"damage":10.0,"enemies":"Lagavulin","floor":6.0,"turns":6.0},{"damage":0.0,"enemies":"Small Slimes","floor":7.0,"turns":3.0},{"damage":10.0,"enemies":"3 Sentries","floor":10.0,"turns":8.0},{"damage":0.0,"enemies":"Blue Slaver","floor":11.0,"turns":4.0},{"damage":0.0,"enemies":"2 Fungi Beasts","floor":12.0,"turns":3.0},{"damage":2.0,"enemies":"Gremlin Nob","floor":13.0,"turns":3.0},{"damage":4.0,"enemies":"Red Slaver","floor":14.0,"turns":3.0},{"damage":0.0,"enemies":"Hexaghost","floor":16.0,"turns":8.0},{"damage":0.0,"enemies":"3 Byrds","floor":18.0,"turns":4.0},{"damage":0.0,"enemies":"Chosen","floor":20.0,"turns":4.0},{"damage":14.0,"enemies":"Slavers","floor":23.0,"turns":5.0},{"damage":6.0,"enemies":"Shelled Parasite and Fungi","floor":25.0,"turns":6.0},{"damage":0.0,"enemies":"Sentry and Sphere","floor":27.0,"turns":3.0},{"damage":2.0,"enemies":"Book of Stabbing","floor":29.0,"turns":5.0},{"damage":1.0,"enemies":"Champ","floor":33.0,"turns":9.0},{"damage":0.0,"enemies":"Orb Walker","floor":35.0,"turns":3.0},{"damage":0.0,"enemies":"3 Shapes","floor":36.0,"turns":2.0},{"damage":0.0,"enemies":"Maw","floor":38.0,"turns":8.0},{"damage":0.0,"enemies":"4 Shapes","floor":39.0,"turns":3.0},{"damage":0.0,"enemies":"Giant Head","floor":41.0,"turns":6.0},{"damage":2.0,"enemies":"Nemesis","floor":44.0,"turns":7.0},{"damage":0.0,"enemies":"Reptomancer","floor":46.0,"turns":4.0},{"damage":0,"enemies":"Writhing Mass","floor":47,"turns":4},{"damage":106,"enemies":"Time Eater","floor":50,"turns":17}],"seed_played":"3044299636592771103","potions_obtained":[{"floor":7.0,"key":"Energy Potion"},{"floor":10.0,"key":"FearPotion"},{"floor":11.0,"key":"Ancient Potion"},{"floor":13.0,"key":"EssenceOfSteel"},{"floor":14.0,"key":"Dexterity Potion"},{"floor":25.0,"key":"Fire Potion"},{"floor":29.0,"key":"DistilledChaos"},{"floor":36.0,"key":"FairyPotion"}],"is_trial":false,"path_per_floor":["M","?","?","M","$","E","M","R","T","E","M","M","E","M","R","B",null,"M","$","M","?","?","E","R","M","T","M","T","E","R","?","R","B",null,"M","M","$","M","M","R","E","R","T","E","T","E","M","$","R","B"],"character_chosen":"WATCHER","items_purchased":["Tantrum","Orrery"],"campfire_rested":2,"item_purchase_floors":[5,19],"current_hp_per_floor":[61,50,50,38,38,28,28,28,28,18,18,18,16,12,12,12,54,54,54,54,54,35,21,42,36,36,36,36,34,34,34,34,33,63,63,63,63,63,63,63,63,63,63,61,61,61,61,61,73,0,0],"gold":374,"neow_bonus":"BOSS_RELIC","is_daily":false,"chose_seed":false,"campfire_upgraded":5,"win_rate":0.0,"timestamp":1609572567,"path_taken":["M","?","?","M","$","E","M","R","T","E","M","M","E","?","R","BOSS","M","$","?","?","?","E","R","M","T","M","?","E","R","?","R","BOSS","M","M","$","M","M","R","E","R","T","E","?","E","M","$","R","BOSS"],"items_purchased_type":["Card","Relic"],"build_version":"2020-12-22","purchased_purges":2,"victory":false,"max_hp_per_floor":[68,68,68,68,68,68,68,68,68,68,68,68,68,68,68,68,68,68,68,68,68,73,73,73,73,73,73,73,73,73,73,73,73,73,73,73,73,73,73,73,73,73,73,73,73,73,73,73,73,73,73],"relic_stats":{"Centennial Puzzle":[27],"Happy Flower":[40],"counters":[26,136],"Pantograph":0,"Pandora\u0027s Box":["Crescendo","InnerPeace","FollowUp","EmptyMind","EmptyMind","TalkToTheHand","Nirvana","DeceiveReality"],"Letter Opener":[71],"Whetstone":[],"Boot":[72],"Smiling Mask":0,"obtain_stats":[{"Happy Flower":6,"Oddly Smooth Stone":26,"Letter Opener":29,"Whetstone":45,"Frozen Egg 2":23,"Empty Cage":17,"Boot":44,"Smiling Mask":46,"Mercury Hourglass":13,"Centennial Puzzle":9,"Anchor":10,"Pantograph":41,"Orrery":19,"Pandora\u0027s Box":0,"Philosopher\u0027s Stone":34,"PureWater":0,"InkBottle":28},{"Happy Flower":3,"Oddly Smooth Stone":14,"Letter Opener":16,"Whetstone":23,"Frozen Egg 2":13,"Empty Cage":10,"Boot":23,"Smiling Mask":24,"Mercury Hourglass":8,"Centennial Puzzle":4,"Anchor":5,"Pantograph":22,"Orrery":11,"Pandora\u0027s Box":0,"Philosopher\u0027s Stone":17,"PureWater":0,"InkBottle":15},{"Happy Flower":14,"Oddly Smooth Stone":65,"Letter Opener":73,"Whetstone":111,"Frozen Egg 2":59,"Empty Cage":46,"Boot":111,"Smiling Mask":115,"Mercury Hourglass":35,"Centennial Puzzle":17,"Anchor":25,"Pantograph":104,"Orrery":50,"Pandora\u0027s Box":0,"Philosopher\u0027s Stone":82,"PureWater":0,"InkBottle":68}],"InkBottle":[26],"Mercury Hourglass":[338]},"card_choices":[{"not_picked":["BowlingBash","Worship"],"picked":"FlurryOfBlows","floor":1.0},{"not_picked":["ClearTheMind","Nirvana","EmptyFist"],"picked":"SKIP","floor":4.0},{"not_picked":["EmptyMind","FollowUp"],"picked":"WaveOfTheHand","floor":6.0},{"not_picked":["EmptyBody","Evaluate"],"picked":"CrushJoints","floor":7.0},{"not_picked":["Worship","Halt"],"picked":"TalkToTheHand","floor":10.0},{"not_picked":["Sanctity","FollowUp","Study"],"picked":"SKIP","floor":11.0},{"not_picked":["SignatureMove","FearNoEvil"],"picked":"LessonLearned","floor":12.0},{"not_picked":["FlyingSleeves","WindmillStrike"],"picked":"WheelKick","floor":13.0},{"not_picked":["SignatureMove","Nirvana","LikeWater"],"picked":"SKIP","floor":14.0},{"not_picked":["Vengeance","WreathOfFlame","Indignation"],"picked":"SKIP","floor":18.0},{"not_picked":["Protect","Evaluate+1"],"picked":"Wallop+1","floor":19.0},{"not_picked":["Pray","Collect"],"picked":"Halt","floor":19.0},{"not_picked":["FlyingSleeves+1","Swivel"],"picked":"SandsOfTime","floor":19.0},{"not_picked":["WaveOfTheHand+1","PathToVictory","CrushJoints"],"picked":"SKIP","floor":20.0},{"not_picked":["BowlingBash+1","Collect"],"picked":"TalkToTheHand","floor":23.0},{"not_picked":["PathToVictory+1","Crescendo","CarveReality+1"],"picked":"SKIP","floor":25.0},{"not_picked":["Wallop","WreathOfFlame","BowlingBash"],"picked":"SKIP","floor":27.0},{"not_picked":["Crescendo","Wallop","Nirvana+1"],"picked":"SKIP","floor":29.0},{"not_picked":["SandsOfTime","DeceiveReality+1"],"picked":"CutThroughFate+1","floor":35.0},{"not_picked":["Evaluate","SignatureMove+1","FlyingSleeves"],"picked":"SKIP","floor":36.0},{"not_picked":["Protect+1","Meditate"],"picked":"ClearTheMind","floor":38.0},{"not_picked":["EmptyBody","EmptyFist","SashWhip"],"picked":"SKIP","floor":39.0},{"not_picked":["JustLucky","Perseverance","Brilliance"],"picked":"SKIP","floor":41.0},{"not_picked":["ClearTheMind","Establishment+1","PathToVictory+1"],"picked":"SKIP","floor":44.0},{"not_picked":["Halt","CarveReality","Collect"],"picked":"SKIP","floor":46.0},{"not_picked":["DeceiveReality+1","LikeWater+1","CrushJoints"],"picked":"SKIP","floor":47}],"player_experience":1857085,"relics_obtained":[{"floor":6.0,"key":"Happy Flower"},{"floor":9.0,"key":"Centennial Puzzle"},{"floor":10.0,"key":"Anchor"},{"floor":13.0,"key":"Mercury Hourglass"},{"floor":23.0,"key":"Frozen Egg 2"},{"floor":26.0,"key":"Oddly Smooth Stone"},{"floor":28.0,"key":"InkBottle"},{"floor":29.0,"key":"Letter Opener"},{"floor":41.0,"key":"Pantograph"},{"floor":44.0,"key":"Boot"},{"floor":45.0,"key":"Whetstone"},{"floor":46.0,"key":"Smiling Mask"}],"event_choices":[{"damage_healed":0.0,"max_hp_gain":0.0,"max_hp_loss":0.0,"gold_gain":75.0,"event_name":"World of Goop","player_choice":"Gather Gold","floor":2.0,"gold_loss":0.0,"damage_taken":11.0},{"damage_healed":0.0,"max_hp_gain":0.0,"max_hp_loss":0.0,"gold_gain":0.0,"cards_transformed":["Nirvana"],"event_name":"Living Wall","player_choice":"Change","floor":3.0,"gold_loss":0.0,"damage_taken":0.0,"cards_obtained":["WindmillStrike"]},{"cards_removed":["FollowUp"],"damage_healed":0.0,"max_hp_gain":0.0,"max_hp_loss":0.0,"gold_gain":0.0,"event_name":"Beggar","player_choice":"Gave Gold","floor":21.0,"gold_loss":75.0,"damage_taken":0.0},{"damage_healed":0.0,"max_hp_gain":5.0,"max_hp_loss":0.0,"gold_gain":0.0,"event_name":"Forgotten Altar","player_choice":"Shed Blood","floor":22.0,"gold_loss":0.0,"damage_taken":24.0},{"damage_healed":0.0,"max_hp_gain":0.0,"max_hp_loss":0.0,"gold_gain":0.0,"event_name":"Duplicator","player_choice":"Copied","floor":31.0,"gold_loss":0.0,"damage_taken":0.0,"cards_obtained":["TalkToTheHand"]}],"is_beta":false,"boss_relics":[{"not_picked":["Velvet Choker","SlaversCollar"],"picked":"Empty Cage"},{"not_picked":["Coffee Dripper","Astrolabe"],"picked":"Philosopher\u0027s Stone"}],"items_purged_floors":[5,19],"is_endless":false,"potions_floor_spawned":[7,10,11,13,14,18,25,29,36,39,41,44],"killed_by":"Time Eater","ascension_level":20}}