{"host":"2se5dq1do2gp0x9k","time":1609621465,"event":{"mods":["AchievementEnabler","BaseMod","Block Reminder","Colored Map","Colored Powertips","Minty Spire (QoL Compilation)","Relic Stats","StSLib","SuperFastMode"],"gold_per_floor":[10,10,23,23,43,43,74,88,88,13,23,23,52,66,66,163,163,178,192,192,208,64,97,97,97,97,97,97],"floor_reached":27,"playtime":1018,"items_purged":["Pain"],"score":308,"play_id":"267e9d8f-9392-4184-bd2f-e2ffbe37cd98","local_time":"20210102130425","is_ascension_mode":true,"campfire_choices":[{"data":"ThirdEye","floor":6.0,"key":"SMITH"},{"data":"CutThroughFate","floor":12.0,"key":"SMITH"},{"floor":15.0,"key":"REST"},{"floor":24.0,"key":"REST"}],"circlet_count":0,"master_deck":["Strike_P","Strike_P","Strike_P","Strike_P","Defend_P","Defend_P","Defend_P","Defend_P","Eruption","Vigilance","The Bomb+1","ThirdEye+1","CutThroughFate+1","Sanctity","Fasting2","Protect+1","Crescendo+1","EmptyBody+1","Establishment","JustLucky","FlyingSleeves+1","Nirvana+1"],"relics":["PureWater","WarpedTongs","Toxic Egg 2","Gremlin Horn","Question Card","Busted Crown","Toolbox","Lantern"],"acts_visited":["Exordium","TheCity"],"potions_floor_usage":[27,27],"damage_taken":[{"damage":3.0,"enemies":"2 Louse","floor":1.0,"turns":3.0},{"damage":0.0,"enemies":"Cultist","floor":3.0,"turns":3.0},{"damage":14.0,"enemies":"Small Slimes","floor":5.0,"turns":5.0},{"damage":7.0,"enemies":"Lagavulin","floor":7.0,"turns":6.0},{"damage":7.0,"enemies":"3 Louse","floor":8.0,"turns":3.0},{"damage":0.0,"enemies":"Exordium Thugs","floor":11.0,"turns":4.0},{"damage":9.0,"enemies":"3 Sentries","floor":13.0,"turns":4.0},{"damage":11.0,"enemies":"Large Slime","floor":14.0,"turns":6.0},{"damage":18.0,"enemies":"The Guardian","floor":16.0,"turns":13.0},{"damage":1.0,"enemies":"Chosen","floor":18.0,"turns":5.0},{"damage":20.0,"enemies":"3 Byrds","floor":19.0,"turns":3.0},{"damage":0.0,"enemies":"3 Cultists","floor":21.0,"turns":3.0},{"damage":10.0,"enemies":"Gremlin Leader","floor":23.0,"turns":7.0},{"damage":61,"enemies":"Book of Stabbing","floor":27,"turns":5}],"seed_played":"-7626709106567866640","potions_obtained":[{"floor":7.0,"key":"Strength Potion"},{"floor":11.0,"key":"BottledMiracle"},{"floor":13.0,"key":"DistilledChaos"},{"floor":19.0,"key":"BlessingOfTheForge"}],"is_trial":false,"path_per_floor":["M","?","M","?","M","R","E","M","T","$","M","R","E","M","R","B",null,"M","M","?","M","$","E","R","$","T","E"],"character_chosen":"WATCHER","items_purchased":["Toolbox"],"campfire_rested":2,"item_purchase_floors":[22],"current_hp_per_floor":[69,69,69,69,55,55,48,41,41,41,41,41,32,21,42,24,72,71,51,38,38,38,28,51,51,51,0,0],"gold":97,"neow_bonus":"RANDOM_COLORLESS_2","is_daily":false,"chose_seed":false,"campfire_upgraded":2,"win_rate":0.0,"timestamp":1609621465,"path_taken":["M","?","M","?","?","R","E","M","T","$","M","R","E","M","R","BOSS","M","M","?","M","$","E","R","$","T","E"],"items_purchased_type":["Relic"],"build_version":"2020-12-22","purchased_purges":1,"victory":false,"max_hp_per_floor":[72,72,72,72,72,72,72,72,72,72,72,72,72,72,72,72,72,72,72,77,77,77,77,77,77,77,77,77],"relic_stats":{"Busted Crown":10,"Gremlin Horn":[5,5],"counters":[14,70],"Question Card":7,"obtain_stats":[{"Lantern":23,"Busted Crown":17,"Gremlin Horn":9,"Toolbox":22,"PureWater":0,"Toxic Egg 2":7,"Question Card":13,"WarpedTongs":4},{"Lantern":13,"Busted Crown":9,"Gremlin Horn":5,"Toolbox":12,"PureWater":0,"Toxic Egg 2":4,"Question Card":7,"WarpedTongs":2},{"Lantern":65,"Busted Crown":47,"Gremlin Horn":20,"Toolbox":58,"PureWater":0,"Toxic Egg 2":17,"Question Card":28,"WarpedTongs":6}],"WarpedTongs":[62]},"card_choices":[{"not_picked":["Secret Technique","HandOfGreed"],"picked":"The Bomb","floor":0.0},{"not_picked":["FlurryOfBlows","FlyingSleeves"],"picked":"ThirdEye","floor":1.0},{"not_picked":["EmptyBody","ReachHeaven"],"picked":"CutThroughFate","floor":3.0},{"not_picked":["Protect","Consecrate"],"picked":"Sanctity","floor":5.0},{"not_picked":["LikeWater","FlurryOfBlows"],"picked":"Fasting2","floor":7.0},{"not_picked":["EmptyBody+1","Consecrate"],"picked":"Protect+1","floor":8.0},{"not_picked":["CrushJoints","PathToVictory+1"],"picked":"Crescendo+1","floor":11.0},{"not_picked":["Weave","CrushJoints"],"picked":"EmptyBody+1","floor":13.0},{"not_picked":["Consecrate","FlurryOfBlows","Indignation+1","FlyingSleeves"],"picked":"SKIP","floor":14.0},{"not_picked":["LessonLearned","Scrawl+1","Omniscience+1"],"picked":"Establishment","floor":16.0},{"not_picked":["BowlingBash"],"picked":"JustLucky","floor":18.0},{"not_picked":["ClearTheMind+1"],"picked":"FlyingSleeves+1","floor":19.0},{"not_picked":["Halt+1"],"picked":"Nirvana+1","floor":21.0},{"not_picked":["EmptyBody+1","CrushJoints+1"],"picked":"SKIP","floor":23.0}],"player_experience":3713710,"relics_obtained":[{"floor":7.0,"key":"Toxic Egg 2"},{"floor":9.0,"key":"Gremlin Horn"},{"floor":13.0,"key":"Question Card"},{"floor":23.0,"key":"Lantern"}],"event_choices":[{"damage_healed":0.0,"max_hp_gain":0.0,"max_hp_loss":0.0,"gold_gain":0.0,"event_name":"Living Wall","player_choice":"Grow","floor":2.0,"gold_loss":0.0,"damage_taken":0.0,"cards_upgraded":["The Bomb"]},{"damage_healed":0.0,"max_hp_gain":0.0,"max_hp_loss":0.0,"gold_gain":0.0,"event_name":"Accursed Blacksmith","player_choice":"Rummage","floor":4.0,"gold_loss":0.0,"damage_taken":0.0,"relics_obtained":["WarpedTongs"],"cards_obtained":["Pain"]},{"damage_healed":0.0,"max_hp_gain":5.0,"max_hp_loss":0.0,"gold_gain":0.0,"event_name":"Forgotten Altar","player_choice":"Shed Blood","floor":20.0,"gold_loss":0.0,"damage_taken":18.0}],"is_beta":false,"boss_relics":[{"not_picked":["Ectoplasm","Cursed Key"],"picked":"Busted Crown"}],"items_purged_floors":[10],"is_endless":false,"potions_floor_spawned":[7,11,13,14,19,23],"killed_by":"Book of Stabbing","ascension_level":3}}