{"host":"52jmisti11ysmja4","time":1609571825,"event":{"mods":["Aspiration","BaseMod","Better Third Choice","Hermit","Koishi","Minty Spire (QoL Compilation)","Remove Card Discount Mod","Shade Mod","StSLib","The Cursed","The Servant 0.9.4","The Vixen"],"gold_per_floor":[117,131,94,104,121,148,148,183,207,207,218,249,268,289,289,363,363,375,395,395,139,150,184,234,269,269,294,294,294,327,343,343,420,420,435,450,450,475,489,520,530,565,590,434,467,467,467,499,499,499],"floor_reached":51,"playtime":20424,"items_purged":["Defend_G","Defend_G","Defend_G","Strike_G","Strike_G","Strike_G","Strike_G","Strike_G","Defend_G","Injury","Defend_G","Survivor"],"score":1655,"play_id":"8e8f1dcd-4662-4c4c-ac53-be61ee978d96","local_time":"20210101231705","is_ascension_mode":true,"campfire_choices":[{"floor":15,"key":"REST"},{"floor":29,"key":"REST"},{"floor":32,"key":"RECALL"},{"floor":47,"key":"REST"},{"data":"1","floor":49,"key":"LIFT"}],"circlet_count":0,"master_deck":["AscendersBane","Neutralize","Escape Plan","Quick Slash","Blade Dance","Cloak And Dagger+1","Finisher","Poisoned Stab","Storm of Steel","Blade Dance","Dagger Spray","Poisoned Stab","After Image+1","Escape Plan+1","Blade Dance","Backstab","Blade Dance","Flying Knee","Bane","Bane+1","Cloak And Dagger","Escape Plan"],"relics":["Ring of the Snake","NeowsBlessing","aspiration:FetidBarrel","Frozen Egg 2","Snake Skull","Regal Pillow","Shuriken","Odd Mushroom","SlaversCollar","MutagenicStrength","Kunai","Oddly Smooth Stone","Centennial Puzzle","HornCleat","Ancient Tea Set","Pear","WristBlade","CaptainsWheel","Vajra","aspiration:HatOfInfinitePower","Smiling Mask","Sling","Girya","Ornamental Fan"],"acts_visited":["Exordium","TheCity","TheBeyond"],"potions_floor_usage":[14,16,18,50],"damage_taken":[{"damage":0,"enemies":"Jaw Worm","floor":1,"turns":1},{"damage":0,"enemies":"Small Slimes","floor":2,"turns":1},{"damage":0,"enemies":"2 Louse","floor":4,"turns":1},{"damage":1,"enemies":"Large Slime","floor":5,"turns":5},{"damage":32,"enemies":"Lagavulin","floor":6,"turns":7},{"damage":11,"enemies":"Gremlin Nob","floor":8,"turns":3},{"damage":0,"enemies":"2 Fungi Beasts","floor":11,"turns":1},{"damage":2,"enemies":"3 Sentries","floor":12,"turns":3},{"damage":0,"enemies":"Exordium Thugs","floor":13,"turns":2},{"damage":0,"enemies":"The Mushroom Lair","floor":14,"turns":1},{"damage":24,"enemies":"Hexaghost","floor":16,"turns":3},{"damage":9,"enemies":"Shell Parasite","floor":18,"turns":2},{"damage":5,"enemies":"2 Thieves","floor":19,"turns":2},{"damage":0,"enemies":"Snecko","floor":22,"turns":2},{"damage":0,"enemies":"Slavers","floor":23,"turns":2},{"damage":2,"enemies":"Book of Stabbing","floor":25,"turns":2},{"damage":0,"enemies":"Slavers","floor":27,"turns":2},{"damage":0,"enemies":"Book of Stabbing","floor":30,"turns":2},{"damage":3,"enemies":"Centurion and Healer","floor":31,"turns":2},{"damage":3,"enemies":"Champ","floor":33,"turns":4},{"damage":14,"enemies":"3 Shapes","floor":35,"turns":2},{"damage":0,"enemies":"Orb Walker","floor":36,"turns":1},{"damage":0,"enemies":"Mind Bloom Boss Battle","floor":38,"turns":2},{"damage":25,"enemies":"4 Shapes","floor":39,"turns":2},{"damage":0,"enemies":"Reptomancer","floor":40,"turns":3},{"damage":0,"enemies":"Maw","floor":41,"turns":3},{"damage":0,"enemies":"Nemesis","floor":42,"turns":2},{"damage":0,"enemies":"Reptomancer","floor":45,"turns":2},{"damage":0,"enemies":"Giant Head","floor":48,"turns":3},{"damage":10,"enemies":"Awakened One","floor":50,"turns":4}],"seed_played":"-5651450633327540344","potions_obtained":[{"floor":1,"key":"SneckoOil"},{"floor":8,"key":"Energy Potion"},{"floor":12,"key":"FearPotion"},{"floor":14,"key":"Fire Potion"},{"floor":19,"key":"SteroidPotion"},{"floor":22,"key":"Poison Potion"}],"is_trial":false,"path_per_floor":["M","M","$","M","M","E","?","E","T","?","M","E","M","?","R","B",null,"M","M","?","$","M","E","?","E","T","E","$","R","E","M","R","B",null,"M","M","?","?","M","E","M","E","T","$","E","?","R","E","R","B",null],"character_chosen":"THE_SILENT","items_purchased":["Blade Dance","Kunai","Sling"],"campfire_rested":3,"item_purchase_floors":[3,21,44],"current_hp_per_floor":[63,63,63,63,62,30,30,19,19,19,19,17,17,17,53,29,60,51,46,46,46,46,46,46,44,44,44,44,70,80,77,77,74,79,65,65,65,65,40,40,40,40,40,40,40,40,76,76,76,66],"gold":499,"neow_bonus":"THREE_ENEMY_KILL","is_daily":false,"chose_seed":false,"campfire_upgraded":0,"win_rate":0.0,"timestamp":1609571825,"path_taken":["M","M","$","M","M","E","?","E","T","?","M","E","M","?","R","BOSS","M","M","?","$","M","E","?","E","T","E","$","R","E","?","R","BOSS","M","M","?","?","?","E","M","E","T","$","E","?","R","E","R","BOSS"],"items_purchased_type":["Card","Relic","Relic"],"build_version":"2020-12-22","purchased_purges":12,"victory":true,"max_hp_per_floor":[70,70,70,70,70,70,70,70,70,70,70,70,70,70,70,70,70,70,70,70,70,70,70,70,70,70,70,70,70,80,80,80,80,80,80,80,80,80,80,80,80,80,80,80,80,76,76,76,76,76],"card_choices":[{"not_picked":["Deflect","Underhanded Strike"],"picked":"Escape Plan","floor":1},{"not_picked":["Eviscerate","Skewer"],"picked":"Quick Slash","floor":2},{"not_picked":["Well Laid Plans","Skewer"],"picked":"Cloak And Dagger","floor":4},{"not_picked":["PiercingWail","Underhanded Strike","Dagger Throw"],"picked":"SKIP","floor":5},{"not_picked":["Skewer","PiercingWail"],"picked":"Finisher","floor":6},{"not_picked":["Endless Agony","Dagger Throw"],"picked":"Poisoned Stab","floor":8},{"not_picked":["Deadly Poison","Heel Hook"],"picked":"Storm of Steel","floor":11},{"not_picked":["Noxious Fumes+1","Concentrate"],"picked":"Blade Dance","floor":12},{"not_picked":["Dagger Throw","Quick Slash"],"picked":"Dagger Spray","floor":13},{"not_picked":["Deflect","Acrobatics"],"picked":"Poisoned Stab","floor":14},{"not_picked":["Die Die Die","Phantasmal Killer"],"picked":"After Image+1","floor":16},{"not_picked":["Sucker Punch","Dodge and Roll"],"picked":"Slice","floor":18},{"not_picked":["Dagger Spray","Sucker Punch"],"picked":"Escape Plan+1","floor":19},{"not_picked":["Sucker Punch","Dagger Throw"],"picked":"Blade Dance","floor":22},{"not_picked":["Expertise","Acrobatics"],"picked":"Backstab","floor":23},{"not_picked":["Slice","Bullet Time"],"picked":"Blade Dance","floor":25},{"not_picked":["Outmaneuver","Catalyst"],"picked":"Flying Knee","floor":27},{"not_picked":["Grand Finale","Distraction"],"picked":"Bane","floor":30},{"not_picked":["Dagger Spray","Slice","Acrobatics"],"picked":"SKIP","floor":31},{"not_picked":["Dodge and Roll+1","Poisoned Stab","Dash+1"],"picked":"SKIP","floor":35},{"not_picked":["Backflip+1","Quick Slash","All Out Attack"],"picked":"SKIP","floor":36},{"not_picked":["Flying Knee","Poisoned Stab"],"picked":"Bane+1","floor":38},{"not_picked":["Acrobatics+1","Distraction","Prepared+1"],"picked":"SKIP","floor":39},{"not_picked":["Venomology","Acrobatics","Distraction"],"picked":"SKIP","floor":40},{"not_picked":["Outmaneuver+1","Dodge and Roll"],"picked":"Cloak And Dagger","floor":41},{"not_picked":["Prepared+1","Footwork+1","Quick Slash+1"],"picked":"SKIP","floor":42},{"not_picked":["Choke","Outmaneuver"],"picked":"Escape Plan","floor":45},{"not_picked":["Malaise","Deadly Poison","Grand Finale"],"picked":"SKIP","floor":48}],"player_experience":619524,"relics_obtained":[{"floor":6,"key":"aspiration:FetidBarrel"},{"floor":8,"key":"Snake Skull"},{"floor":9,"key":"Regal Pillow"},{"floor":12,"key":"Shuriken"},{"floor":14,"key":"Odd Mushroom"},{"floor":23,"key":"Oddly Smooth Stone"},{"floor":25,"key":"Centennial Puzzle"},{"floor":26,"key":"HornCleat"},{"floor":27,"key":"Ancient Tea Set"},{"floor":30,"key":"Pear"},{"floor":38,"key":"CaptainsWheel"},{"floor":40,"key":"Vajra"},{"floor":42,"key":"aspiration:HatOfInfinitePower"},{"floor":43,"key":"Smiling Mask"},{"floor":45,"key":"Girya"},{"floor":48,"key":"Ornamental Fan"}],"event_choices":[{"damage_healed":0,"gold_gain":0,"player_choice":"Grow","damage_taken":0,"max_hp_gain":0,"max_hp_loss":0,"event_name":"Living Wall","floor":10,"gold_loss":0,"cards_upgraded":["Cloak And Dagger"]},{"damage_healed":0,"gold_gain":0,"player_choice":"Fought Mushrooms","damage_taken":0,"max_hp_gain":0,"max_hp_loss":0,"event_name":"Mushrooms","floor":14,"gold_loss":0},{"damage_healed":0,"gold_gain":0,"player_choice":"Inject Mutagens","damage_taken":0,"relics_obtained":["MutagenicStrength"],"max_hp_gain":0,"max_hp_loss":0,"event_name":"Drug Dealer","floor":20,"gold_loss":0},{"damage_healed":0,"gold_gain":100,"player_choice":"Bet on Murderer","damage_taken":0,"max_hp_gain":0,"max_hp_loss":0,"event_name":"The Joust","floor":24,"gold_loss":50},{"cards_removed":["Slice"],"damage_healed":0,"gold_gain":0,"player_choice":"Removed Attack","damage_taken":0,"max_hp_gain":0,"max_hp_loss":0,"event_name":"Falling","floor":37,"gold_loss":0},{"damage_healed":0,"gold_gain":0,"player_choice":"Fight","damage_taken":0,"max_hp_gain":0,"max_hp_loss":0,"event_name":"MindBloom","floor":38,"gold_loss":0},{"damage_healed":0,"gold_gain":0,"player_choice":"Max HP","damage_taken":0,"max_hp_gain":0,"max_hp_loss":4,"event_name":"Winding Halls","floor":46,"gold_loss":0}],"is_beta":false,"boss_relics":[{"not_picked":["aspiration:RunicSpoon","aspiration:DefectSkillbook"],"picked":"SlaversCollar"},{"not_picked":["Black Star","aspiration:FutureDiary"],"picked":"WristBlade"}],"items_purged_floors":[3,3,3,3,3,3,21,21,21,21,21,21],"is_endless":false,"potions_floor_spawned":[1,8,12,14,19,22,30,36,39,40,41,45],"ascension_level":13}}