{"host":"a4s27ghlnr83kbqz","time":1609559186,"event":{"mods":["AchievementEnabler","BaseMod","Colored Map","Minty Spire (QoL Compilation)","Permanent Neow","SuperFastMode"],"gold_per_floor":[111,111,36,52,68,68,33,48,48,67,67,90,90,126,126,206,206,225,175,202,102,130,130,130,130],"floor_reached":24,"playtime":561,"items_purged":["Normality","Strike_B"],"score":366,"play_id":"6ed2f8a4-0db8-456d-99b1-a232c0b2f67e","local_time":"20210102114626","is_ascension_mode":true,"campfire_choices":[{"data":"Apotheosis","floor":6,"key":"SMITH"},{"floor":13,"key":"REST"},{"data":"Coolheaded","floor":15,"key":"SMITH"},{"floor":23,"key":"REST"}],"circlet_count":0,"master_deck":["AscendersBane","Strike_B","Strike_B","Defend_B","Defend_B","Defend_B","Defend_B","Zap","Dualcast","Apotheosis+1","Glacier","White Noise","Rip and Tear","FTL","Lockon","Conserve Battery","Coolheaded+1","Echo Form","Undo","Self Repair","Turbo"],"relics":["Cracked Core","CeramicFish","Kunai","Fusion Hammer"],"acts_visited":["Exordium","TheCity"],"potions_floor_usage":[16,24],"damage_taken":[{"damage":0,"enemies":"Small Slimes","floor":1,"turns":3},{"damage":0,"enemies":"2 Louse","floor":4,"turns":3},{"damage":2,"enemies":"Cultist","floor":5,"turns":4},{"damage":50,"enemies":"Gremlin Gang","floor":8,"turns":5},{"damage":0,"enemies":"2 Fungi Beasts","floor":10,"turns":3},{"damage":1,"enemies":"Looter","floor":12,"turns":3},{"damage":6,"enemies":"Lagavulin","floor":14,"turns":5},{"damage":28,"enemies":"The Guardian","floor":16,"turns":10},{"damage":22,"enemies":"Shell Parasite","floor":18,"turns":3},{"damage":6,"enemies":"2 Thieves","floor":20,"turns":4},{"damage":10,"enemies":"Centurion and Healer","floor":22,"turns":4},{"damage":54,"enemies":"Slavers","floor":24,"turns":5}],"seed_played":"-6837166908775613367","potions_obtained":[{"floor":1,"key":"LiquidBronze"},{"floor":8,"key":"Dexterity Potion"},{"floor":16,"key":"SteroidPotion"}],"is_trial":false,"path_per_floor":["M","?","$","M","M","R","?","M","T","M","?","M","R","E","R","B",null,"M","?","M","$","M","R","E"],"character_chosen":"DEFECT","items_purchased":[],"campfire_rested":2,"item_purchase_floors":[],"current_hp_per_floor":[64,69,69,69,67,67,76,26,26,26,26,25,47,41,41,13,60,38,38,32,32,32,54,0,0],"gold":130,"neow_bonus":"RANDOM_COLORLESS_2","is_daily":false,"chose_seed":false,"campfire_upgraded":2,"win_rate":0.0,"timestamp":1609559186,"path_taken":["M","?","$","M","M","R","?","M","T","M","?","M","R","E","R","BOSS","M","?","?","$","M","R","E"],"items_purchased_type":[],"build_version":"2020-12-22","purchased_purges":2,"victory":false,"max_hp_per_floor":[71,76,76,76,76,76,76,76,76,76,76,76,76,76,76,76,76,76,76,76,76,76,76,76,76],"card_choices":[{"not_picked":["Transmutation","Magnetism"],"picked":"Apotheosis","floor":0},{"not_picked":["Coolheaded","Rebound"],"picked":"Glacier","floor":1},{"not_picked":["Hello World","Static Discharge"],"picked":"White Noise","floor":4},{"not_picked":["Steam Power","Beam Cell"],"picked":"Rip and Tear","floor":5},{"not_picked":["Go for the Eyes","Leap"],"picked":"FTL","floor":8},{"not_picked":["Hologram","Aggregate"],"picked":"Lockon","floor":10},{"not_picked":["Compile Driver","Tempest"],"picked":"Conserve Battery","floor":12},{"not_picked":["Skim","Go for the Eyes"],"picked":"Coolheaded","floor":14},{"not_picked":["Machine Learning","Meteor Strike"],"picked":"Echo Form","floor":16},{"not_picked":["Rebound","Darkness"],"picked":"Undo","floor":18},{"not_picked":["Redo+1","Auto Shields"],"picked":"Self Repair","floor":20},{"not_picked":["Ball Lightning","Gash+1"],"picked":"Turbo","floor":22}],"player_experience":1074895,"relics_obtained":[{"floor":9,"key":"CeramicFish"},{"floor":14,"key":"Kunai"}],"event_choices":[{"damage_healed":0,"gold_gain":0,"player_choice":"Donut","damage_taken":0,"max_hp_gain":5,"max_hp_loss":0,"event_name":"Big Fish","floor":2,"gold_loss":0},{"damage_healed":19,"gold_gain":0,"player_choice":"Healed","damage_taken":0,"max_hp_gain":0,"max_hp_loss":0,"event_name":"The Cleric","floor":7,"gold_loss":35},{"cards_removed":["Strike_B"],"damage_healed":0,"gold_gain":0,"player_choice":"Forget","damage_taken":0,"max_hp_gain":0,"max_hp_loss":0,"event_name":"Living Wall","floor":11,"gold_loss":0},{"damage_healed":0,"gold_gain":0,"player_choice":"Bet on Murderer","damage_taken":0,"max_hp_gain":0,"max_hp_loss":0,"event_name":"The Joust","floor":19,"gold_loss":50}],"is_beta":false,"boss_relics":[{"not_picked":["Astrolabe","SacredBark"],"picked":"Fusion Hammer"}],"items_purged_floors":[3,21],"is_endless":false,"potions_floor_spawned":[1,8,10,12,16,20],"killed_by":"Slavers","ascension_level":17}}