{"host":"xwqwvmlzre68xjvm","time":1609562648,"event":{"mods":["BaseMod","Colored Map","Colored Powertips","Hermit","Minty Spire (QoL Compilation)","Replay The Spire","StSLib","SuperFastMode","Td1madao Mod","The Bug Knight","The Cursed","The Hierophant","The Runesmith"],"gold_per_floor":[118,137,137,62,62,62,114,114,144,144,144,160,235,235,255,255],"floor_reached":15,"playtime":297,"items_purged":["Strike_B"],"score":116,"play_id":"a8d7091d-4a6e-40ce-b718-c4f9549af3ab","local_time":"20210102134408","is_ascension_mode":false,"campfire_choices":[{"data":"Zap","floor":8,"key":"SMITH"},{"data":"ReplayTheSpireMod:System Scan","floor":10,"key":"SMITH"}],"circlet_count":0,"master_deck":["Strike_B","Strike_B","Strike_B","Defend_B","Defend_B","Defend_B","Defend_B","Zap+1","Dualcast","Streamline+1","Delirium","Streamline+1","ReplayTheSpireMod:System Scan+1"],"relics":["Cracked Core","NeowsBlessing","Ring of Fury","Ring of Shattering","Replay:Bottled Eggs","Darkstone Periapt","Kunai","Golden Idol"],"acts_visited":["Exordium"],"potions_floor_usage":[15],"damage_taken":[{"damage":0,"enemies":"Cultist","floor":1,"turns":1},{"damage":0,"enemies":"Jaw Worm","floor":2,"turns":1},{"damage":0,"enemies":"Gremlin Nob","floor":9,"turns":1},{"damage":0,"enemies":"Small Slimes","floor":12,"turns":2},{"damage":29,"enemies":"3 Sentries","floor":15,"turns":4}],"seed_played":"3689900713661589900","potions_obtained":[{"floor":9,"key":"ColorlessPotion"}],"is_trial":false,"path_per_floor":["M","M","?","$","PTL","PTL","?","R","E","R","T","M","?","?","E"],"character_chosen":"DEFECT","items_purchased":[],"campfire_rested":0,"item_purchase_floors":[],"current_hp_per_floor":[75,75,75,75,75,75,57,57,57,57,57,57,46,28,0,0],"gold":255,"neow_bonus":"THREE_ENEMY_KILL","is_daily":false,"chose_seed":false,"campfire_upgraded":2,"win_rate":0.0,"timestamp":1609562648,"path_taken":["M","M","?","$","PTL","PTL","?","R","E","R","T","M","?","?","E"],"items_purchased_type":[],"build_version":"2020-12-22","purchased_purges":1,"victory":false,"max_hp_per_floor":[75,75,75,75,75,75,75,75,75,75,75,75,75,75,75,75],"card_choices":[{"not_picked":["Redo","Sweeping Beam"],"picked":"Streamline","floor":1},{"not_picked":["Compile Driver","ReplayTheSpireMod:Reroute Power","Sweeping Beam"],"picked":"SKIP","floor":2},{"not_picked":["Self Repair","Conserve Battery"],"picked":"Streamline","floor":7},{"not_picked":["Multi-Cast","Force Field"],"picked":"ReplayTheSpireMod:System Scan","floor":9},{"not_picked":["Ball Lightning","Redo","Doom and Gloom"],"picked":"SKIP","floor":12}],"player_experience":22637,"relics_obtained":[{"floor":3,"key":"Ring of Fury"},{"floor":3,"key":"Ring of Shattering"},{"floor":7,"key":"Replay:Bottled Eggs"},{"floor":9,"key":"Darkstone Periapt"},{"floor":11,"key":"Kunai"}],"event_choices":[{"damage_healed":0,"gold_gain":75,"player_choice":"Gather Gold","damage_taken":11,"max_hp_gain":0,"max_hp_loss":0,"event_name":"World of Goop","floor":13,"gold_loss":0},{"damage_healed":0,"gold_gain":0,"player_choice":"Take Damage","damage_taken":18,"relics_obtained":["Golden Idol"],"max_hp_gain":0,"max_hp_loss":0,"event_name":"Golden Idol","floor":14,"gold_loss":0}],"is_beta":false,"boss_relics":[],"items_purged_floors":[4],"is_endless":false,"potions_floor_spawned":[9],"killed_by":"3 Sentries","ascension_level":0}}