{"host":"3jjxuhjpio8e4zkv","time":1609545757,"event":{"mods":["BaseMod","Colored Map","Highlight Path","Minty Spire (QoL Compilation)","Permanent Neow","Relic Stats","StSLib"],"gold_per_floor":[111,127,146,146,18,18,35,35,35,45,73,73,102,115,115,189,189,203,223,243,4,54,54],"floor_reached":22,"playtime":835,"items_purged":["Strike_G"],"score":396,"play_id":"01024cfd-79fe-4ac7-87e4-98ed70995da1","local_time":"20210101190237","is_ascension_mode":true,"campfire_choices":[{"data":"Predator","floor":6.0,"key":"SMITH"},{"data":"Corpse Explosion","floor":8.0,"key":"SMITH"},{"data":"Quick Slash","floor":12.0,"key":"SMITH"},{"data":"Deadly Poison","floor":15.0,"key":"SMITH"}],"circlet_count":0,"master_deck":["AscendersBane","Strike_G","Strike_G","Strike_G","Strike_G","Defend_G","Defend_G","Defend_G","Defend_G","Defend_G","Survivor","Neutralize","Blade Dance","Predator+1","Quick Slash+1","Wraith Form v2","Corpse Explosion+1","Burst","Deadly Poison+1","Venomology","CurseOfTheBell","Crippling Poison","Backflip","Footwork"],"relics":["Ring of the Snake","SsserpentHead","Singing Bowl","Happy Flower","Pen Nib","Calling Bell","Dream Catcher","Pantograph","Bird Faced Urn","Membership Card"],"acts_visited":["Exordium","TheCity"],"potions_floor_usage":[20,20],"damage_taken":[{"damage":5.0,"enemies":"Jaw Worm","floor":1.0,"turns":7.0},{"damage":0.0,"enemies":"Cultist","floor":2.0,"turns":3.0},{"damage":4.0,"enemies":"2 Louse","floor":3.0,"turns":2.0},{"damage":0.0,"enemies":"2 Fungi Beasts","floor":7.0,"turns":3.0},{"damage":0.0,"enemies":"Large Slime","floor":10.0,"turns":3.0},{"damage":2.0,"enemies":"3 Sentries","floor":11.0,"turns":2.0},{"damage":25.0,"enemies":"Lagavulin","floor":13.0,"turns":5.0},{"damage":1.0,"enemies":"Lots of Slimes","floor":14.0,"turns":4.0},{"damage":36.0,"enemies":"Slime Boss","floor":16.0,"turns":10.0},{"damage":31.0,"enemies":"2 Thieves","floor":18.0,"turns":3.0},{"damage":19.0,"enemies":"Chosen","floor":19.0,"turns":5.0},{"damage":1,"enemies":"Snecko","floor":20,"turns":4},{"damage":23,"enemies":"Shelled Parasite and Fungi","floor":22,"turns":1}],"seed_played":"-8058357094987417064","potions_obtained":[{"floor":1.0,"key":"BlessingOfTheForge"},{"floor":7.0,"key":"SkillPotion"},{"floor":11.0,"key":"Regen Potion"},{"floor":13.0,"key":"Block Potion"},{"floor":18.0,"key":"CunningPotion"},{"floor":19.0,"key":"AttackPotion"}],"is_trial":false,"path_per_floor":["M","M","M","?","$","R","M","R","T","M","E","R","E","M","R","B",null,"M","M","M","$","M"],"character_chosen":"THE_SILENT","items_purchased":["Wraith Form v2","Membership Card","Footwork"],"campfire_rested":0,"item_purchase_floors":[5,21,21],"current_hp_per_floor":[60,60,56,56,56,56,56,56,56,58,58,58,48,47,47,11,60,29,10,13,13,0,0],"gold":54,"neow_bonus":"TEN_PERCENT_HP_BONUS","is_daily":false,"chose_seed":false,"campfire_upgraded":4,"win_rate":0.0,"timestamp":1609545757,"path_taken":["M","M","M","?","?","R","M","R","T","M","E","R","E","M","R","BOSS","M","M","M","$","?"],"items_purchased_type":["Card","Relic","Card"],"build_version":"2020-12-22","purchased_purges":1,"victory":false,"max_hp_per_floor":[72,72,72,72,72,72,72,72,72,74,76,76,76,76,76,76,76,76,76,78,78,78,78],"relic_stats":{"SsserpentHead":100,"Dream Catcher":0,"Singing Bowl":6,"Happy Flower":[10],"counters":[13,52],"Pantograph":0,"Bird Faced Urn":[2],"Pen Nib":[5],"obtain_stats":[{"Calling Bell":17,"SsserpentHead":4,"Dream Catcher":17,"Singing Bowl":9,"Happy Flower":11,"Pantograph":17,"Bird Faced Urn":17,"Pen Nib":13,"Membership Card":21,"Ring of the Snake":0},{"Calling Bell":9,"SsserpentHead":3,"Dream Catcher":9,"Singing Bowl":4,"Happy Flower":6,"Pantograph":9,"Bird Faced Urn":9,"Pen Nib":7,"Membership Card":12,"Ring of the Snake":0},{"Calling Bell":39,"SsserpentHead":12,"Dream Catcher":39,"Singing Bowl":15,"Happy Flower":20,"Pantograph":39,"Bird Faced Urn":39,"Pen Nib":25,"Membership Card":51,"Ring of the Snake":0}],"Ring of the Snake":[26]},"card_choices":[{"not_picked":["Heel Hook","Dodge and Roll"],"picked":"Blade Dance","floor":1.0},{"not_picked":["Acrobatics","Outmaneuver"],"picked":"Predator","floor":2.0},{"not_picked":["Blade Dance","Dodge and Roll"],"picked":"Quick Slash","floor":3.0},{"not_picked":["PiercingWail","Bouncing Flask"],"picked":"Corpse Explosion","floor":7.0},{"not_picked":["Dagger Throw","Deadly Poison","Dagger Spray"],"picked":"Singing Bowl","floor":10.0},{"not_picked":["Poisoned Stab","Flying Knee","Backflip"],"picked":"Singing Bowl","floor":11.0},{"not_picked":["Deadly Poison","Calculated Gamble"],"picked":"Burst","floor":13.0},{"not_picked":["Quick Slash","Blade Dance"],"picked":"Deadly Poison","floor":14.0},{"not_picked":["Unload","Phantasmal Killer"],"picked":"Venomology","floor":16.0},{"not_picked":["Prepared","Bane"],"picked":"Crippling Poison","floor":18.0},{"not_picked":["Eviscerate","Slice"],"picked":"Backflip","floor":19.0},{"not_picked":["Backflip","Flying Knee","Escape Plan"],"picked":"Singing Bowl","floor":20}],"player_experience":1162106,"relics_obtained":[{"floor":9.0,"key":"Singing Bowl"},{"floor":11.0,"key":"Happy Flower"},{"floor":13.0,"key":"Pen Nib"},{"floor":17.0,"key":"Dream Catcher"},{"floor":17.0,"key":"Pantograph"},{"floor":17.0,"key":"Bird Faced Urn"}],"event_choices":[{"damage_healed":0.0,"max_hp_gain":0.0,"max_hp_loss":0.0,"gold_gain":0.0,"event_name":"FaceTrader","player_choice":"Trade","floor":4.0,"gold_loss":0.0,"damage_taken":0.0,"relics_obtained":["SsserpentHead"]}],"is_beta":false,"boss_relics":[{"not_picked":["Ring of the Serpent","SlaversCollar"],"picked":"Calling Bell"}],"items_purged_floors":[21],"is_endless":false,"potions_floor_spawned":[1,7,11,13,18,19],"killed_by":"Shelled Parasite and Fungi","ascension_level":20}}