{"host":"mytek2nu1hrzdnew","time":1609606549,"event":{"mods":["Aspiration","BaseMod","Conspire","Evolution","GifTheSpireLib","Gold Saver","Hubris","Minty Spire (QoL Compilation)","Replay The Spire","StSLib","Stuff the Spire","Uncapped"],"gold_per_floor":[839,853,33,33,52,87,87,103,150,150,161,111,121,132,132,227,227,245,245,262,279,291,320,320,350,431,431,431,447,447,7,7,107,107,124,139,151,166,178,178,53,67,67,67,96,114,138,174,174,184],"floor_reached":51,"playtime":3055,"items_purged":["Defend_B","Zap","StuffTheSpire:Vigor"],"score":852,"play_id":"230da5c1-8516-441a-9081-cd0aed556af2","local_time":"20210102115549","is_ascension_mode":false,"campfire_choices":[{"data":"ReplayTheSpireMod:Calculation Training","floor":7,"key":"SMITH"},{"data":"Defragment","floor":10,"key":"SMITH"},{"data":"Cold Snap","floor":15,"key":"PURGE"},{"data":"StuffTheSpire:ShieldGenerator+1","floor":24,"key":"SMITH"},{"data":"StuffTheSpire:ShieldGenerator+2","floor":30,"key":"SMITH"},{"data":"StuffTheSpire:ShieldGenerator+3","floor":40,"key":"SMITH"},{"floor":49,"key":"REST"}],"circlet_count":0,"master_deck":["Cold Snap","Cold Snap","Cold Snap","Conserve Battery","Conserve Battery","Coolheaded","Defragment+1","ReplayTheSpireMod:Calculation Training+1","StuffTheSpire:ForEach+1","Coolheaded+1","StuffTheSpire:ShieldGenerator+4","Genetic Algorithm+1","Hello World+1","StuffTheSpire:Coldhearted+1","ReplaySolidLightProjector+1","Capacitor","Machine Learning","Heatsinks","FIFO Queue+1","Core Surge","Blizzard+1"],"relics":["Cracked Core","EVO:Axolotl","StuffTheSpire:CocoNut","Strawberry","Lee\u0027s Waffle","Toxic Egg 2","ReplayTheSpireMod:Lightbulb","Nuclear Battery","Unceasing Top","hubris:MysteriousPyramids","ReplayTheSpireMod:Ninjato","Sundial","Runic Pyramid","aspiration:Lifesprig","hubris:Towel","Replay:Bandana"],"acts_visited":["Exordium","TheCity","TheBeyond"],"potions_floor_usage":[6,13,16,29,33,42,47,50,50],"damage_taken":[{"damage":0,"enemies":"Small Slimes","floor":1,"turns":3},{"damage":0,"enemies":"2 Louse","floor":2,"turns":3},{"damage":5,"enemies":"Jaw Worm","floor":5,"turns":2},{"damage":4,"enemies":"Gremlin Nob","floor":6,"turns":4},{"damage":0,"enemies":"3 Louse","floor":8,"turns":2},{"damage":5,"enemies":"Exordium Thugs","floor":11,"turns":2},{"damage":10,"enemies":"Lots of Slimes","floor":13,"turns":3},{"damage":8,"enemies":"2 Fungi Beasts","floor":14,"turns":2},{"damage":0,"enemies":"The Guardian","floor":16,"turns":6},{"damage":0,"enemies":"Shell Parasite","floor":18,"turns":3},{"damage":0,"enemies":"2 Thieves","floor":20,"turns":2},{"damage":0,"enemies":"Snecko","floor":21,"turns":3},{"damage":0,"enemies":"Sentry and Sphere","floor":22,"turns":3},{"damage":1,"enemies":"Slavers","floor":23,"turns":5},{"damage":7,"enemies":"Book of Stabbing","floor":25,"turns":5},{"damage":0,"enemies":"Chosen and Byrds","floor":29,"turns":3},{"damage":0,"enemies":"Collector","floor":33,"turns":14},{"damage":0,"enemies":"Orb Walker","floor":35,"turns":3},{"damage":0,"enemies":"3 Shapes","floor":36,"turns":5},{"damage":0,"enemies":"3 Darklings","floor":37,"turns":4},{"damage":10,"enemies":"Writhing Mass","floor":38,"turns":5},{"damage":31,"enemies":"Jaw Worm Horde","floor":39,"turns":6},{"damage":0,"enemies":"4 Shapes","floor":42,"turns":4},{"damage":0,"enemies":"R_Hoarder","floor":45,"turns":7},{"damage":0,"enemies":"Writhing Mass","floor":46,"turns":4},{"damage":9,"enemies":"Spire Growth","floor":47,"turns":5},{"damage":0,"enemies":"4 Shapes","floor":48,"turns":4},{"damage":33,"enemies":"Awakened One","floor":50,"turns":11}],"seed_played":"7083843681600497643","potions_obtained":[{"floor":1,"key":"Adrenaline Potion"},{"floor":2,"key":"Explosive Potion"},{"floor":18,"key":"Energy Potion"},{"floor":20,"key":"Block Potion"},{"floor":23,"key":"Explosive Potion"},{"floor":29,"key":"SkillPotion"},{"floor":37,"key":"Block Potion"},{"floor":46,"key":"Fire Potion"}],"is_trial":false,"path_per_floor":["M","M","$","?","M","E","R","M","T","R","M","?","M","M","R","B",null,"M","?","M","M","M","E","R","E","T","?","?","M","R","$","R","B",null,"M","M","M","M","M","R","$","M","T","?","E","M","M","M","R","B",null],"character_chosen":"DEFECT","items_purchased":["StuffTheSpire:CocoNut","Defragment","ReplayTheSpireMod:Calculation Training","Strawberry","Lee\u0027s Waffle","PowerPotion","Sundial","Capacitor"],"campfire_rested":1,"item_purchase_floors":[3,3,3,3,3,3,31,31],"current_hp_per_floor":[75,75,96,96,91,87,87,87,87,87,82,82,72,64,64,64,96,96,96,96,96,96,95,95,88,88,88,66,66,66,66,94,94,96,96,96,96,86,55,55,55,55,55,55,55,55,46,46,74,41],"gold":184,"neow_bonus":"REMOVE_CARD","is_daily":false,"chose_seed":false,"campfire_upgraded":5,"win_rate":0.0,"timestamp":1609606549,"path_taken":["M","M","$","?","M","E","R","M","T","R","M","?","M","M","R","BOSS","M","?","M","M","M","E","R","E","T","?","?","M","R","$","R","BOSS","M","M","M","M","M","R","$","M","T","?","E","M","M","M","R","BOSS"],"items_purchased_type":["Relic","Card","Card","Relic","Relic","Potion","Relic","Card"],"build_version":"2020-12-22","purchased_purges":3,"victory":true,"max_hp_per_floor":[75,75,96,96,96,96,96,96,96,96,96,96,96,96,96,96,96,96,96,96,96,96,96,96,96,96,96,96,96,96,96,96,96,96,96,96,96,96,96,96,96,96,96,96,96,96,96,96,96,96],"card_choices":[{"not_picked":["StuffTheSpire:LoadUp","conspire:SharedLibrary","Reinforced Body"],"picked":"SKIP","floor":1},{"not_picked":["Hologram","Rebound"],"picked":"Coolheaded","floor":2},{"not_picked":["BasicCrystalCard","ReplaySort","StuffTheSpire:CleanHardDrive"],"picked":"SKIP","floor":5},{"not_picked":["Biased Cognition","Beam Cell"],"picked":"StuffTheSpire:ForEach+1","floor":6},{"not_picked":["BasicCrystalCard+1","Go for the Eyes","StuffTheSpire:LoadUp+1"],"picked":"SKIP","floor":8},{"not_picked":["Turbo+1","Barrage"],"picked":"Coolheaded+1","floor":11},{"not_picked":["Skim+1","Ball Lightning","Rebound"],"picked":"SKIP","floor":13},{"not_picked":["Cold Snap","Compile Driver","BasicCrystalCard+1"],"picked":"SKIP","floor":14},{"not_picked":["Compile Driver","StuffTheSpire:GlassShard","Melter"],"picked":"SKIP","floor":18},{"not_picked":["Go for the Eyes","Beam Cell"],"picked":"StuffTheSpire:ShieldGenerator+1","floor":20},{"not_picked":["Coolheaded+1","Aggregate+1","Leap+1"],"picked":"SKIP","floor":21},{"not_picked":["Rip and Tear","Go for the Eyes+1"],"picked":"Genetic Algorithm+1","floor":22},{"not_picked":["Panic Button+1","StuffTheSpire:Plugnplay+1"],"picked":"Hello World","floor":23},{"not_picked":["BootSequence+1","Consume+1"],"picked":"StuffTheSpire:Coldhearted+1","floor":25},{"not_picked":["Conserve Battery+1","Barrage"],"picked":"ReplaySolidLightProjector+1","floor":29},{"not_picked":["Reboot+1","Hyperbeam"],"picked":"Machine Learning","floor":33},{"not_picked":["Sunder+1","Ball Lightning","Sweeping Beam"],"picked":"SKIP","floor":35},{"not_picked":["Steam+1","Hologram+1"],"picked":"Heatsinks","floor":36},{"not_picked":["Steam+1","Stack+1","ReplayTheSpireMod:Repulse+1"],"picked":"SKIP","floor":37},{"not_picked":["Go for the Eyes+1","hubris:DoWhile+1","Hologram+1"],"picked":"SKIP","floor":38},{"not_picked":["Beam Cell","Redo+1","Panic Button+1"],"picked":"SKIP","floor":39},{"not_picked":["Hologram+1","Storm","Panic Button+1"],"picked":"SKIP","floor":42},{"not_picked":["Coolheaded+1","Darkness+1"],"picked":"FIFO Queue+1","floor":45},{"not_picked":["Rebound+1","Conserve Battery+1"],"picked":"Core Surge","floor":46},{"not_picked":["Go for the Eyes+1","BasicCrystalCard+1","Ball Lightning+1"],"picked":"SKIP","floor":47},{"not_picked":["Streamline+1","Turbo+1"],"picked":"Blizzard+1","floor":48}],"player_experience":984044,"relics_obtained":[{"floor":6,"key":"Toxic Egg 2"},{"floor":9,"key":"ReplayTheSpireMod:Lightbulb"},{"floor":23,"key":"Unceasing Top"},{"floor":25,"key":"hubris:MysteriousPyramids"},{"floor":26,"key":"ReplayTheSpireMod:Ninjato"},{"floor":43,"key":"aspiration:Lifesprig"},{"floor":45,"key":"Replay:Bandana"}],"event_choices":[{"cards_removed":["Conserve Battery"],"damage_healed":0,"gold_gain":0,"player_choice":"Card Removal","damage_taken":0,"max_hp_gain":0,"max_hp_loss":0,"event_name":"The Cleric","floor":12,"gold_loss":50},{"damage_healed":0,"gold_gain":0,"player_choice":"Leave","damage_taken":0,"max_hp_gain":0,"max_hp_loss":0,"event_name":"conspire:Investor","floor":19,"gold_loss":0}],"is_beta":false,"boss_relics":[{"not_picked":["StuffTheSpire:RunicConfusion","hubris:TerracottaHorce"],"picked":"Nuclear Battery"},{"not_picked":["hubris:BlackHole","StuffTheSpire:ModemDavis"],"picked":"Runic Pyramid"}],"items_purged_floors":[3,31,41],"is_endless":false,"potions_floor_spawned":[1,2,14,16,18,20,23,29,37,39,46],"ascension_level":0}}