{"host":"0azimyi6n3ugndj4","time":1609609771,"event":{"mods":["2.2 Compatiblity","BaseMod","Bestiary","Conspire","Curses Come First","Defuse TimeMaze Blight","Hermit","Hyrulean Relics","Infinite Spire","Minty Spire (QoL Compilation)","Relic Stats","Replay The Spire","StSLib","SuperFastMode","The Cursed","Uncapped","¡¼?Úª?ø«¡½REMEMod"],"gold_per_floor":[110,110,35,51,64,64,80,100,100,133,148,148,148,148,148,48,48,120,120,131,131,151,151,151,151,151],"floor_reached":25,"playtime":1189,"items_purged":["TheCursedMod:Defend_TheCursed","TheCursedMod:Strike_TheCursed"],"score":406,"play_id":"b5bea877-b60f-4b7f-9e11-4055423598ef","local_time":"20210103024931","daily_mods":["Vintage","ControlledChaos"],"is_ascension_mode":true,"campfire_choices":[{"data":"TheCursedMod:ForbiddenAlchemy","floor":6,"key":"SMITH"},{"floor":17,"key":"DIG"}],"circlet_count":0,"master_deck":["AscendersBane","TheCursedMod:CursedWand+1","TheCursedMod:CleanUpWorkshop","TheCursedMod:Dregs","TheCursedMod:ForbiddenAlchemy+1","TheCursedMod:DemonicPact+1","TheCursedMod:ShockAndAwe","TheCursedMod:NeowsMight","TheCursedMod:SurpriseAttack","TheCursedMod:EmpowerCircles+1","TheCursedMod:CircleOfAmplification","TheCursedMod:SpitefulStrike","TheCursedMod:TacticalStrike+1","TheCursedMod:SpitefulPlan+1","TheCursedMod:CircleOfCorruption","TheCursedMod:CircleOfWindfury","TheCursedMod:CursedBoomerang"],"relics":["TheCursedMod:BlackMagic101","Frozen Eye","REME_ComplimentaryCards","infinitespire:BottledMercury","Frozen Egg 2","Lizard Tail","conspire:GiftBox","Replay:Bottled Snecko","zeldaRelics:CouragePiece","Matryoshka","Tiny Chest","TheCursedMod:OminousMark","Blood Vial","Pandora\u0027s Box","Orrery","REME_HandOfSuture"],"acts_visited":["Exordium","TheCity"],"potions_floor_usage":[11,18,18,18,18,18,18,18,23,23,25,25,25],"damage_taken":[{"damage":3,"enemies":"Cultist","floor":1,"turns":3},{"damage":4,"enemies":"Jaw Worm","floor":4,"turns":3},{"damage":1,"enemies":"2 Louse","floor":5,"turns":2},{"damage":4,"enemies":"Looter","floor":7,"turns":3},{"damage":11,"enemies":"Red Slaver","floor":8,"turns":3},{"damage":22,"enemies":"3 Sentries","floor":10,"turns":7},{"damage":3,"enemies":"Blue Slaver","floor":11,"turns":2},{"damage":16,"enemies":"Fading Forest","floor":18,"turns":13},{"damage":17,"enemies":"conspire:FuzzyDice","floor":20,"turns":5},{"damage":12,"enemies":"Spheric Guardian","floor":22,"turns":4},{"damage":13,"enemies":"Snecko","floor":23,"turns":4},{"damage":29,"enemies":"Book of Stabbing","floor":25,"turns":4}],"seed_played":"-6842353109633874423","potions_obtained":[{"floor":4,"key":"SpeedPotion"},{"floor":7,"key":"PowerPotion"},{"floor":11,"key":"SkillPotion"},{"floor":18,"key":"EntropicBrew"}],"is_trial":true,"path_per_floor":["M","?","$","M","M","R","M","M","T","E","M","?","?","PTL","PTL","$","R","B",null,"M","AVR","M","M","?","E"],"character_chosen":"THE_CURSED","items_purchased":[],"campfire_rested":0,"item_purchase_floors":[],"current_hp_per_floor":[61,61,61,57,56,56,52,41,41,19,16,16,9,9,9,9,9,46,65,48,48,38,27,27,0,0],"gold":151,"neow_bonus":"","is_daily":false,"chose_seed":false,"campfire_upgraded":1,"win_rate":0.0,"timestamp":1609609771,"path_taken":["M","?","?","M","M","R","M","M","T","E","?","?","?","PTL","PTL","$","R","BOSS","M","AVR","M","M","?","E"],"items_purchased_type":[],"build_version":"2020-12-22","purchased_purges":2,"victory":false,"max_hp_per_floor":[71,71,71,71,71,71,71,71,71,71,71,71,71,71,71,71,71,71,71,71,71,71,71,71,71,71],"relic_stats":{"Blood Vial":6,"Lizard Tail":35,"counters":[12,53],"Tiny Chest":0,"Pandora\u0027s Box":["TheCursedMod:SurpriseAttack","TheCursedMod:EmpowerCircles","TheCursedMod:CircleOfAmplification","TheCursedMod:CircleOfAmplification"],"obtain_stats":[{"TheCursedMod:BlackMagic101":0,"infinitespire:BottledMercury":1,"Frozen Egg 2":4,"Blood Vial":20,"Frozen Eye":0,"Lizard Tail":5,"conspire:GiftBox":7,"Matryoshka":11,"TheCursedMod:OminousMark":19,"Orrery":21,"Tiny Chest":17,"Pandora\u0027s Box":21,"REME_HandOfSuture":22,"zeldaRelics:CouragePiece":9,"Replay:Bottled Snecko":8,"REME_ComplimentaryCards":0},{"TheCursedMod:BlackMagic101":0,"infinitespire:BottledMercury":1,"Frozen Egg 2":2,"Blood Vial":9,"Frozen Eye":0,"Lizard Tail":3,"conspire:GiftBox":4,"Matryoshka":7,"TheCursedMod:OminousMark":8,"Orrery":9,"Tiny Chest":7,"Pandora\u0027s Box":9,"REME_HandOfSuture":10,"zeldaRelics:CouragePiece":5,"Replay:Bottled Snecko":5,"REME_ComplimentaryCards":0},{"TheCursedMod:BlackMagic101":0,"infinitespire:BottledMercury":3,"Frozen Egg 2":6,"Blood Vial":41,"Frozen Eye":0,"Lizard Tail":8,"conspire:GiftBox":11,"Matryoshka":23,"TheCursedMod:OminousMark":36,"Orrery":41,"Tiny Chest":23,"Pandora\u0027s Box":41,"REME_HandOfSuture":45,"zeldaRelics:CouragePiece":14,"Replay:Bottled Snecko":14,"REME_ComplimentaryCards":0}]},"card_choices":[{"not_picked":["TheCursedMod:CursedRelics","TheCursedMod:NeowsMight"],"picked":"TheCursedMod:DemonicPact+1","floor":7},{"not_picked":["TheCursedMod:ManaBullet","TheCursedMod:SaltUponWound"],"picked":"TheCursedMod:ShockAndAwe","floor":10},{"not_picked":["TheCursedMod:CircleOfAbyss","TheCursedMod:DemonicPact+1"],"picked":"TheCursedMod:NeowsMight","floor":18},{"not_picked":["TheCursedMod:Torture","TheCursedMod:CircleOfFlame"],"picked":"TheCursedMod:SpitefulStrike","floor":21},{"not_picked":["TheCursedMod:CircleOfFocus","TheCursedMod:LuckyCharm+1"],"picked":"TheCursedMod:TacticalStrike+1","floor":21},{"not_picked":["TheCursedMod:Mangle","TheCursedMod:Wield"],"picked":"TheCursedMod:SpitefulPlan+1","floor":21},{"not_picked":["TheCursedMod:CursedShiv","TheCursedMod:SpitefulPlan+1"],"picked":"TheCursedMod:CircleOfCorruption","floor":21},{"not_picked":["TheCursedMod:WearCloak","TheCursedMod:CircleOfFlame"],"picked":"TheCursedMod:CircleOfWindfury","floor":21}],"player_experience":1499377,"relics_obtained":[{"floor":1,"key":"infinitespire:BottledMercury"},{"floor":4,"key":"Frozen Egg 2"},{"floor":5,"key":"Lizard Tail"},{"floor":7,"key":"conspire:GiftBox"},{"floor":8,"key":"Replay:Bottled Snecko"},{"floor":9,"key":"zeldaRelics:CouragePiece"},{"floor":10,"key":"zeldaRelics:CouragePiece"},{"floor":11,"key":"Matryoshka"},{"floor":17,"key":"Tiny Chest"},{"floor":20,"key":"Blood Vial"},{"floor":22,"key":"REME_HandOfSuture"}],"event_choices":[{"damage_healed":0,"gold_gain":0,"player_choice":"Upgraded","damage_taken":0,"max_hp_gain":0,"max_hp_loss":0,"event_name":"Upgrade Shrine","floor":2,"gold_loss":0,"cards_upgraded":["TheCursedMod:CursedWand"]},{"cards_removed":["TheCursedMod:Defend_TheCursed"],"damage_healed":0,"gold_gain":0,"player_choice":"Forget","damage_taken":0,"max_hp_gain":0,"max_hp_loss":0,"event_name":"Living Wall","floor":12,"gold_loss":0},{"cards_removed":["TheCursedMod:Strike_TheCursed"],"damage_healed":0,"gold_gain":0,"player_choice":"Card Removal","damage_taken":7,"max_hp_gain":0,"max_hp_loss":0,"event_name":"Golden Wing","floor":13,"gold_loss":0},{"damage_healed":0,"gold_gain":0,"cards_transformed":["TheCursedMod:CircleOfAmplification"],"player_choice":"Transformed","damage_taken":0,"max_hp_gain":0,"max_hp_loss":0,"event_name":"Transmorgrifier","floor":24,"gold_loss":0,"cards_obtained":["TheCursedMod:CursedBoomerang"]}],"is_beta":false,"boss_relics":[{"not_picked":["TheCursedMod:FourLeafCloverCharm","REME_ChargedStone"],"picked":"TheCursedMod:OminousMark"}],"items_purged_floors":[3,16],"is_endless":false,"potions_floor_spawned":[4,7,11,18,20],"killed_by":"Book of Stabbing","ascension_level":20}}