{"host":"q2l6xtlpu05lrop8","time":1609624046,"event":{"mods":["AchievementEnabler","BaseMod","Colored Map","Googly Eyes","Minty Spire (QoL Compilation)","Slay the Streamer","StSLib","The IronCluck","slay the spire mod where everything is the same but ironclad has a cowboy hat"],"gold_per_floor":[114,114,126,140,140,154,154,183,206,258,258,258,274,299,299,327,339,426,438,468,493,523,535,547,592,618,630,665,677,689,716,744,756,188,3,3,79,79,89,89,89,89,89,89,103,103,130,130,145,172,191,191,55,55,55],"floor_reached":56,"playtime":5120,"items_purged":[],"score":1478,"play_id":"74cc8736-4f60-442e-b7ae-9abbe7caad8f","local_time":"20210102134726","is_ascension_mode":true,"campfire_choices":[{"data":"Fiend Fire","floor":7.0,"key":"SMITH"},{"data":"Cleave","floor":12.0,"key":"SMITH"},{"data":"Clothesline","floor":17.0,"key":"SMITH"},{"floor":27.0,"key":"REST"},{"data":"Shockwave","floor":36.0,"key":"SMITH"},{"floor":44,"key":"REST"},{"data":"Seeing Red","floor":46,"key":"SMITH"},{"data":"Wild Strike","floor":54,"key":"SMITH"}],"circlet_count":0,"master_deck":["AscendersBane","Clothesline+1","Iron Wave+1","Cleave+1","Pommel Strike+1","Reckless Charge+1","Shrug It Off+1","Sentinel+1","Fiend Fire+1","Feel No Pain+1","Shrug It Off+1","Reckless Charge+1","Whirlwind+1","RitualDagger+1","Barricade+1","Dual Wield+1","Feel No Pain+1","True Grit+1","Shockwave+1","Evolve+1","Seeing Red+1","Wild Strike+1"],"relics":["Busted Crown","Blood Vial","Whetstone","Anchor","MawBank","Matryoshka","Akabeko","Juzu Bracelet","Sling","Meat on the Bone","SlaversCollar","Mark of the Bloom","Strawberry","Oddly Smooth Stone","Ornamental Fan"],"acts_visited":["Exordium","TheCity","TheBeyond"],"potions_floor_usage":[55,55],"damage_taken":[{"damage":0.0,"enemies":"Small Slimes","floor":1.0,"turns":2.0},{"damage":0.0,"enemies":"Cultist","floor":3.0,"turns":3.0},{"damage":0.0,"enemies":"Jaw Worm","floor":4.0,"turns":2.0},{"damage":2.0,"enemies":"Gremlin Gang","floor":6.0,"turns":3.0},{"damage":7.0,"enemies":"Gremlin Nob","floor":8.0,"turns":3.0},{"damage":0.0,"enemies":"3 Louse","floor":13.0,"turns":2.0},{"damage":6.0,"enemies":"3 Sentries","floor":14.0,"turns":3.0},{"damage":0.0,"enemies":"Exordium Wildlife","floor":16.0,"turns":1.0},{"damage":0.0,"enemies":"Slime Boss","floor":18.0,"turns":6.0},{"damage":0.0,"enemies":"Shell Parasite","floor":20.0,"turns":4.0},{"damage":0.0,"enemies":"Chosen","floor":21.0,"turns":3.0},{"damage":18.0,"enemies":"Sentry and Sphere","floor":22.0,"turns":6.0},{"damage":25.0,"enemies":"Slavers","floor":25.0,"turns":6.0},{"damage":10.0,"enemies":"Snecko","floor":26.0,"turns":4.0},{"damage":0.0,"enemies":"Snake Plant","floor":31.0,"turns":2.0},{"damage":0.0,"enemies":"Cultist and Chosen","floor":32.0,"turns":5.0},{"damage":61.0,"enemies":"Collector","floor":37.0,"turns":13.0},{"damage":3,"enemies":"3 Shapes","floor":39,"turns":3},{"damage":0,"enemies":"Orb Walker","floor":45,"turns":3},{"damage":0,"enemies":"Spire Growth","floor":49,"turns":4},{"damage":0,"enemies":"Nemesis","floor":50,"turns":12},{"damage":0,"enemies":"Sphere and 2 Shapes","floor":51,"turns":6},{"damage":0,"enemies":"Donu and Deca","floor":55,"turns":8}],"seed_played":"3292659208546173987","potions_obtained":[{"floor":6.0,"key":"SmokeBomb"},{"floor":8.0,"key":"GamblersBrew"},{"floor":13.0,"key":"Swift Potion"},{"floor":16.0,"key":"BloodPotion"},{"floor":45,"key":"Weak Potion"},{"floor":51,"key":"Ancient Potion"}],"is_trial":false,"path_per_floor":["M","?","M","M","?","M","R","E","T","T","T","R","M","E","?","M","R","B",null,"M","M","M","?","?","E","M","R","T","T","T","M","M","?","$","$","R","B",null,"M","?","?","?","T","R","M","R","T","T","M","E","M","?","$","R","B",null],"character_chosen":"IRONCLAD","items_purchased":["Feel No Pain","True Grit","Sling","Meat on the Bone","Shockwave","Evolve","Swift Potion","DuplicationPotion","PowerPotion"],"campfire_rested":2,"item_purchase_floors":[34,34,34,34,35,35,35,53,53],"current_hp_per_floor":[68,68,68,68,68,66,66,59,59,59,59,59,61,57,46,48,48,50,69,71,73,57,51,51,28,35,57,57,57,57,59,61,61,61,61,61,14,60,59,59,59,59,59,59,59,59,59,59,59,59,59,59,59,59,59],"gold":55,"neow_bonus":"BOSS_RELIC","is_daily":false,"chose_seed":false,"campfire_upgraded":6,"win_rate":0.0,"timestamp":1609624046,"path_taken":["M","?","M","?","?","M","R","E","T","R","?","E","?","M","R","BOSS","M","M","M","?","?","E","?","R","T","M","M","?","?","$","R","BOSS","M","?","?","?","?","R","M","R","T","M","E","M","?","$","R","BOSS"],"items_purchased_type":["Card","Card","Relic","Relic","Card","Card","Potion","Potion","Potion"],"build_version":"2020-12-22","purchased_purges":0,"victory":true,"max_hp_per_floor":[75,75,75,75,75,75,75,75,75,75,75,75,75,75,75,75,75,75,75,75,75,75,75,75,75,75,75,75,75,75,75,75,75,75,75,75,75,75,75,71,71,71,78,78,78,78,78,78,78,78,78,78,78,78,78],"card_choices":[{"not_picked":[],"picked":"Shrug It Off","floor":8.0},{"not_picked":[],"picked":"Reckless Charge","floor":13.0},{"not_picked":["Wild Strike"],"picked":"SKIP","floor":14.0},{"not_picked":[],"picked":"Thunderclap","floor":16.0},{"not_picked":[],"picked":"Pommel Strike","floor":20.0},{"not_picked":["Headbutt"],"picked":"SKIP","floor":21.0},{"not_picked":[],"picked":"Whirlwind","floor":22.0},{"not_picked":[],"picked":"Barricade","floor":25.0},{"not_picked":[],"picked":"Dual Wield","floor":26.0},{"not_picked":["Anger"],"picked":"SKIP","floor":31.0},{"not_picked":["Headbutt"],"picked":"SKIP","floor":32.0},{"not_picked":[],"picked":"Seeing Red","floor":45},{"not_picked":[],"picked":"Wild Strike","floor":50}],"player_experience":790714,"relics_obtained":[{"floor":8.0,"key":"Blood Vial"},{"floor":9.0,"key":"Whetstone"},{"floor":10.0,"key":"Ancient Tea Set"},{"floor":14.0,"key":"Anchor"},{"floor":25.0,"key":"Matryoshka"},{"floor":28.0,"key":"Akabeko"},{"floor":28.0,"key":"Juzu Bracelet"},{"floor":43,"key":"Strawberry"},{"floor":47,"key":"Oddly Smooth Stone"},{"floor":50,"key":"Ornamental Fan"}],"event_choices":[{"cards_removed":["Iron Wave"],"damage_healed":0.0,"max_hp_gain":0.0,"max_hp_loss":0.0,"gold_gain":0.0,"event_name":"Wheel of Change","player_choice":"Card Removal","floor":2.0,"gold_loss":0.0,"damage_taken":0.0},{"damage_healed":0.0,"max_hp_gain":0.0,"max_hp_loss":0.0,"gold_gain":0.0,"event_name":"Upgrade Shrine","player_choice":"Upgraded","floor":5.0,"gold_loss":0.0,"damage_taken":0.0,"cards_upgraded":["Feel No Pain"]},{"damage_healed":0.0,"max_hp_gain":0.0,"max_hp_loss":0.0,"gold_gain":0.0,"event_name":"Scrap Ooze","player_choice":"Success","floor":15.0,"gold_loss":0.0,"damage_taken":11.0,"relics_obtained":["MawBank"]},{"damage_healed":0.0,"max_hp_gain":0.0,"max_hp_loss":0.0,"gold_gain":0.0,"event_name":"Nest","player_choice":"Joined the Cult","floor":23.0,"gold_loss":0.0,"damage_taken":6.0,"cards_obtained":["RitualDagger"]},{"cards_removed":["Pommel Strike"],"damage_healed":0.0,"max_hp_gain":0.0,"max_hp_loss":0.0,"gold_gain":0.0,"event_name":"Purifier","player_choice":"Purged","floor":24.0,"gold_loss":0.0,"damage_taken":0.0},{"damage_healed":0.0,"max_hp_gain":0.0,"max_hp_loss":0.0,"gold_gain":0.0,"event_name":"Beggar","player_choice":"Ignored","floor":33.0,"gold_loss":0.0,"damage_taken":0.0},{"damage_healed":0,"gold_gain":0,"player_choice":"Max HP","damage_taken":0,"max_hp_gain":0,"max_hp_loss":4,"event_name":"Winding Halls","floor":40,"gold_loss":0},{"damage_healed":0,"gold_gain":0,"player_choice":"Upgrade","damage_taken":0,"relics_obtained":["Mark of the Bloom"],"max_hp_gain":0,"max_hp_loss":0,"event_name":"MindBloom","floor":41,"gold_loss":0,"cards_upgraded":["Iron Wave","Shrug It Off","Sentinel","Shrug It Off","Reckless Charge","Thunderclap","Whirlwind","RitualDagger","Barricade","Dual Wield","Feel No Pain","True Grit","Evolve"]},{"cards_removed":["Thunderclap"],"damage_healed":0,"gold_gain":0,"player_choice":"Removed Attack","damage_taken":0,"max_hp_gain":0,"max_hp_loss":0,"event_name":"Falling","floor":42,"gold_loss":0},{"damage_healed":0,"gold_gain":0,"player_choice":"Ignored","damage_taken":0,"max_hp_gain":0,"max_hp_loss":0,"event_name":"Mysterious Sphere","floor":52,"gold_loss":0}],"is_beta":false,"boss_relics":[{"not_picked":["Philosopher\u0027s Stone","Sozu","Ectoplasm"]},{"not_picked":["Astrolabe","Runic Pyramid"],"picked":"SlaversCollar"}],"items_purged_floors":[],"is_endless":false,"potions_floor_spawned":[6,8,13,16,21,45,51],"ascension_level":16}}