{"host":"sc0o2qwpf9j16a4i","time":1609612640,"event":{"mods":["AchievementEnabler","BaseMod","BetterRewards","Block Reminder","Colored Map","Colored Powertips","Custom Start","Highlight Path","Minty Spire (QoL Compilation)","Relic Stats"],"gold_per_floor":[118,43,53,53,68,109,132,132,132,132,148,192,192,210,210,334,334,359,383,10,35,49,49,85,85,132,173,173,209,209,225,225,318,318,331,391,412,197,215,215,215,258,258,279,312,326,326,88,88,88,88,88,88,12,56,56],"floor_reached":57,"playtime":2664,"items_purged":["Strike_R","Pain","Strike_R"],"score":3089,"play_id":"72c5f437-3d16-41aa-97a7-20cf4a37501d","local_time":"20210102203720","is_ascension_mode":true,"campfire_choices":[{"floor":8,"key":"REST"},{"data":"Carnage","floor":10,"key":"SMITH"},{"data":"Bash","floor":13,"key":"SMITH"},{"floor":15,"key":"REST"},{"data":"Armaments","floor":23,"key":"SMITH"},{"floor":28,"key":"REST"},{"data":"Impervious","floor":30,"key":"SMITH"},{"data":"Flame Barrier","floor":32,"key":"SMITH"},{"data":"Feel No Pain","floor":40,"key":"SMITH"},{"floor":47,"key":"RECALL"},{"floor":49,"key":"REST"},{"data":"True Grit","floor":53,"key":"SMITH"}],"circlet_count":0,"master_deck":["AscendersBane","Strike_R","Strike_R","Defend_R","Defend_R","Defend_R","Defend_R","Bash+1","Clothesline","Carnage+1","Twin Strike","Wild Strike","Rage","Bludgeon","Armaments+1","Corruption","Blood for Blood","Impervious+1","Evolve","Barricade","Dark Embrace","Fiend Fire","RitualDagger","Flame Barrier+1","Feed+1","Pommel Strike+1","Feel No Pain+1","Spot Weakness+1","Whirlwind+1","Body Slam+1","True Grit+1","Body Slam+1","Ghostly Armor"],"relics":["Burning Blood","NeowsBlessing","Golden Idol","Anchor","Incense Burner","Snecko Eye","Membership Card","Oddly Smooth Stone","Regal Pillow","Potion Belt","Art of War","Molten Egg 2","Mark of Pain","Thread and Needle","Centennial Puzzle","WarpedTongs","Nunchaku","Gremlin Horn","Ancient Tea Set","Bottled Tornado","Self Forming Clay"],"acts_visited":["Exordium","TheCity","TheBeyond","TheEnding"],"potions_floor_usage":[6,12,12,12,16,33,36,36,37,42,44,44,55,56,56,56],"damage_taken":[{"damage":0,"enemies":"Jaw Worm","floor":1,"turns":1},{"damage":0,"enemies":"Small Slimes","floor":3,"turns":1},{"damage":0,"enemies":"Cultist","floor":5,"turns":1},{"damage":42,"enemies":"Lagavulin","floor":6,"turns":6},{"damage":18,"enemies":"3 Louse","floor":7,"turns":3},{"damage":0,"enemies":"Blue Slaver","floor":11,"turns":2},{"damage":10,"enemies":"3 Sentries","floor":12,"turns":5},{"damage":14,"enemies":"Gremlin Gang","floor":14,"turns":10},{"damage":21,"enemies":"The Guardian","floor":16,"turns":14},{"damage":36,"enemies":"3 Byrds","floor":18,"turns":6},{"damage":8,"enemies":"2 Thieves","floor":19,"turns":3},{"damage":0,"enemies":"3 Cultists","floor":21,"turns":5},{"damage":0,"enemies":"Snecko","floor":22,"turns":3},{"damage":0,"enemies":"Book of Stabbing","floor":24,"turns":3},{"damage":21,"enemies":"Slavers","floor":27,"turns":8},{"damage":8,"enemies":"Book of Stabbing","floor":29,"turns":4},{"damage":0,"enemies":"Chosen and Byrds","floor":31,"turns":3},{"damage":117,"enemies":"Automaton","floor":33,"turns":14},{"damage":7,"enemies":"3 Shapes","floor":35,"turns":3},{"damage":9,"enemies":"2 Orb Walkers","floor":36,"turns":5},{"damage":0,"enemies":"3 Darklings","floor":37,"turns":6},{"damage":0,"enemies":"Writhing Mass","floor":39,"turns":5},{"damage":39,"enemies":"Giant Head","floor":42,"turns":9},{"damage":1,"enemies":"Maw","floor":44,"turns":6},{"damage":14,"enemies":"Reptomancer","floor":45,"turns":3},{"damage":10,"enemies":"4 Shapes","floor":46,"turns":5},{"damage":0,"enemies":"Time Eater","floor":50,"turns":8},{"damage":0,"enemies":"Donu and Deca","floor":51,"turns":10},{"damage":29,"enemies":"Shield and Spear","floor":55,"turns":6},{"damage":11,"enemies":"The Heart","floor":56,"turns":10}],"seed_played":"565086535224597717","potions_obtained":[{"floor":3,"key":"Strength Potion"},{"floor":6,"key":"EntropicBrew"},{"floor":7,"key":"LiquidMemories"},{"floor":21,"key":"FearPotion"},{"floor":22,"key":"SkillPotion"},{"floor":27,"key":"Weak Potion"},{"floor":31,"key":"FairyPotion"},{"floor":35,"key":"ColorlessPotion"},{"floor":37,"key":"Explosive Potion"},{"floor":42,"key":"GamblersBrew"},{"floor":45,"key":"BlessingOfTheForge"}],"is_trial":false,"path_per_floor":["M","?","M","?","M","E","M","R","T","R","M","E","R","M","R","B",null,"M","M","$","M","M","R","E","?","T","E","R","E","R","M","R","B",null,"M","?","M","$","M","R","?","E","T","M","E","M","R","$","R","B","B",null,"R","$","E","B",null],"character_chosen":"IRONCLAD","items_purchased":["Membership Card","Impervious","Oddly Smooth Stone","Evolve","Centennial Puzzle","Ancient Potion","Energy Potion","Explosive Potion","Bottled Tornado","True Grit","SpeedPotion","Body Slam+1"],"campfire_rested":4,"item_purchase_floors":[20,20,20,20,38,38,38,38,48,48,48,54],"current_hp_per_floor":[74,74,75,68,68,32,20,40,40,40,46,42,42,34,54,39,61,31,29,29,35,41,41,47,41,41,26,61,59,59,65,65,26,58,61,62,72,72,82,82,82,53,53,58,54,54,54,54,96,96,100,100,100,100,81,76],"gold":56,"neow_bonus":"THREE_ENEMY_KILL","is_daily":false,"chose_seed":false,"campfire_upgraded":7,"win_rate":0.0,"timestamp":1609612640,"path_taken":["M","?","M","?","?","E","M","R","T","R","M","E","R","M","R","BOSS","M","?","$","M","M","R","E","?","T","E","R","E","R","M","R","BOSS","M","?","M","$","M","R","?","E","T","?","E","?","R","$","R","BOSS","BOSS","R","$","E","BOSS"],"items_purchased_type":["Relic","Card","Relic","Card","Relic","Potion","Potion","Potion","Relic","Card","Potion","Card"],"build_version":"2020-12-22","purchased_purges":3,"victory":true,"max_hp_per_floor":[75,75,75,68,68,68,68,68,68,68,68,68,68,68,68,68,68,68,68,68,68,68,68,68,68,68,68,68,68,68,68,68,68,68,72,76,80,80,84,84,84,88,88,88,92,96,96,96,96,96,100,100,100,100,104,104],"relic_stats":{"Regal Pillow":29,"Centennial Puzzle":[17],"Nunchaku":[12],"Gremlin Horn":[10,10],"counters":[30,168],"Golden Idol":225,"Self Forming Clay":[3],"Snecko Eye":[270,245,259,250],"Art of War":[10],"obtain_stats":[{"Potion Belt":26,"Regal Pillow":24,"NeowsBlessing":0,"Gremlin Horn":43,"Golden Idol":4,"Self Forming Clay":55,"Oddly Smooth Stone":20,"Thread and Needle":36,"Incense Burner":12,"Bottled Tornado":48,"Ancient Tea Set":45,"Burning Blood":0,"WarpedTongs":41,"Anchor":6,"Centennial Puzzle":38,"Nunchaku":42,"Snecko Eye":17,"Molten Egg 2":29,"Mark of Pain":34,"Art of War":27,"Membership Card":20},{"Potion Belt":14,"Regal Pillow":14,"NeowsBlessing":0,"Gremlin Horn":23,"Golden Idol":2,"Self Forming Clay":29,"Oddly Smooth Stone":11,"Thread and Needle":20,"Incense Burner":7,"Bottled Tornado":26,"Ancient Tea Set":25,"Burning Blood":0,"WarpedTongs":22,"Anchor":4,"Centennial Puzzle":21,"Nunchaku":23,"Snecko Eye":9,"Molten Egg 2":16,"Mark of Pain":18,"Art of War":15,"Membership Card":11},{"Potion Belt":63,"Regal Pillow":63,"NeowsBlessing":0,"Gremlin Horn":120,"Golden Idol":2,"Self Forming Clay":158,"Oddly Smooth Stone":52,"Thread and Needle":100,"Incense Burner":19,"Bottled Tornado":134,"Ancient Tea Set":129,"Burning Blood":0,"WarpedTongs":111,"Anchor":9,"Centennial Puzzle":106,"Nunchaku":120,"Snecko Eye":43,"Molten Egg 2":75,"Mark of Pain":92,"Art of War":71,"Membership Card":52}],"Burning Blood":157,"WarpedTongs":[53]},"card_choices":[{"not_picked":["Reckless Charge","Cleave"],"picked":"Clothesline","floor":1},{"not_picked":["Body Slam","Entrench","Clothesline"],"picked":"SKIP","floor":3},{"not_picked":["Second Wind","Inflame"],"picked":"Carnage","floor":5},{"not_picked":["Thunderclap","True Grit"],"picked":"Twin Strike","floor":6},{"not_picked":["Pummel","Perfected Strike"],"picked":"Wild Strike","floor":7},{"not_picked":["Pommel Strike","Corruption"],"picked":"Rage","floor":11},{"not_picked":["Clash","Rampage"],"picked":"Bludgeon","floor":12},{"not_picked":["Body Slam","Perfected Strike"],"picked":"Armaments","floor":14},{"not_picked":["Reaper","Berserk"],"picked":"Corruption","floor":16},{"not_picked":["Headbutt","Heavy Blade+1"],"picked":"Blood for Blood","floor":18},{"not_picked":["Perfected Strike","Wild Strike","Thunderclap"],"picked":"SKIP","floor":19},{"not_picked":["Hemokinesis","Pummel"],"picked":"Barricade","floor":21},{"not_picked":["Flex","Headbutt+1"],"picked":"Dark Embrace","floor":22},{"not_picked":["Clash","Combust+1"],"picked":"Fiend Fire","floor":24},{"not_picked":["Carnage","Clash","Headbutt"],"picked":"SKIP","floor":27},{"not_picked":["Flex","Perfected Strike+1"],"picked":"Flame Barrier","floor":29},{"not_picked":["Twin Strike+1","Wild Strike+1","Reckless Charge+1"],"picked":"SKIP","floor":31},{"not_picked":["Offering","Bludgeon+1"],"picked":"Feed+1","floor":33},{"not_picked":["Pommel Strike+1","Headbutt+1","Sword Boomerang+1"],"picked":"SKIP","floor":35},{"not_picked":["Headbutt+1","Sword Boomerang+1"],"picked":"Pommel Strike+1","floor":35},{"not_picked":["Headbutt+1","Sword Boomerang+1","Thunderclap+1"],"picked":"SKIP","floor":37},{"not_picked":["Berserk","Rupture"],"picked":"Feel No Pain","floor":39},{"not_picked":["Wild Strike+1","Iron Wave+1","Anger+1"],"picked":"SKIP","floor":42},{"not_picked":["Armaments","Havoc+1"],"picked":"Spot Weakness+1","floor":44},{"not_picked":["Flex","Intimidate"],"picked":"Whirlwind+1","floor":45},{"not_picked":["Clash+1","Havoc"],"picked":"Body Slam+1","floor":46},{"not_picked":["Body Slam+1","Sword Boomerang+1"],"picked":"Ghostly Armor","floor":55}],"player_experience":514981,"relics_obtained":[{"floor":6,"key":"Anchor"},{"floor":12,"key":"Incense Burner"},{"floor":24,"key":"Regal Pillow"},{"floor":26,"key":"Potion Belt"},{"floor":27,"key":"Art of War"},{"floor":29,"key":"Molten Egg 2"},{"floor":36,"key":"Thread and Needle"},{"floor":42,"key":"Nunchaku"},{"floor":43,"key":"Gremlin Horn"},{"floor":45,"key":"Ancient Tea Set"},{"floor":55,"key":"Self Forming Clay"}],"event_choices":[{"cards_removed":["Strike_R"],"damage_healed":0,"gold_gain":0,"player_choice":"Card Removal","damage_taken":0,"max_hp_gain":0,"max_hp_loss":0,"event_name":"The Cleric","floor":2,"gold_loss":75},{"damage_healed":0,"gold_gain":0,"player_choice":"Lose Max HP","damage_taken":0,"relics_obtained":["Golden Idol"],"max_hp_gain":0,"max_hp_loss":7,"event_name":"Golden Idol","floor":4,"gold_loss":0},{"damage_healed":0,"gold_gain":0,"player_choice":"Joined the Cult","damage_taken":6,"max_hp_gain":0,"max_hp_loss":0,"event_name":"Nest","floor":25,"gold_loss":0,"cards_obtained":["RitualDagger"]},{"damage_healed":0,"gold_gain":0,"player_choice":"Fight","damage_taken":0,"max_hp_gain":0,"max_hp_loss":0,"event_name":"Mysterious Sphere","floor":36,"gold_loss":0},{"damage_healed":0,"gold_gain":0,"player_choice":"Rummage","damage_taken":0,"relics_obtained":["WarpedTongs"],"max_hp_gain":0,"max_hp_loss":0,"event_name":"Accursed Blacksmith","floor":41,"gold_loss":0,"cards_obtained":["Pain"]}],"is_beta":false,"boss_relics":[{"not_picked":["Velvet Choker","Sozu"],"picked":"Snecko Eye"},{"not_picked":["Black Blood","Fusion Hammer"],"picked":"Mark of Pain"}],"items_purged_floors":[38,48,54],"is_endless":false,"potions_floor_spawned":[3,6,7,21,22,27,31,35,37,42,45],"ascension_level":20}}