{"host":"vhikgave70uorr7d","time":1609559358,"event":{"mods":["AchievementEnabler","Act Like it!","Ascension Reborn","Ascension Unlocker","BaseMod","Beaked The Cultist","Better Altar","Better Match","Better Note","Better Sensory Stone","Better Skull","Better Third Choice","BetterRewards","ChefMod","Colored Powertips","Custom Start","Defuse TimeMaze Blight","Downfall","Elementarium","Energized Spire","GifTheSpireLib","Hermit","Hero for Fun","Highlight Path","Hubris","Infinite Spire","JesterMod","Menagerie","Mimic Mod","Minty Spire (QoL Compilation)","MostiFishMod","Permanent Neow","Pikachu Mod","Quick Restart","Rare Cards Sparkle","Relic Filter","Remove Card Discount Mod","Replay The Spire","Retaliation","Shade Mod","Shedinja","Small Relic Pack","Spicy Shops","StSLib","Swap Starting Deck Mod","Td1madao Mod","The Accelerator","The Alterego","The Animator","The Bladedancer","The Blue Laboratory","The Bug Knight","The Construct","The Cursed","The Disciple","The Hayseed","The Hierophant","The Mystic","The Necromancer","The Runesmith","The Servant 0.9.4","The Vixen","The Wild Card","TheFirefly","TheSwordswoman","TheVacant","Transform Curses"],"gold_per_floor":[199,21,133,58,68,107,107,136,151,196,219,232,34,34,360,474,474,399,424,424,349,376,301,301,301,58,58,58,58,86,88,88,88],"floor_reached":31,"playtime":3274,"items_purged":["Decay","hexamod:Strike","hexamod:Strike","animator:Curse_Greed"],"score":291,"play_id":"8ae59d3b-a964-40c5-8b82-0624fc498192","local_time":"20210101224918","is_ascension_mode":true,"campfire_choices":[{"floor":1.0,"key":"RECALL"},{"data":"hexamod:Sear","floor":4.0,"key":"SMITH"},{"data":"hexamod:ChargedBarrage","floor":18.0,"key":"SMITH"},{"data":"hexamod:BurningTouch","floor":23.0,"key":"SMITH"},{"data":"hexamod:Float","floor":25.0,"key":"SMITH"},{"data":"hexamod:PhantomCloak","floor":27.0,"key":"SMITH"},{"data":"hexamod:GhostLash","floor":27.0,"key":"SMITH"}],"circlet_count":0,"master_deck":["hexamod:Strike","hexamod:Strike+1","hexamod:Defend+1","hexamod:Defend","hexamod:Defend+1","hexamod:Defend","hexamod:Sear+1","hexamod:Float+1","hexamod:TimeWarp+1","hexamod:GhostLash+1","hexamod:GhostOfSpirePresent","hexamod:BurningTouch+1","hexamod:BurningTouch+1","hexamod:HexaLevel","hexamod:ChargedBarrage+1","hexamod:PhantomCloak+1","hexamod:DynamicBlow","hexamod:RainOfEmbers+1","hexamod:EmpoweredFlame","hexamod:HeatCrush","hexamod:Hexaguard","hexamod:ThirdSeal","hexamod:FifthSeal","hexamod:EmpoweringStance+1","hexamod:SixthSeal","hexamod:HexaLevel+1","hexamod:FourthSeal","hexamod:ShieldOfDarkness","hexamod:GhostShield","hexamod:SecondSeal","hexamod:FlamesFromBeyond+1","hexamod:FlamesFromBeyond+1","hexamod:ThermalTransfer+1","hexamod:SwordOfDarkness+1","expansioncontent:DonusPower","expansioncontent:PolyBeam","AbeCurse","infinitespire:Punishment","Replay:Fractal Strike","hexamod:FirstSeal","hexamod:Incineration+1","hexamod:HeatCrush"],"relics":["hexamod:SpiritBrand","DaveBox","Membership Card","infinitespire:Midas Blood","Blue Doll","downfall:HeartBlessingRed","Tiny Chest","Gremlin Horn","HollowMod:StagPassRelic","hexamod:SoulConsumer","Menagerie:MalignantTentacle","hexamod:IceCube","downfall:HeartBlessingGreen","relicPack:AllForOne","downfall:HeartBlessingBlue","Mummified Hand","hubris:GlazedTorus","ReplayTheSpireMod:CursedCoin","Whetstone","Ginger","Pet Ghost","Replay:Arrowhead","Gremlin Food","Abe\u0027s Treasure"],"acts_visited":[],"potions_floor_usage":[],"damage_taken":[{"damage":0.0,"enemies":"downfall:FleeingMerchant","floor":2.0,"turns":4.0},{"damage":0.0,"enemies":"Menagerie:StygianBoar","floor":5.0,"turns":3.0},{"damage":16.0,"enemies":"Menagerie:Hydra","floor":6.0,"turns":4.0},{"damage":12.0,"enemies":"Menagerie:MonstrousExperiment","floor":8.0,"turns":3.0},{"damage":1.0,"enemies":"Menagerie:2_RABBITS","floor":9.0,"turns":3.0},{"damage":50.0,"enemies":"Menagerie:VoidReaper","floor":10.0,"turns":7.0},{"damage":8.0,"enemies":"Menagerie:MeltingSalamander","floor":11.0,"turns":4.0},{"damage":3.0,"enemies":"Menagerie:EntropyWarlock","floor":12.0,"turns":3.0},{"damage":4.0,"enemies":"downfall:FleeingMerchant","floor":13.0,"turns":4.0},{"damage":10.0,"enemies":"Menagerie:MENAGERIE_WILDLIFE","floor":15.0,"turns":5.0},{"damage":39.0,"enemies":"downfall:CharBossSilent","floor":16.0,"turns":6.0},{"damage":15.0,"enemies":"Elementarium:VoidCorruption","floor":22.0,"turns":5.0},{"damage":15.0,"enemies":"downfall:FleeingMerchant","floor":26.0,"turns":4.0},{"damage":0.0,"enemies":"Elementarium:2_ELEMENTALS","floor":30.0,"turns":4.0},{"damage":2,"enemies":"Elementarium:STONE_GOLEMS","floor":31,"turns":1}],"seed_played":"3965291257258281729","potions_obtained":[{"floor":5.0,"key":"SpeedPotion"},{"floor":8.0,"key":"Explosive Potion"}],"is_trial":false,"path_per_floor":["R","$","?","R","M","E","T","M","M","E","M","M","$","?","M","B",null,"R","T","?","?","M","R","T","R","$","R","?","AVR","M","M"],"character_chosen":"THE_SPIRIT","items_purchased":["hexamod:TimeWarp","infinitespire:Midas Blood","Blue Doll","hexamod:SoulConsumer","hexamod:HeatCrush","hexamod:Hexaguard","hubris:GlazedTorus","ReplayTheSpireMod:CursedCoin","hexamod:SecondSeal","Whetstone","hexamod:FlamesFromBeyond","hexamod:ThermalTransfer","Ginger","Pet Ghost","hexamod:SwordOfDarkness"],"campfire_rested":0,"item_purchase_floors":[2,2,2,13,13,13,26,26,26,26,26,26,26,26,26],"current_hp_per_floor":[70,70,70,70,70,54,54,42,41,31,23,20,16,16,66,27,70,70,70,70,70,55,65,65,65,50,50,50,50,50,48,48,48],"gold":88,"neow_bonus":"HUNDRED_GOLD","is_daily":false,"chose_seed":false,"campfire_upgraded":6,"win_rate":0.0,"timestamp":1609559358,"path_taken":["R","$","?","R","M","E","T","M","M","E","?","M","?","?","M","BOSS","R","?","?","?","M","R","T","R","$","R","?","AVR","M","M"],"items_purchased_type":["Card","Relic","Relic","Relic","Card","Card","Relic","Relic","Card","Relic","Card","Card","Relic","Relic","Card"],"build_version":"2020-12-22","purchased_purges":4,"victory":false,"max_hp_per_floor":[70,70,70,70,70,70,70,70,70,70,70,70,70,70,70,70,70,70,70,70,70,70,80,80,80,80,80,80,80,80,80,80,80],"card_choices":[{"not_picked":["hexamod:SpectersWail","hexamod:Incineration"],"picked":"hexamod:GhostLash","floor":3.0},{"not_picked":["hexamod:NightmareGuise","hexamod:BacktrackSmack"],"picked":"hexamod:GhostOfSpirePresent","floor":3.0},{"not_picked":["hexamod:GhostflameBarrier","hexamod:NightmareGuise"],"picked":"hexamod:BurningTouch","floor":3.0},{"not_picked":["hexamod:FlamesFromBeyond","hexamod:CatchUp"],"picked":"hexamod:BurningTouch","floor":5.0},{"not_picked":["hexamod:ExtraCrispy","hexamod:NightmareStrike"],"picked":"hexamod:HexaLevel","floor":6.0},{"not_picked":["hexamod:BurningTouch","hexamod:GhostShield"],"picked":"hexamod:ChargedBarrage","floor":8.0},{"not_picked":["hexamod:InspiringFlames","hexamod:EmpoweringStance"],"picked":"hexamod:PhantomCloak","floor":9.0},{"not_picked":["hexamod:Rewind","hexamod:GhostflameBarrier"],"picked":"hexamod:DynamicBlow","floor":10.0},{"not_picked":["hexamod:NightmareStrike","hexamod:FourthSeal"],"picked":"hexamod:RainOfEmbers","floor":11.0},{"not_picked":["hexamod:HauntingEcho","hexamod:ShieldOfDarkness"],"picked":"hexamod:EmpoweredFlame","floor":12.0},{"not_picked":["hexamod:SpectralAdrenaline","hexamod:GhostLash"],"picked":"hexamod:ThirdSeal","floor":15.0},{"not_picked":["hexamod:WildfireWeapon","hexamod:HexaLevel"],"picked":"hexamod:FifthSeal","floor":16.0},{"not_picked":["hexamod:GhostflameInferno+1","hexamod:UnleashSpirits+1"],"picked":"hexamod:EmpoweringStance+1","floor":21.0},{"not_picked":["hexamod:FifthSeal","hexamod:EmpoweringStance+1"],"picked":"hexamod:SixthSeal","floor":21.0},{"not_picked":["hexamod:WildfireWeapon+1","hexamod:TimeOfNeed+1"],"picked":"hexamod:HexaLevel+1","floor":21.0},{"not_picked":["hexamod:SixthSeal","hexamod:FifthSeal"],"picked":"hexamod:FourthSeal","floor":22.0},{"not_picked":["hexamod:NightmareGuise","hexamod:PhantomFireball"],"picked":"hexamod:ShieldOfDarkness","floor":22.0},{"not_picked":["hexamod:HauntingEcho","hexamod:PhantomFireball"],"picked":"hexamod:GhostShield","floor":22.0},{"not_picked":["expansioncontent:Corrupt","Impatience"],"picked":"expansioncontent:DonusPower","floor":28.0},{"not_picked":["Replay:SS_fish_2","expansioncontent:Flail"],"picked":"expansioncontent:PolyBeam","floor":28.0},{"not_picked":["hexamod:FifthSeal","hexamod:ThirdSeal"],"picked":"hexamod:FirstSeal","floor":30.0},{"not_picked":["hexamod:SkipABeat+1","hexamod:NightmareGuise+1"],"picked":"hexamod:Incineration+1","floor":30.0},{"not_picked":["hexamod:HauntingEcho","hexamod:EtherealExpedition"],"picked":"hexamod:HeatCrush","floor":30.0}],"player_experience":326733,"relics_obtained":[{"floor":6.0,"key":"Tiny Chest"},{"floor":7.0,"key":"Gremlin Horn"},{"floor":10.0,"key":"HollowMod:StagPassRelic"},{"floor":19.0,"key":"hubris:ToyBattleship"},{"floor":24.0,"key":"Mummified Hand"}],"event_choices":[{"damage_healed":0.0,"max_hp_gain":0.0,"max_hp_loss":0.0,"gold_gain":0.0,"event_name":"Menagerie:CorruptingLight","player_choice":"Enter","floor":14.0,"gold_loss":0.0,"damage_taken":0.0,"cards_upgraded":["hexamod:Defend","hexamod:BurningTouch"],"relics_obtained":["Menagerie:MalignantTentacle"]},{"damage_healed":0.0,"max_hp_gain":0.0,"max_hp_loss":0.0,"gold_gain":0.0,"event_name":"betterMatch:BetterMatch","player_choice":"3","floor":21.0,"gold_loss":0.0,"damage_taken":0.0,"cards_obtained":["betterMatch:RareCard"]},{"damage_healed":0.0,"max_hp_gain":0.0,"max_hp_loss":0.0,"gold_gain":2.0,"event_name":"betterStone:BetterStone","player_choice":"1","floor":28.0,"gold_loss":0.0,"damage_taken":0.0}],"is_beta":false,"boss_relics":[{"not_picked":["Runic Pyramid","EE1DDrone"],"picked":"hexamod:IceCube"}],"items_purged_floors":[2,13,13,26],"is_endless":false,"potions_floor_spawned":[5,8,11,12,30],"killed_by":"Elementarium:STONE_GOLEMS","ascension_level":0}}