{"host":"ibfpjm2kz059o009","time":1609558103,"event":{"mods":["AchievementEnabler","BaseMod","Block Reminder","Colored Powertips","DeckTracker","Googly Eyes","Key Reminder","Minty Spire (QoL Compilation)","Shop Mod","Unceasing Turn Reminder"],"gold_per_floor":[114,129,144,144,116,116,4,34,34,49,79,79,94,109,109,209,209,224,224,239,239,254,284,284,314,314,344,344,359,374,389,389,489,489,504,519,519,534,534,564,564,564,564,564,0,30,45,60,60,60],"floor_reached":51,"playtime":3716,"items_purged":[],"score":936,"play_id":"bab1a02a-fed6-4b24-9da4-b34ab3f161fb","local_time":"20210101222823","daily_mods":["Shiny","ControlledChaos","Elite Swarm"],"is_ascension_mode":false,"campfire_choices":[{"data":"Envenom","floor":6.0,"key":"SMITH"},{"floor":12.0,"key":"REST"},{"floor":15.0,"key":"REST"},{"floor":24.0,"key":"REST"},{"floor":32,"key":"REST"},{"data":"Crippling Poison","floor":41,"key":"SMITH"},{"data":"Phantasmal Killer","floor":49,"key":"SMITH"}],"circlet_count":0,"master_deck":["Venomology","Corpse Explosion","Malaise","Phantasmal Killer+1","Die Die Die","Adrenaline","Envenom+1","Doppelganger","Burst","Wraith Form v2","Tools of the Trade","Unload","Bullet Time","Storm of Steel","Glass Knife","A Thousand Cuts","Dagger Spray","Bouncing Flask","Noxious Fumes","Crippling Poison+1","Burst","Underhanded Strike","Tactician","Adrenaline","Calculated Gamble","Quick Slash","Backstab","Poisoned Stab","Die Die Die","Reflex","Crippling Poison","Bane+1","All Out Attack","Ghostly","Ghostly","Ghostly","Ghostly","Ghostly","Predator","Leg Sweep","Burst","Venomology","Corpse Explosion","Catalyst","Underhanded Strike+1","Prepared+1","Blur+1","Phantasmal Killer","Caltrops","Underhanded Strike","Blind","Setup","Bullet Time","Slice+1"],"relics":["Ring of the Snake","Frozen Eye","Prayer Wheel","PreservedInsect","Orichalcum","Snake Skull","Strawberry","Pen Nib","Singing Bowl","White Beast Statue","Empty Cage","Happy Flower","Lizard Tail","Bag of Preparation","Cauldron","Shuriken"],"acts_visited":["Exordium","TheCity","TheBeyond"],"potions_floor_usage":[29,30,31,31,31,33,33,33,35,35,36,37,40,40,40,44,44,46,46,46,48,50,50,50],"damage_taken":[{"damage":6.0,"enemies":"Cultist","floor":1.0,"turns":4.0},{"damage":0.0,"enemies":"Small Slimes","floor":2.0,"turns":3.0},{"damage":6.0,"enemies":"2 Louse","floor":3.0,"turns":2.0},{"damage":18.0,"enemies":"3 Sentries","floor":8.0,"turns":3.0},{"damage":5.0,"enemies":"Blue Slaver","floor":10.0,"turns":4.0},{"damage":7.0,"enemies":"Lagavulin","floor":11.0,"turns":4.0},{"damage":5.0,"enemies":"Exordium Wildlife","floor":13.0,"turns":3.0},{"damage":0.0,"enemies":"3 Louse","floor":14.0,"turns":2.0},{"damage":33.0,"enemies":"Hexaghost","floor":16.0,"turns":7.0},{"damage":8.0,"enemies":"Chosen","floor":18.0,"turns":4.0},{"damage":22.0,"enemies":"3 Byrds","floor":20.0,"turns":3.0},{"damage":0.0,"enemies":"Centurion and Healer","floor":22.0,"turns":5.0},{"damage":13.0,"enemies":"Gremlin Leader","floor":23.0,"turns":6.0},{"damage":8.0,"enemies":"Book of Stabbing","floor":25.0,"turns":4.0},{"damage":0,"enemies":"Gremlin Leader","floor":27,"turns":6},{"damage":0,"enemies":"3 Cultists","floor":29,"turns":2},{"damage":0,"enemies":"Snake Plant","floor":30,"turns":3},{"damage":6,"enemies":"Centurion and Healer","floor":31,"turns":5},{"damage":22,"enemies":"Automaton","floor":33,"turns":9},{"damage":0,"enemies":"3 Darklings","floor":35,"turns":3},{"damage":4,"enemies":"3 Shapes","floor":36,"turns":4},{"damage":0,"enemies":"Spire Growth","floor":37,"turns":1},{"damage":0,"enemies":"Maw","floor":38,"turns":7},{"damage":0,"enemies":"Nemesis","floor":40,"turns":5},{"damage":0,"enemies":"Reptomancer","floor":44,"turns":2},{"damage":0,"enemies":"Giant Head","floor":46,"turns":6},{"damage":0,"enemies":"Jaw Worm Horde","floor":47,"turns":2},{"damage":0,"enemies":"Transient","floor":48,"turns":5},{"damage":74,"enemies":"Awakened One","floor":50,"turns":11}],"seed_played":"-2495295926900846280","potions_obtained":[{"floor":1.0,"key":"GamblersBrew"},{"floor":11.0,"key":"SpeedPotion"},{"floor":22.0,"key":"PowerPotion"},{"floor":23.0,"key":"CunningPotion"},{"floor":27,"key":"GamblersBrew"},{"floor":29,"key":"BlessingOfTheForge"},{"floor":30,"key":"FearPotion"},{"floor":31,"key":"AttackPotion"},{"floor":33,"key":"EntropicBrew"},{"floor":38,"key":"SkillPotion"},{"floor":40,"key":"PowerPotion"},{"floor":45,"key":"BlessingOfTheForge"},{"floor":45,"key":"AttackPotion"},{"floor":45,"key":"EssenceOfSteel"},{"floor":45,"key":"SmokeBomb"},{"floor":46,"key":"SteroidPotion"},{"floor":47,"key":"Swift Potion"},{"floor":48,"key":"Regen Potion"}],"is_trial":false,"path_per_floor":["M","M","M","?","?","R","$","E","T","M","E","R","M","M","R","B",null,"M","?","M","?","M","E","R","E","T","E","?","M","M","M","R","B",null,"M","M","M","M","?","E","R","?","T","E","$","E","M","M","R","B",null],"character_chosen":"THE_SILENT","items_purchased":["Noxious Fumes","Crippling Poison","Bag of Preparation","Cauldron","Caltrops","Underhanded Strike","Blind","Setup"],"campfire_rested":4,"item_purchase_floors":[7,7,45,45,45,45,45,45],"current_hp_per_floor":[64,64,58,58,58,58,58,40,40,35,28,49,44,44,65,32,70,62,62,40,35,35,29,41,33,33,33,33,37,41,39,54,34,56,58,56,56,58,58,60,60,60,60,60,60,60,62,66,66,6],"gold":60,"neow_bonus":"","is_daily":true,"chose_seed":false,"campfire_upgraded":3,"win_rate":0.0,"timestamp":1609558103,"path_taken":["M","M","?","?","?","R","?","E","T","?","E","R","M","M","R","BOSS","M","?","?","?","M","E","R","E","T","E","?","M","M","M","R","BOSS","M","M","M","M","?","E","R","?","T","E","$","E","M","?","R","BOSS"],"items_purchased_type":["Card","Card","Relic","Relic","Card","Card","Card","Card"],"build_version":"2020-12-22","purchased_purges":0,"victory":true,"max_hp_per_floor":[70,70,70,70,70,70,70,70,70,70,70,70,70,70,70,70,70,70,70,70,35,35,42,42,42,42,42,42,46,50,54,54,56,56,58,60,60,62,62,64,64,64,64,64,64,64,66,70,70,70],"card_choices":[{"not_picked":["Setup","Underhanded Strike"],"picked":"Dagger Spray","floor":1.0},{"not_picked":["Accuracy","Dodge and Roll"],"picked":"Bouncing Flask","floor":2.0},{"not_picked":["Footwork","Flechettes","Bane"],"picked":"SKIP","floor":3.0},{"not_picked":["Storm of Steel","Doppelganger"],"picked":"Burst","floor":8.0},{"not_picked":["Backflip","Dodge and Roll"],"picked":"Underhanded Strike","floor":10.0},{"not_picked":["Dagger Spray","Quick Slash"],"picked":"Tactician","floor":10.0},{"not_picked":["Tools of the Trade","Envenom"],"picked":"Adrenaline","floor":11.0},{"not_picked":["PiercingWail","Leg Sweep"],"picked":"Calculated Gamble","floor":13.0},{"not_picked":["Choke","Deflect"],"picked":"Quick Slash","floor":13.0},{"not_picked":["Flying Knee","PiercingWail"],"picked":"Backstab","floor":14.0},{"not_picked":["Concentrate","Bane"],"picked":"Poisoned Stab","floor":14.0},{"not_picked":["A Thousand Cuts","After Image"],"picked":"Die Die Die","floor":16.0},{"not_picked":["Blade Dance","Expertise"],"picked":"Reflex","floor":18.0},{"not_picked":["Slice","Bane"],"picked":"Crippling Poison","floor":18.0},{"not_picked":["Quick Slash","Blade Dance"],"picked":"Bane+1","floor":20.0},{"not_picked":["Acrobatics","Deflect+1"],"picked":"All Out Attack","floor":20.0},{"not_picked":["Calculated Gamble","A Thousand Cuts"],"picked":"Predator","floor":22.0},{"not_picked":["Acrobatics","Dash"],"picked":"Leg Sweep","floor":22.0},{"not_picked":["Night Terror","Envenom"],"picked":"Burst","floor":23.0},{"not_picked":["Doppelganger","Grand Finale"],"picked":"Venomology","floor":25.0},{"not_picked":["Envenom","Malaise"],"picked":"Corpse Explosion","floor":27},{"not_picked":["Skewer","Calculated Gamble","Cloak And Dagger"],"picked":"Singing Bowl","floor":29},{"not_picked":["Outmaneuver+1","Deadly Poison","Crippling Poison"],"picked":"Singing Bowl","floor":29},{"not_picked":["Prepared","Outmaneuver","Underhanded Strike"],"picked":"Singing Bowl","floor":30},{"not_picked":["Choke","PiercingWail","Dodge and Roll"],"picked":"Singing Bowl","floor":30},{"not_picked":["Poisoned Stab","Masterful Stab","Eviscerate"],"picked":"Singing Bowl","floor":31},{"not_picked":["Blade Dance","Acrobatics","Quick Slash"],"picked":"Singing Bowl","floor":31},{"not_picked":["Malaise","Die Die Die","Storm of Steel"],"picked":"Singing Bowl","floor":33},{"not_picked":["Dodge and Roll+1","Slice","Accuracy+1"],"picked":"Singing Bowl","floor":35},{"not_picked":["Sucker Punch+1","Quick Slash"],"picked":"Underhanded Strike+1","floor":35},{"not_picked":["Sucker Punch","Underhanded Strike"],"picked":"Prepared+1","floor":36},{"not_picked":["Dagger Spray","Poisoned Stab","Well Laid Plans+1"],"picked":"Singing Bowl","floor":36},{"not_picked":["Underhanded Strike","Bouncing Flask+1","Acrobatics+1"],"picked":"Singing Bowl","floor":38},{"not_picked":["Blade Dance+1","Bane"],"picked":"Blur+1","floor":38},{"not_picked":["Malaise","Storm of Steel","Adrenaline"],"picked":"Singing Bowl","floor":40},{"not_picked":["Unload","Tools of the Trade"],"picked":"Bullet Time","floor":46},{"not_picked":["Underhanded Strike+1","Outmaneuver","Dagger Spray+1"],"picked":"Singing Bowl","floor":47},{"not_picked":["Heel Hook+1","Poisoned Stab+1"],"picked":"Slice+1","floor":47},{"not_picked":["PiercingWail+1","Flying Knee+1","Outmaneuver"],"picked":"Singing Bowl","floor":48},{"not_picked":["Acrobatics","Deflect","Poisoned Stab"],"picked":"Singing Bowl","floor":48}],"player_experience":598175,"relics_obtained":[{"floor":8.0,"key":"PreservedInsect"},{"floor":9.0,"key":"Orichalcum"},{"floor":11.0,"key":"Snake Skull"},{"floor":23.0,"key":"Strawberry"},{"floor":25.0,"key":"Pen Nib"},{"floor":26.0,"key":"Singing Bowl"},{"floor":27,"key":"White Beast Statue"},{"floor":40,"key":"Happy Flower"},{"floor":43,"key":"Lizard Tail"},{"floor":46,"key":"Shuriken"}],"event_choices":[{"damage_healed":0.0,"max_hp_gain":0.0,"max_hp_loss":0.0,"gold_gain":0.0,"event_name":"Big Fish","player_choice":"Box","floor":4.0,"gold_loss":0.0,"damage_taken":0.0,"relics_obtained":["Prayer Wheel"],"cards_obtained":["Regret"]},{"damage_healed":0.0,"max_hp_gain":0.0,"max_hp_loss":0.0,"gold_gain":0.0,"event_name":"World of Goop","player_choice":"Left Gold","floor":5.0,"gold_loss":28.0,"damage_taken":0.0},{"damage_healed":0.0,"max_hp_gain":0.0,"max_hp_loss":0.0,"gold_gain":0.0,"event_name":"N\u0027loth","player_choice":"Ignored","floor":19.0,"gold_loss":0.0,"damage_taken":0.0},{"damage_healed":0.0,"max_hp_gain":0.0,"max_hp_loss":35.0,"gold_gain":0.0,"event_name":"Ghosts","player_choice":"Became a Ghost","floor":21.0,"gold_loss":0.0,"damage_taken":0.0,"cards_obtained":["Ghostly","Ghostly","Ghostly","Ghostly","Ghostly"]},{"damage_healed":0,"gold_gain":0,"player_choice":"Read","damage_taken":0,"max_hp_gain":0,"max_hp_loss":0,"event_name":"The Library","floor":28,"gold_loss":0,"cards_obtained":["Catalyst"]},{"cards_removed":["After Image"],"damage_healed":0,"gold_gain":0,"player_choice":"Removed Power","damage_taken":0,"max_hp_gain":0,"max_hp_loss":0,"event_name":"Falling","floor":39,"gold_loss":0},{"damage_healed":0,"gold_gain":0,"cards_transformed":["Night Terror"],"player_choice":"Transformed","damage_taken":0,"max_hp_gain":0,"max_hp_loss":0,"event_name":"Transmorgrifier","floor":42,"gold_loss":0,"cards_obtained":["Phantasmal Killer"]}],"is_beta":false,"boss_relics":[{"not_picked":["Snecko Eye","Velvet Choker","Coffee Dripper"]},{"not_picked":["SacredBark","Sozu"],"picked":"Empty Cage"}],"items_purged_floors":[],"is_endless":false,"potions_floor_spawned":[1,8,11,22,23,27,29,30,31,33,35,36,37,38,40,44,46,47,48],"ascension_level":0}}