{"host":"4cz9gr89nglr7k8k","time":1609624958,"event":{"mods":["BaseMod","Minty Spire (QoL Compilation)","Relic Stats","Slay-I"],"gold_per_floor":[111,121,132,152,163,163,180,180,180,215,215,230,230,247,247,247,247],"floor_reached":16,"playtime":2092,"items_purged":[],"score":212,"play_id":"bf644705-ee69-46f9-89ef-743c4518f009","local_time":"20210102230238","is_ascension_mode":true,"campfire_choices":[{"floor":6,"key":"REST"},{"floor":8,"key":"REST"},{"floor":11,"key":"REST"},{"floor":15,"key":"REST"}],"circlet_count":0,"master_deck":["AscendersBane","Strike_R","Strike_R","Strike_R","Strike_R","Strike_R","Defend_R","Defend_R","Defend_R","Defend_R","Bash","Clothesline","Power Through","Shockwave","Rupture","Twin Strike","Uppercut","Perfected Strike","Metallicize","Ghostly Armor"],"relics":["Burning Blood","Pen Nib","Happy Flower"],"acts_visited":["Exordium"],"potions_floor_usage":[16,16,16,16],"damage_taken":[{"damage":1,"enemies":"Cultist","floor":1,"turns":3},{"damage":19,"enemies":"Jaw Worm","floor":2,"turns":4},{"damage":11,"enemies":"Small Slimes","floor":3,"turns":5},{"damage":13,"enemies":"Looter","floor":4,"turns":4},{"damage":38,"enemies":"Exordium Thugs","floor":5,"turns":7},{"damage":14,"enemies":"Blue Slaver","floor":7,"turns":4},{"damage":50,"enemies":"Lagavulin","floor":10,"turns":7},{"damage":12,"enemies":"3 Louse","floor":12,"turns":5},{"damage":11,"enemies":"Large Slime","floor":14,"turns":6},{"damage":58,"enemies":"Hexaghost","floor":16,"turns":12}],"seed_played":"5575963395440191608","potions_obtained":[{"floor":5,"key":"Fire Potion"},{"floor":10,"key":"Ancient Potion"},{"floor":13,"key":"EntropicBrew"}],"is_trial":false,"path_per_floor":["M","M","M","M","M","R","M","R","T","E","R","M","?","M","R","B"],"character_chosen":"IRONCLAD","items_purchased":[],"campfire_rested":4,"item_purchase_floors":[],"current_hp_per_floor":[80,67,62,55,23,47,39,63,63,19,43,37,37,32,56,0,0],"gold":247,"neow_bonus":"TEN_PERCENT_HP_BONUS","is_daily":false,"chose_seed":false,"campfire_upgraded":0,"win_rate":0.0,"timestamp":1609624958,"path_taken":["M","?","M","?","?","R","M","R","T","E","R","M","?","M","R","BOSS"],"items_purchased_type":[],"build_version":"2020-12-22","purchased_purges":0,"victory":false,"max_hp_per_floor":[82,82,82,82,82,82,82,82,82,82,82,82,82,82,82,82,82],"relic_stats":{"Happy Flower":[7],"counters":[10,57],"Pen Nib":[4],"obtain_stats":[{"Happy Flower":10,"Pen Nib":9,"Burning Blood":0},{"Happy Flower":7,"Pen Nib":6,"Burning Blood":0},{"Happy Flower":34,"Pen Nib":27,"Burning Blood":0}],"Burning Blood":54},"card_choices":[{"not_picked":["Heavy Blade","Feel No Pain"],"picked":"Clothesline","floor":1},{"not_picked":["Entrench","Warcry"],"picked":"Power Through","floor":2},{"not_picked":["Reckless Charge","Warcry"],"picked":"Shockwave","floor":3},{"not_picked":["Headbutt","Wild Strike"],"picked":"Rupture","floor":4},{"not_picked":["Bloodletting","Shockwave"],"picked":"Twin Strike","floor":5},{"not_picked":["Sentinel","Wild Strike"],"picked":"Uppercut","floor":7},{"not_picked":["Entrench","Double Tap"],"picked":"Perfected Strike","floor":10},{"not_picked":["Armaments","Warcry"],"picked":"Metallicize","floor":12},{"not_picked":["Heavy Blade","Flame Barrier"],"picked":"Ghostly Armor","floor":14}],"player_experience":1473377,"relics_obtained":[{"floor":9,"key":"Pen Nib"},{"floor":10,"key":"Happy Flower"}],"event_choices":[{"damage_healed":0,"gold_gain":0,"player_choice":"Got Potions","damage_taken":0,"max_hp_gain":0,"max_hp_loss":0,"event_name":"Lab","floor":13,"gold_loss":0}],"is_beta":false,"boss_relics":[],"items_purged_floors":[],"is_endless":false,"potions_floor_spawned":[5,10,12],"killed_by":"Hexaghost","ascension_level":20}}