{"host":"u7lm8z2rvb4dg2oo","time":1609573056,"event":{"mods":["AchievementEnabler","BaseMod","Colored Map","Colored Powertips","Curses Come First","Googly Eyes","Highlight Path","Minty Spire (QoL Compilation)","Quick Restart","StSLib"],"gold_per_floor":[112,11,11,30,30,57,57,89,139,139,139,154,189,204,204,303,303,314,325,325,337,337,372,391,391,438,438,449,24,24,24,24,120,120,136,136,156,173,193,193,206,231,231,231,250,17,67,95,95,95,95],"floor_reached":50,"playtime":1992,"items_purged":["Strike_P","Strike_P"],"score":788,"play_id":"74ef9e08-e8b7-4c64-8f24-6f8155a45d48","local_time":"20210102023736","is_ascension_mode":true,"campfire_choices":[{"data":"SandsOfTime","floor":7.0,"key":"SMITH"},{"data":"Eruption","floor":11.0,"key":"SMITH"},{"data":"WheelKick","floor":15.0,"key":"SMITH"},{"data":"Judgement","floor":25.0,"key":"SMITH"},{"data":"Wallop","floor":27.0,"key":"SMITH"},{"data":"BattleHymn","floor":30.0,"key":"SMITH"},{"floor":32.0,"key":"REST"},{"data":"Blasphemy","floor":40.0,"key":"SMITH"},{"floor":44.0,"key":"REST"},{"floor":49,"key":"REST"}],"circlet_count":0,"master_deck":["Strike_P+1","Defend_P","Defend_P","Defend_P+1","Defend_P","Eruption+1","Vigilance","Vengeance+1","CutThroughFate","SandsOfTime+1","WheelKick+1","Wallop+1","Judgement+1","ReachHeaven","EmptyFist","BattleHymn+1","BattleHymn","Blasphemy+1","Wallop+1","WreathOfFlame+1","Vault","ForeignInfluence"],"relics":["PureWater","NeowsBlessing","Nunchaku","Meat on the Bone","Happy Flower","CultistMask","Singing Bowl","Velvet Choker","Mango","Anchor","Bag of Marbles","SacredBark","Molten Egg 2","War Paint","ClockworkSouvenir","GoldenEye","Potion Belt"],"acts_visited":["Exordium","TheCity","TheBeyond"],"potions_floor_usage":[48,50,50],"damage_taken":[{"damage":0.0,"enemies":"Small Slimes","floor":1.0,"turns":2.0},{"damage":0.0,"enemies":"2 Louse","floor":4.0,"turns":1.0},{"damage":0.0,"enemies":"Gremlin Nob","floor":6.0,"turns":2.0},{"damage":12.0,"enemies":"Lagavulin","floor":8.0,"turns":3.0},{"damage":0.0,"enemies":"Cultist","floor":12.0,"turns":2.0},{"damage":0.0,"enemies":"3 Sentries","floor":13.0,"turns":3.0},{"damage":0.0,"enemies":"3 Louse","floor":14.0,"turns":2.0},{"damage":28.0,"enemies":"Hexaghost","floor":16.0,"turns":6.0},{"damage":0.0,"enemies":"3 Byrds","floor":18.0,"turns":2.0},{"damage":0.0,"enemies":"Spheric Guardian","floor":19.0,"turns":1.0},{"damage":0.0,"enemies":"Cultist and Chosen","floor":21.0,"turns":3.0},{"damage":35.0,"enemies":"Book of Stabbing","floor":23.0,"turns":4.0},{"damage":11.0,"enemies":"Snake Plant","floor":24.0,"turns":2.0},{"damage":26.0,"enemies":"Snecko","floor":28.0,"turns":3.0},{"damage":14.0,"enemies":"Champ","floor":33.0,"turns":6.0},{"damage":0.0,"enemies":"Orb Walker","floor":35.0,"turns":2.0},{"damage":0.0,"enemies":"3 Darklings","floor":37.0,"turns":2.0},{"damage":84.0,"enemies":"Maw","floor":38.0,"turns":5.0},{"damage":0.0,"enemies":"4 Shapes","floor":39.0,"turns":2.0},{"damage":18.0,"enemies":"3 Darklings","floor":41.0,"turns":3.0},{"damage":8.0,"enemies":"Nemesis","floor":42.0,"turns":4.0},{"damage":8.0,"enemies":"Spire Growth","floor":45.0,"turns":2.0},{"damage":0.0,"enemies":"Mind Bloom Boss Battle","floor":47.0,"turns":3.0},{"damage":35,"enemies":"Reptomancer","floor":48,"turns":4},{"damage":88,"enemies":"Awakened One","floor":50,"turns":5}],"seed_played":"-6479985306409431873","potions_obtained":[{"floor":1.0,"key":"Strength Potion"},{"floor":4.0,"key":"AttackPotion"},{"floor":21.0,"key":"LiquidBronze"},{"floor":23.0,"key":"Explosive Potion"},{"floor":33.0,"key":"BottledMiracle"},{"floor":39.0,"key":"BlessingOfTheForge"},{"floor":45.0,"key":"SkillPotion"},{"floor":47.0,"key":"Dexterity Potion"}],"is_trial":false,"path_per_floor":["M","$","?","M","$","E","R","E","T","?","R","M","E","M","R","B",null,"M","M","?","M","?","E","M","R","T","R","M","$","R","?","R","B",null,"M","?","M","M","M","R","M","E","T","R","M","$","?","E","R","B"],"character_chosen":"WATCHER","items_purchased":["CutThroughFate","Bag of Marbles","Fruit Juice","BattleHymn","ClockworkSouvenir","ForeignInfluence"],"campfire_rested":3,"item_purchase_floors":[2,29,29,29,46,46],"current_hp_per_floor":[72,72,58,58,58,58,58,46,46,46,46,46,48,50,50,34,66,68,68,68,70,70,63,54,54,54,54,40,45,45,24,56,54,95,97,97,97,27,41,41,35,41,41,75,69,69,71,50,86,0,0],"gold":95,"neow_bonus":"THREE_ENEMY_KILL","is_daily":false,"chose_seed":false,"campfire_upgraded":7,"win_rate":0.0,"timestamp":1609573056,"path_taken":["M","$","?","M","$","E","R","E","T","?","R","M","E","M","R","BOSS","M","M","?","M","?","E","?","R","T","R","M","$","R","?","R","BOSS","M","?","M","?","M","R","M","E","T","R","M","$","?","E","R","BOSS"],"items_purchased_type":["Card","Relic","Potion","Card","Relic","Card"],"build_version":"2020-12-22","purchased_purges":2,"victory":false,"max_hp_per_floor":[72,72,72,72,72,72,72,72,72,72,72,72,74,76,76,76,76,78,78,78,80,80,96,98,98,98,98,98,103,103,108,108,108,108,110,110,110,112,114,114,114,116,116,116,118,118,120,122,122,122,122],"card_choices":[{"not_picked":["Perseverance","Crescendo"],"picked":"Vengeance","floor":1.0},{"not_picked":["FearNoEvil","Halt"],"picked":"SandsOfTime","floor":4.0},{"not_picked":["Collect","SignatureMove"],"picked":"WheelKick","floor":6.0},{"not_picked":["Study","Fasting2"],"picked":"Wallop","floor":8.0},{"not_picked":["FollowUp","CrushJoints","Consecrate"],"picked":"SKIP","floor":12.0},{"not_picked":["Consecrate","Prostrate","SashWhip"],"picked":"Singing Bowl","floor":13.0},{"not_picked":["Crescendo","ConjureBlade","JustLucky"],"picked":"Singing Bowl","floor":14.0},{"not_picked":["Establishment","Brilliance"],"picked":"Judgement","floor":16.0},{"not_picked":["Worship","FlurryOfBlows","CrushJoints"],"picked":"Singing Bowl","floor":18.0},{"not_picked":["BowlingBash","JustLucky"],"picked":"ReachHeaven","floor":19.0},{"not_picked":["Crescendo","LikeWater","JustLucky"],"picked":"Singing Bowl","floor":21.0},{"not_picked":["FollowUp+1","Perseverance","ClearTheMind"],"picked":"Singing Bowl","floor":23.0},{"not_picked":["EmptyBody+1","BowlingBash+1","CarveReality"],"picked":"Singing Bowl","floor":24.0},{"not_picked":["Crescendo+1","CrushJoints"],"picked":"BattleHymn","floor":28.0},{"not_picked":["Devotion","MasterReality"],"picked":"Blasphemy","floor":33.0},{"not_picked":["FlyingSleeves+1","Crescendo+1","Prostrate"],"picked":"Singing Bowl","floor":35.0},{"not_picked":["PathToVictory","SignatureMove+1"],"picked":"WreathOfFlame","floor":37.0},{"not_picked":["Conclude","WreathOfFlame+1","Evaluate+1"],"picked":"Singing Bowl","floor":38.0},{"not_picked":["FlurryOfBlows+1","SashWhip+1","WreathOfFlame+1"],"picked":"Singing Bowl","floor":39.0},{"not_picked":["WaveOfTheHand","Crescendo"],"picked":"Vault","floor":41.0},{"not_picked":["Evaluate+1","Sanctity","EmptyFist+1"],"picked":"Singing Bowl","floor":42.0},{"not_picked":["ThirdEye","Study+1","JustLucky+1"],"picked":"Singing Bowl","floor":45.0},{"not_picked":["EmptyMind+1","CrushJoints+1","InnerPeace+1"],"picked":"Singing Bowl","floor":47.0},{"not_picked":["JustLucky+1","Consecrate+1","CutThroughFate+1"],"picked":"Singing Bowl","floor":48}],"player_experience":1033051,"relics_obtained":[{"floor":6.0,"key":"Nunchaku"},{"floor":8.0,"key":"Meat on the Bone"},{"floor":9.0,"key":"Happy Flower"},{"floor":13.0,"key":"Singing Bowl"},{"floor":23.0,"key":"Mango"},{"floor":26.0,"key":"Anchor"},{"floor":42.0,"key":"Molten Egg 2"},{"floor":43.0,"key":"War Paint"},{"floor":47.0,"key":"GoldenEye"},{"floor":48,"key":"Potion Belt"}],"event_choices":[{"damage_healed":0.0,"max_hp_gain":0.0,"max_hp_loss":0.0,"gold_gain":0.0,"event_name":"Shining Light","player_choice":"Entered Light","floor":3.0,"gold_loss":0.0,"damage_taken":14.0,"cards_upgraded":["Vengeance","Strike_P"]},{"damage_healed":0.0,"max_hp_gain":0.0,"max_hp_loss":0.0,"gold_gain":0.0,"event_name":"FaceTrader","player_choice":"Trade","floor":10.0,"gold_loss":0.0,"damage_taken":0.0,"relics_obtained":["CultistMask"]},{"damage_healed":0.0,"max_hp_gain":0.0,"max_hp_loss":0.0,"gold_gain":0.0,"event_name":"Vampires","player_choice":"Ignored","floor":20.0,"gold_loss":0.0,"damage_taken":0.0},{"damage_healed":0.0,"max_hp_gain":0.0,"max_hp_loss":0.0,"gold_gain":0.0,"cards_transformed":["Strike_P"],"event_name":"Transmorgrifier","player_choice":"Transformed","floor":22.0,"gold_loss":0.0,"damage_taken":0.0,"cards_obtained":["EmptyFist"]},{"damage_healed":0.0,"max_hp_gain":5.0,"max_hp_loss":0.0,"gold_gain":0.0,"event_name":"Forgotten Altar","player_choice":"Shed Blood","floor":31.0,"gold_loss":0.0,"damage_taken":26.0},{"damage_healed":0.0,"max_hp_gain":0.0,"max_hp_loss":0.0,"gold_gain":0.0,"event_name":"Duplicator","player_choice":"Copied","floor":36.0,"gold_loss":0.0,"damage_taken":0.0,"cards_obtained":["Wallop"]},{"damage_healed":0.0,"max_hp_gain":0.0,"max_hp_loss":0.0,"gold_gain":0.0,"event_name":"MindBloom","player_choice":"Fight","floor":47.0,"gold_loss":0.0,"damage_taken":0.0}],"is_beta":false,"boss_relics":[{"not_picked":["Cursed Key","Ectoplasm"],"picked":"Velvet Choker"},{"not_picked":["Runic Pyramid","Astrolabe"],"picked":"SacredBark"}],"items_purged_floors":[2,29],"is_endless":false,"potions_floor_spawned":[1,4,21,23,33,39,45,47],"killed_by":"Awakened One","ascension_level":5}}