{"host":"hm3ikmf8oxbtqms2","time":1609631037,"event":{"mods":["BaseMod","Best Route Mod","Bestiary","Better Vampires","Block Reminder","Colored Map","Colored Powertips","Curses Come First","DeckTracker","Displayed Cursed Tome","Highlight Path","Minty Spire (QoL Compilation)","Quick Restart","StSLib"],"gold_per_floor":[110,110,75,75,75,116,139,170,216,15,15,35,35,78,78,78,78],"floor_reached":16,"playtime":920,"items_purged":[],"score":139,"play_id":"af665b85-d1c7-4780-a15f-476aaf72046c","local_time":"20210102184357","is_ascension_mode":true,"campfire_choices":[{"floor":13.0,"key":"REST"},{"data":"Catalyst","floor":15.0,"key":"SMITH"}],"circlet_count":0,"master_deck":["Strike_G","Strike_G+1","Strike_G","Strike_G","Strike_G","Defend_G","Defend_G","Defend_G+1","Defend_G","Defend_G","Survivor","Neutralize","Sucker Punch","Injury","Poisoned Stab","Blade Dance","Quick Slash","Corpse Explosion","Accuracy+1","Cloak And Dagger","Riddle With Holes","Catalyst+1"],"relics":["Ring of the Snake","The Specimen","Golden Idol","Anchor","Kunai","Snake Skull","Mercury Hourglass"],"acts_visited":["Exordium"],"potions_floor_usage":[],"damage_taken":[{"damage":11.0,"enemies":"Jaw Worm","floor":1.0,"turns":8.0},{"damage":21.0,"enemies":"Gremlin Nob","floor":6.0,"turns":5.0},{"damage":0.0,"enemies":"2 Louse","floor":7.0,"turns":3.0},{"damage":26.0,"enemies":"Lagavulin","floor":8.0,"turns":7.0},{"damage":0.0,"enemies":"Small Slimes","floor":12.0,"turns":2.0},{"damage":2.0,"enemies":"Gremlin Nob","floor":14.0,"turns":4.0},{"damage":38,"enemies":"Slime Boss","floor":16,"turns":3}],"seed_played":"8841226214957380271","potions_obtained":[{"floor":7.0,"key":"Block Potion"},{"floor":12.0,"key":"BlessingOfTheForge"}],"is_trial":false,"path_per_floor":["M","?","?","?","?","E","M","E","T","$","?","M","R","E","R","B"],"character_chosen":"THE_SILENT","items_purchased":["Corpse Explosion","Accuracy","Cloak And Dagger"],"campfire_rested":1,"item_purchase_floors":[10,10,10],"current_hp_per_floor":[38,24,41,41,64,43,43,17,17,17,17,17,38,36,36,0,0],"gold":78,"neow_bonus":"ONE_RARE_RELIC","is_daily":false,"chose_seed":false,"campfire_upgraded":1,"win_rate":0.0,"timestamp":1609631037,"path_taken":["M","?","?","?","?","E","M","E","T","?","?","?","R","E","R","BOSS"],"items_purchased_type":["Card","Card","Card"],"build_version":"2020-12-22","purchased_purges":0,"victory":false,"max_hp_per_floor":[70,70,70,70,70,70,70,70,70,70,70,70,70,70,70,70,70],"card_choices":[{"not_picked":["Deflect","Underhanded Strike"],"picked":"Sucker Punch","floor":1.0},{"not_picked":["Blade Dance","Sucker Punch"],"picked":"Poisoned Stab","floor":6.0},{"not_picked":["Dagger Throw","Prepared"],"picked":"Blade Dance","floor":7.0},{"not_picked":["Leg Sweep","Distraction"],"picked":"Quick Slash","floor":8.0},{"not_picked":["Distraction","Expertise"],"picked":"Riddle With Holes","floor":12.0},{"not_picked":["Underhanded Strike","Bane"],"picked":"Catalyst","floor":14.0}],"player_experience":262693,"relics_obtained":[{"floor":6.0,"key":"Anchor"},{"floor":8.0,"key":"Kunai"},{"floor":9.0,"key":"Snake Skull"},{"floor":14.0,"key":"Mercury Hourglass"}],"event_choices":[{"damage_healed":0.0,"max_hp_gain":0.0,"max_hp_loss":0.0,"gold_gain":0.0,"event_name":"Shining Light","player_choice":"Entered Light","floor":2.0,"gold_loss":0.0,"damage_taken":14.0,"cards_upgraded":["Strike_G","Defend_G"]},{"damage_healed":17.0,"max_hp_gain":0.0,"max_hp_loss":0.0,"gold_gain":0.0,"event_name":"The Cleric","player_choice":"Healed","floor":3.0,"gold_loss":35.0,"damage_taken":0.0},{"damage_healed":0.0,"max_hp_gain":0.0,"max_hp_loss":0.0,"gold_gain":0.0,"event_name":"Golden Idol","player_choice":"Take Wound","floor":4.0,"gold_loss":0.0,"damage_taken":0.0,"relics_obtained":["Golden Idol"],"cards_obtained":["Injury"]},{"damage_healed":23.0,"max_hp_gain":0.0,"max_hp_loss":0.0,"gold_gain":0.0,"event_name":"Big Fish","player_choice":"Banana","floor":5.0,"gold_loss":0.0,"damage_taken":0.0},{"damage_healed":0.0,"max_hp_gain":0.0,"max_hp_loss":0.0,"gold_gain":0.0,"event_name":"Upgrade Shrine","player_choice":"Upgraded","floor":11.0,"gold_loss":0.0,"damage_taken":0.0,"cards_upgraded":["Accuracy"]}],"is_beta":false,"boss_relics":[],"items_purged_floors":[],"is_endless":false,"potions_floor_spawned":[7,12],"killed_by":"Slime Boss","ascension_level":4}}