{"host":"baymyijz6sxaqj5s","time":1609612073,"event":{"mods":["AchievementEnabler","BaseMod","Colored Map","Colored Powertips","DeckTracker","Highlight Path","KOR Keyword Fix","Keyboard Shortcuts","Minty Spire (QoL Compilation)","Quick Restart","StSLib","SuperFastMode"],"gold_per_floor":[112,128,89,89,89,89,102,102,102,102,158,158,169,185,185,290,290,302,302,302,302],"floor_reached":20,"playtime":507,"items_purged":[],"score":162,"play_id":"1e6faf33-3f36-407f-b7e1-3607f92c1aec","local_time":"20210103032753","is_ascension_mode":false,"campfire_choices":[{"data":"Redo","floor":6,"key":"SMITH"},{"data":"Zap","floor":8,"key":"SMITH"},{"floor":12,"key":"REST"},{"floor":15,"key":"REST"}],"circlet_count":0,"master_deck":["Strike_B","Strike_B","Strike_B","Defend_B","Defend_B","Defend_B","Defend_B","Zap+1","Dualcast+1","Capacitor","Redo+1","Chaos","Sweeping Beam","Leap","Conserve Battery","Machine Learning","Hologram+1","Necronomicurse"],"relics":["Cracked Core","Kunai","Dead Branch","Inserter","Necronomicon"],"acts_visited":["Exordium","TheCity"],"potions_floor_usage":[20],"damage_taken":[{"damage":0,"enemies":"Cultist","floor":1,"turns":4},{"damage":9,"enemies":"2 Louse","floor":2,"turns":3},{"damage":3,"enemies":"Jaw Worm","floor":7,"turns":4},{"damage":36,"enemies":"3 Sentries","floor":11,"turns":9},{"damage":5,"enemies":"2 Fungi Beasts","floor":13,"turns":3},{"damage":0,"enemies":"3 Louse","floor":14,"turns":3},{"damage":66,"enemies":"The Guardian","floor":16,"turns":13},{"damage":3,"enemies":"Shell Parasite","floor":18,"turns":8},{"damage":63,"enemies":"Masked Bandits","floor":20,"turns":5}],"seed_played":"-1138583487387066945","potions_obtained":[{"floor":11,"key":"GamblersBrew"},{"floor":16,"key":"SkillPotion"}],"is_trial":false,"path_per_floor":["M","M","$","?","?","R","M","R","T","?","?","R","M","M","R","B",null,"M","?","?"],"character_chosen":"DEFECT","items_purchased":["Chaos"],"campfire_rested":2,"item_purchase_floors":[3],"current_hp_per_floor":[82,73,73,73,73,73,70,70,70,63,27,51,46,46,70,4,82,79,63,0,0],"gold":302,"neow_bonus":"TEN_PERCENT_HP_BONUS","is_daily":false,"chose_seed":false,"campfire_upgraded":2,"win_rate":0.0,"timestamp":1609612073,"path_taken":["M","M","$","?","?","R","M","R","T","?","?","R","?","M","R","BOSS","M","?","?"],"items_purchased_type":["Card"],"build_version":"2020-12-22","purchased_purges":0,"victory":false,"max_hp_per_floor":[82,82,82,82,82,82,82,82,82,82,82,82,82,82,82,82,82,82,82,82,82],"card_choices":[{"not_picked":["Barrage","Cold Snap"],"picked":"Capacitor","floor":1},{"not_picked":["Turbo","Cold Snap"],"picked":"Redo","floor":2},{"not_picked":["Creative AI","Gash","Static Discharge"],"picked":"SKIP","floor":7},{"not_picked":["Redo","Rip and Tear"],"picked":"Sweeping Beam","floor":11},{"not_picked":["Tempest","Hello World"],"picked":"Leap","floor":13},{"not_picked":["Reprogram","Go for the Eyes"],"picked":"Conserve Battery","floor":14},{"not_picked":["Seek","Fission"],"picked":"Machine Learning","floor":16},{"not_picked":["Sweeping Beam","Hello World"],"picked":"Hologram+1","floor":18}],"player_experience":297545,"relics_obtained":[{"floor":9,"key":"Kunai"},{"floor":11,"key":"Dead Branch"},{"floor":19,"key":"Necronomicon"}],"event_choices":[{"damage_healed":0,"gold_gain":0,"player_choice":"Grow","damage_taken":0,"max_hp_gain":0,"max_hp_loss":0,"event_name":"Living Wall","floor":4,"gold_loss":0,"cards_upgraded":["Dualcast"]},{"damage_healed":0,"gold_gain":0,"player_choice":"Ignored","damage_taken":0,"max_hp_gain":0,"max_hp_loss":0,"event_name":"Liars Game","floor":5,"gold_loss":0},{"cards_removed":["Strike_B"],"damage_healed":0,"gold_gain":0,"player_choice":"Card Removal","damage_taken":7,"max_hp_gain":0,"max_hp_loss":0,"event_name":"Golden Wing","floor":10,"gold_loss":0},{"damage_healed":0,"gold_gain":0,"player_choice":"Searched \u00271\u0027 times","damage_taken":0,"max_hp_gain":0,"max_hp_loss":0,"event_name":"Dead Adventurer","floor":11,"gold_loss":0},{"damage_healed":0,"gold_gain":0,"player_choice":"Obtained Book","damage_taken":16,"max_hp_gain":0,"max_hp_loss":0,"event_name":"Cursed Tome","floor":19,"gold_loss":0},{"damage_healed":0,"gold_gain":0,"player_choice":"Fought Bandits","damage_taken":0,"max_hp_gain":0,"max_hp_loss":0,"event_name":"Masked Bandits","floor":20,"gold_loss":0}],"is_beta":false,"boss_relics":[{"not_picked":["Tiny House","Calling Bell"],"picked":"Inserter"}],"items_purged_floors":[],"is_endless":false,"potions_floor_spawned":[11,16],"killed_by":"Masked Bandits","ascension_level":0}}