{"host":"mcdusr64esz012l0","time":1609552537,"event":{"mods":["BaseMod","Minty Spire (QoL Compilation)","Relic Stats"],"gold_per_floor":[111,130,53,53,70,70,100,100,127,127,127,152,164,184,184,262,262,279,289,289,176,188,188,208,208,208,208,128,144,144,144],"floor_reached":30,"playtime":1211,"items_purged":[],"score":520,"play_id":"3b47087e-7b76-413d-bee3-4ceeabffbe3b","local_time":"20210101205537","is_ascension_mode":true,"campfire_choices":[{"data":"EmptyFist","floor":6,"key":"SMITH"},{"floor":8,"key":"REST"},{"data":"Eruption","floor":10,"key":"SMITH"},{"floor":15,"key":"REST"},{"data":"Wireheading","floor":27,"key":"SMITH"}],"circlet_count":0,"master_deck":["AscendersBane","Strike_P","Defend_P","Defend_P","Defend_P","Eruption+1","Vigilance","FollowUp","Wireheading+1","EmptyFist+1","ThirdEye","EmptyBody","ClearTheMind","Consecrate","EmptyFist+1","CutThroughFate+1","Tantrum+1","InnerPeace"],"relics":["Busted Crown","Art of War","Vajra","Bronze Scales","Astrolabe","Nunchaku","StrikeDummy"],"acts_visited":["Exordium","TheCity"],"potions_floor_usage":[7,16,22,23],"damage_taken":[{"damage":4,"enemies":"Small Slimes","floor":1,"turns":4},{"damage":4,"enemies":"Jaw Worm","floor":2,"turns":6},{"damage":3,"enemies":"2 Louse","floor":5,"turns":3},{"damage":25,"enemies":"3 Sentries","floor":7,"turns":8},{"damage":8,"enemies":"Gremlin Nob","floor":12,"turns":3},{"damage":0,"enemies":"2 Fungi Beasts","floor":13,"turns":3},{"damage":2,"enemies":"Exordium Thugs","floor":14,"turns":2},{"damage":12,"enemies":"The Guardian","floor":16,"turns":6},{"damage":11,"enemies":"2 Thieves","floor":18,"turns":3},{"damage":0,"enemies":"Spheric Guardian","floor":19,"turns":1},{"damage":13,"enemies":"Shelled Parasite and Fungi","floor":22,"turns":3},{"damage":0,"enemies":"Slavers","floor":23,"turns":1},{"damage":0,"enemies":"Snecko","floor":24,"turns":3},{"damage":35,"enemies":"Snake Plant","floor":29,"turns":4},{"damage":41,"enemies":"Book of Stabbing","floor":30,"turns":3}],"seed_played":"5526268571265195056","potions_obtained":[{"floor":2,"key":"SteroidPotion"},{"floor":12,"key":"SmokeBomb"},{"floor":13,"key":"PowerPotion"},{"floor":18,"key":"Energy Potion"},{"floor":24,"key":"Ancient Potion"}],"is_trial":false,"path_per_floor":["M","M","$","?","M","R","E","R","T","R","T","E","M","M","R","B",null,"M","M","?","?","M","E","M","?","T","R","$","M","E"],"character_chosen":"WATCHER","items_purchased":["EmptyFist","ThirdEye","InnerPeace"],"campfire_rested":2,"item_purchase_floors":[3,3,28],"current_hp_per_floor":[57,53,53,46,43,43,18,38,38,38,38,30,30,28,48,36,60,49,49,30,30,17,17,17,73,73,73,73,38,0,0],"gold":144,"neow_bonus":"BOSS_RELIC","is_daily":false,"chose_seed":false,"campfire_upgraded":3,"win_rate":0.0,"timestamp":1609552537,"path_taken":["M","M","$","?","M","R","E","R","T","R","?","E","?","M","R","BOSS","M","M","?","?","?","E","M","?","T","R","$","M","E"],"items_purchased_type":["Card","Card","Card"],"build_version":"2020-12-22","purchased_purges":0,"victory":false,"max_hp_per_floor":[68,68,68,68,68,68,68,68,68,68,68,68,68,68,68,68,68,68,68,73,73,73,73,73,73,73,73,73,73,73,73],"relic_stats":{"Nunchaku":[3],"Busted Crown":26,"counters":[15,53],"Bronze Scales":[66],"Astrolabe":["EmptyFist","CutThroughFate","Vengeance"],"Art of War":[2],"obtain_stats":[{"Nunchaku":21,"Busted Crown":0,"Bronze Scales":12,"Astrolabe":17,"Vajra":9,"Art of War":7,"PureWater":0,"StrikeDummy":26},{"Nunchaku":10,"Busted Crown":0,"Bronze Scales":5,"Astrolabe":8,"Vajra":4,"Art of War":4,"PureWater":0,"StrikeDummy":13},{"Nunchaku":39,"Busted Crown":0,"Bronze Scales":24,"Astrolabe":35,"Vajra":21,"Art of War":21,"PureWater":0,"StrikeDummy":46}]},"card_choices":[{"not_picked":[],"picked":"FollowUp","floor":1},{"not_picked":[],"picked":"Wireheading","floor":2},{"not_picked":[],"picked":"EmptyBody","floor":5},{"not_picked":["Wireheading"],"picked":"SKIP","floor":7},{"not_picked":[],"picked":"ClearTheMind","floor":12},{"not_picked":[],"picked":"Consecrate","floor":13},{"not_picked":["Pray"],"picked":"SKIP","floor":14},{"not_picked":["Pray"],"picked":"SKIP","floor":14},{"not_picked":[],"picked":"Tantrum+1","floor":18},{"not_picked":["Fasting2"],"picked":"SKIP","floor":19},{"not_picked":["JustLucky"],"picked":"SKIP","floor":22},{"not_picked":["BowlingBash"],"picked":"SKIP","floor":24},{"not_picked":["FollowUp"],"picked":"SKIP","floor":29}],"player_experience":1030047,"relics_obtained":[{"floor":7,"key":"Art of War"},{"floor":9,"key":"Vajra"},{"floor":12,"key":"Bronze Scales"},{"floor":26,"key":"StrikeDummy"}],"event_choices":[{"cards_removed":["Strike_P"],"damage_healed":0,"gold_gain":0,"player_choice":"Card Removal","damage_taken":7,"max_hp_gain":0,"max_hp_loss":0,"event_name":"Golden Wing","floor":4,"gold_loss":0},{"damage_healed":0,"gold_gain":0,"player_choice":"Shed Blood","damage_taken":24,"max_hp_gain":5,"max_hp_loss":0,"event_name":"Forgotten Altar","floor":20,"gold_loss":0},{"damage_healed":0,"gold_gain":0,"player_choice":"Paid Gold","damage_taken":0,"relics_obtained":["Nunchaku"],"max_hp_gain":0,"max_hp_loss":0,"event_name":"WeMeetAgain","floor":21,"gold_loss":113},{"cards_removed":["Vengeance"],"damage_healed":56,"gold_gain":0,"player_choice":"Offered Uncommon","damage_taken":0,"max_hp_gain":0,"max_hp_loss":0,"event_name":"Bonfire Elementals","floor":25,"gold_loss":0}],"is_beta":false,"boss_relics":[{"not_picked":["Tiny House","Ectoplasm"],"picked":"Astrolabe"}],"items_purged_floors":[],"is_endless":false,"potions_floor_spawned":[2,12,13,14,18,24],"killed_by":"Book of Stabbing","ascension_level":20}}