{"host":"zxkjcgzis4pm3za5","time":1609563896,"event":{"mods":["AchievementEnabler","BaseMod","Colored Map","Colored Powertips","Minty Spire (QoL Compilation)","Quick Restart","RNG Fix","Random Character Button","StSLib"],"gold_per_floor":[219,230,203,203,215,215,240,252,252,252,262,262,295,311,311,411,411,421,438,363,379,379,411,411,442,442,459,459,478,478,478,478,478,478],"floor_reached":33,"playtime":1029,"items_purged":["Strike_G"],"score":475,"play_id":"80def672-9159-4389-ac49-c679fe379164","local_time":"20210102103456","is_ascension_mode":true,"campfire_choices":[{"data":"Masterful Stab","floor":6,"key":"SMITH"},{"data":"Terror","floor":10,"key":"SMITH"},{"data":"Blade Dance","floor":15,"key":"SMITH"},{"floor":24,"key":"REST"},{"floor":28,"key":"REST"},{"floor":30,"key":"REST"},{"data":"Glass Knife","floor":32,"key":"SMITH"}],"circlet_count":0,"master_deck":["AscendersBane","Strike_G","Strike_G","Strike_G","Strike_G","Defend_G","Defend_G","Defend_G","Defend_G","Defend_G","Survivor","Neutralize","Masterful Stab+1","Dagger Throw","Dagger Spray","Sucker Punch","Terror+1","Riddle With Holes","Blade Dance+1","Backflip","Glass Knife+1","Cloak And Dagger+1","Backstab","Endless Agony","Slice","PiercingWail","Blur"],"relics":["Ring of the Snake","Boot","Ancient Tea Set","Sundial","WristBlade","Prayer Wheel","Orichalcum","Bottled Lightning"],"acts_visited":["Exordium","TheCity"],"potions_floor_usage":[7,11,16,23,25,29],"damage_taken":[{"damage":0,"enemies":"Jaw Worm","floor":1,"turns":8},{"damage":0,"enemies":"2 Louse","floor":2,"turns":2},{"damage":0,"enemies":"Small Slimes","floor":5,"turns":2},{"damage":10,"enemies":"3 Sentries","floor":7,"turns":6},{"damage":6,"enemies":"Red Slaver","floor":8,"turns":3},{"damage":0,"enemies":"Exordium Thugs","floor":11,"turns":2},{"damage":25,"enemies":"Lagavulin","floor":13,"turns":4},{"damage":0,"enemies":"3 Louse","floor":14,"turns":2},{"damage":20,"enemies":"Hexaghost","floor":16,"turns":10},{"damage":0,"enemies":"3 Byrds","floor":18,"turns":2},{"damage":1,"enemies":"Chosen","floor":19,"turns":3},{"damage":19,"enemies":"Snake Plant","floor":21,"turns":3},{"damage":18,"enemies":"Slavers","floor":23,"turns":4},{"damage":5,"enemies":"Book of Stabbing","floor":25,"turns":2},{"damage":8,"enemies":"Centurion and Healer","floor":27,"turns":3},{"damage":17,"enemies":"Shelled Parasite and Fungi","floor":29,"turns":4},{"damage":79,"enemies":"Champ","floor":33,"turns":9}],"seed_played":"2369824322662419448","potions_obtained":[{"floor":2,"key":"FearPotion"},{"floor":5,"key":"Block Potion"},{"floor":13,"key":"SkillPotion"},{"floor":14,"key":"AttackPotion"},{"floor":18,"key":"Fire Potion"},{"floor":21,"key":"SteroidPotion"},{"floor":25,"key":"DuplicationPotion"},{"floor":27,"key":"Poison Potion"}],"is_trial":false,"path_per_floor":["M","M","$","?","M","R","E","M","T","R","M","$","E","M","R","B",null,"M","M","$","M","?","E","R","E","T","M","R","M","R","?","R","B"],"character_chosen":"THE_SILENT","items_purchased":["Dagger Spray"],"campfire_rested":3,"item_purchase_floors":[3],"current_hp_per_floor":[63,63,63,63,63,63,53,47,47,47,47,47,22,22,22,2,53,53,52,52,33,20,2,24,19,19,11,33,16,38,63,63,0,0],"gold":478,"neow_bonus":"HUNDRED_GOLD","is_daily":false,"chose_seed":false,"campfire_upgraded":4,"win_rate":0.0,"timestamp":1609563896,"path_taken":["M","M","$","?","M","R","E","M","T","R","M","$","E","M","R","BOSS","M","M","$","M","?","E","R","E","T","M","R","M","R","?","R","BOSS"],"items_purchased_type":["Card"],"build_version":"2020-12-22","purchased_purges":1,"victory":false,"max_hp_per_floor":[70,70,70,70,70,70,70,70,70,70,70,70,70,70,70,70,70,70,70,70,70,75,75,75,75,75,75,75,75,75,75,75,75,75],"card_choices":[{"not_picked":["Outmaneuver","Acrobatics"],"picked":"Masterful Stab","floor":1},{"not_picked":["Bane","Endless Agony"],"picked":"Dagger Throw","floor":2},{"not_picked":["Well Laid Plans","Blade Dance"],"picked":"Sucker Punch","floor":5},{"not_picked":["Deadly Poison","Doppelganger"],"picked":"Terror","floor":7},{"not_picked":["Distraction","Slice"],"picked":"Riddle With Holes","floor":8},{"not_picked":["Masterful Stab","Skewer","Distraction"],"picked":"SKIP","floor":11},{"not_picked":["Masterful Stab","Skewer","Distraction"],"picked":"SKIP","floor":11},{"not_picked":["Masterful Stab","Skewer","Distraction"],"picked":"SKIP","floor":11},{"not_picked":["Prepared","Blur"],"picked":"Blade Dance","floor":13},{"not_picked":["Endless Agony","Masterful Stab"],"picked":"Backflip","floor":14},{"not_picked":["Phantasmal Killer","Grand Finale"],"picked":"Glass Knife","floor":16},{"not_picked":["Noxious Fumes","Blur"],"picked":"Cloak And Dagger+1","floor":18},{"not_picked":["Infinite Blades","Underhanded Strike"],"picked":"Backstab","floor":19},{"not_picked":["Poisoned Stab","Backflip","Crippling Poison+1"],"picked":"SKIP","floor":21},{"not_picked":["Dagger Throw+1","Backflip"],"picked":"Endless Agony","floor":23},{"not_picked":["Eviscerate","Outmaneuver","Quick Slash"],"picked":"SKIP","floor":25},{"not_picked":["Dagger Throw","Dodge and Roll"],"picked":"Slice","floor":27},{"not_picked":["Flechettes","Deflect","Sucker Punch"],"picked":"SKIP","floor":27},{"not_picked":["Cloak And Dagger","Endless Agony"],"picked":"PiercingWail","floor":29},{"not_picked":["Unload","Backstab"],"picked":"Blur","floor":29}],"player_experience":175524,"relics_obtained":[{"floor":7,"key":"Boot"},{"floor":9,"key":"Ancient Tea Set"},{"floor":13,"key":"Sundial"},{"floor":23,"key":"Prayer Wheel"},{"floor":25,"key":"Orichalcum"},{"floor":26,"key":"Bottled Lightning"}],"event_choices":[{"damage_healed":0,"gold_gain":0,"player_choice":"Ignored","damage_taken":0,"max_hp_gain":0,"max_hp_loss":0,"event_name":"Liars Game","floor":4,"gold_loss":0},{"damage_healed":0,"gold_gain":0,"player_choice":"Shed Blood","damage_taken":18,"max_hp_gain":5,"max_hp_loss":0,"event_name":"Forgotten Altar","floor":22,"gold_loss":0},{"damage_healed":25,"gold_gain":0,"player_choice":"Heal","damage_taken":0,"max_hp_gain":0,"max_hp_loss":0,"event_name":"The Library","floor":31,"gold_loss":0}],"is_beta":false,"boss_relics":[{"not_picked":["SacredBark","Pandora\u0027s Box"],"picked":"WristBlade"}],"items_purged_floors":[20],"is_endless":false,"potions_floor_spawned":[2,5,13,14,18,21,25,27],"killed_by":"Champ","ascension_level":12}}