{"host":"dcj2yvrgcvh5dl2s","time":1609575302,"event":{"mods":["BaseMod","Better Note","Block Reminder","Colored Powertips","DeckTracker","Minty Spire (QoL Compilation)","Quick Restart","Rare Cards Sparkle","Relic Stats","StSLib"],"gold_per_floor":[113,9,26,26,101,135,153,164,191,226,242,242,242,275,275,347,347,347,347,347,6,6,6,6,6,6],"floor_reached":25,"playtime":481,"items_purged":["Strike_R","Writhe"],"score":574,"play_id":"6a459b4f-c7c5-425e-ae72-2425c2eb9360","local_time":"20210102181502","is_ascension_mode":true,"campfire_choices":[{"floor":12,"key":"REST"},{"data":"Body Slam","floor":15,"key":"SMITH"},{"floor":24,"key":"REST"}],"circlet_count":0,"master_deck":["AscendersBane","Defend_R","Defend_R","Defend_R","Defend_R","Bash","Body Slam+1","Shrug It Off","Cleave","Flex","Shrug It Off","Inflame","Double Tap","Body Slam+1","Offering","Heavy Blade","Flex","Bite","Bite","Bite","Bite","Bite","Feel No Pain"],"relics":["Burning Blood","NeowsBlessing","Akabeko","Art of War","Ancient Tea Set","Bottled Lightning","Ectoplasm","Mummified Hand","Vajra","Question Card"],"acts_visited":["Exordium","TheCity"],"potions_floor_usage":[10,16,23,23],"damage_taken":[{"damage":0,"enemies":"Cultist","floor":1,"turns":1},{"damage":0,"enemies":"Small Slimes","floor":3,"turns":1},{"damage":0,"enemies":"3 Sentries","floor":6,"turns":1},{"damage":0,"enemies":"2 Louse","floor":7,"turns":2},{"damage":0,"enemies":"2 Fungi Beasts","floor":8,"turns":2},{"damage":47,"enemies":"Lagavulin","floor":10,"turns":8},{"damage":13,"enemies":"3 Louse","floor":11,"turns":3},{"damage":0,"enemies":"Gremlin Nob","floor":14,"turns":2},{"damage":10,"enemies":"Slime Boss","floor":16,"turns":6},{"damage":27,"enemies":"Shell Parasite","floor":18,"turns":2},{"damage":26,"enemies":"Chosen","floor":20,"turns":5},{"damage":22,"enemies":"Gremlin Leader","floor":23,"turns":5},{"damage":57,"enemies":"Book of Stabbing","floor":25,"turns":4}],"seed_played":"5420112584710652068","potions_obtained":[{"floor":1,"key":"Strength Potion"},{"floor":10,"key":"Strength Potion"},{"floor":14,"key":"Weak Potion"},{"floor":18,"key":"DuplicationPotion"}],"is_trial":false,"path_per_floor":["M","$","M","?","?","E","M","M","T","E","M","R","?","E","R","B",null,"M","?","M","$","?","E","R","E"],"character_chosen":"IRONCLAD","items_purchased":["Shrug It Off","Heavy Blade","Vajra","Flex"],"campfire_rested":2,"item_purchase_floors":[2,21,21,21],"current_hp_per_floor":[74,74,75,68,57,63,69,75,75,34,27,49,49,55,55,51,69,48,48,28,28,28,26,41,0,0],"gold":6,"neow_bonus":"THREE_ENEMY_KILL","is_daily":false,"chose_seed":false,"campfire_upgraded":1,"win_rate":0.0,"timestamp":1609575302,"path_taken":["M","$","M","?","?","E","M","M","T","E","M","R","?","E","R","BOSS","M","?","M","$","?","E","R","E"],"items_purchased_type":["Card","Card","Relic","Card"],"build_version":"2020-12-22","purchased_purges":2,"victory":false,"max_hp_per_floor":[75,75,75,75,75,75,75,75,75,75,75,75,75,75,75,75,75,75,75,75,75,52,52,52,52,52],"relic_stats":{"counters":[13,42],"Mummified Hand":[4],"Ectoplasm":63,"Art of War":[2],"Question Card":0,"obtain_stats":[{"NeowsBlessing":0,"Mummified Hand":19,"Vajra":21,"Ectoplasm":17,"Art of War":9,"Bottled Lightning":14,"Ancient Tea Set":10,"Question Card":23,"Burning Blood":0,"Akabeko":6},{"NeowsBlessing":0,"Mummified Hand":10,"Vajra":11,"Ectoplasm":9,"Art of War":5,"Bottled Lightning":8,"Ancient Tea Set":6,"Question Card":12,"Burning Blood":0,"Akabeko":3},{"NeowsBlessing":0,"Mummified Hand":28,"Vajra":33,"Ectoplasm":26,"Art of War":7,"Bottled Lightning":20,"Ancient Tea Set":15,"Question Card":38,"Burning Blood":0,"Akabeko":3}],"Burning Blood":67},"card_choices":[{"not_picked":["Shockwave","Uppercut"],"picked":"Body Slam","floor":1},{"not_picked":["Thunderclap","Clash"],"picked":"Cleave","floor":3},{"not_picked":["Power Through","Pommel Strike"],"picked":"Flex","floor":6},{"not_picked":["Entrench","Warcry"],"picked":"Shrug It Off","floor":7},{"not_picked":["Twin Strike","True Grit"],"picked":"Inflame","floor":8},{"not_picked":["Battle Trance","Clothesline"],"picked":"Double Tap","floor":10},{"not_picked":["Dark Embrace","Clash"],"picked":"Body Slam","floor":11},{"not_picked":["Pommel Strike","Armaments","Perfected Strike"],"picked":"SKIP","floor":14},{"not_picked":["Double Tap","Bludgeon"],"picked":"Offering","floor":16},{"not_picked":["Perfected Strike","Flame Barrier","Warcry"],"picked":"SKIP","floor":18},{"not_picked":["Armaments","Twin Strike","Clash"],"picked":"SKIP","floor":20},{"not_picked":["Armaments","Thunderclap+1"],"picked":"Feel No Pain","floor":23}],"player_experience":2145642,"relics_obtained":[{"floor":6,"key":"Akabeko"},{"floor":9,"key":"Art of War"},{"floor":10,"key":"Ancient Tea Set"},{"floor":14,"key":"Bottled Lightning"},{"floor":23,"key":"Question Card"}],"event_choices":[{"cards_removed":["Strike_R"],"damage_healed":0,"gold_gain":0,"player_choice":"Card Removal","damage_taken":7,"max_hp_gain":0,"max_hp_loss":0,"event_name":"Golden Wing","floor":4,"gold_loss":0},{"damage_healed":0,"gold_gain":75,"player_choice":"Gather Gold","damage_taken":11,"max_hp_gain":0,"max_hp_loss":0,"event_name":"World of Goop","floor":5,"gold_loss":0},{"damage_healed":0,"gold_gain":0,"player_choice":"Grow","damage_taken":0,"max_hp_gain":0,"max_hp_loss":0,"event_name":"Living Wall","floor":13,"gold_loss":0,"cards_upgraded":["Body Slam"]},{"damage_healed":0,"gold_gain":0,"player_choice":"Opened","damage_taken":0,"relics_obtained":["Mummified Hand"],"max_hp_gain":0,"max_hp_loss":0,"event_name":"The Mausoleum","floor":19,"gold_loss":0,"cards_obtained":["Writhe"]},{"damage_healed":0,"gold_gain":0,"player_choice":"Became a vampire","damage_taken":0,"max_hp_gain":0,"max_hp_loss":23,"event_name":"Vampires","floor":22,"gold_loss":0,"cards_obtained":["Bite","Bite","Bite","Bite","Bite"]}],"is_beta":false,"boss_relics":[{"not_picked":["Snecko Eye","Runic Pyramid"],"picked":"Ectoplasm"}],"items_purged_floors":[2,21],"is_endless":false,"potions_floor_spawned":[1,10,14,18,20],"killed_by":"Book of Stabbing","ascension_level":18}}