{"host":"newqdrzxfhh2im9e","time":1609570188,"event":{"mods":["AchievementEnabler","BaseMod","BetterRewards","Block Reminder","Colored Map","Jorbs\u0027s Wanderer Trilogy","Minty Spire (QoL Compilation)","Rare Cards Sparkle","Shop Mod","StSLib"],"gold_per_floor":[117,135,135,135,153,186,206,225,225,225,268,281,325,339,339,460,460,479,510,39,39,39,39,39,39,39,43,43,87,102,133,133,133,133],"floor_reached":33,"playtime":1104,"items_purged":[],"score":381,"play_id":"a398e42c-a036-4fdb-adee-5146c5ea128e","local_time":"20210101224948","is_ascension_mode":true,"campfire_choices":[{"data":"Lockon","floor":10,"key":"SMITH"},{"floor":15,"key":"REST"},{"floor":23,"key":"REST"},{"data":"Amplify","floor":24,"key":"SMITH"},{"data":"Gash","floor":25,"key":"SMITH"},{"data":"Hello World","floor":28,"key":"SMITH"},{"floor":32,"key":"REST"}],"circlet_count":0,"master_deck":["Strike_B","Strike_B","Strike_B+1","Strike_B","Defend_B","Defend_B","Defend_B","Zap","Dualcast","Self Repair","White Noise+1","Undo","Capacitor","Genetic Algorithm","Lockon+1","Gash+1","Auto Shields","Amplify+1","Self Repair","Core Surge+1","CurseOfTheBell","Glacier+1","Hello World+1","Melter","Necronomicurse","Glacier","Static Discharge","Lockon","Storm","Core Surge","Go for the Eyes+1"],"relics":["Cracked Core","NeowsBlessing","Golden Idol","Cables","Bottled Lightning","Vajra","CaptainsWheel","Calling Bell","Art of War","Ornamental Fan","WingedGreaves","Red Mask","Whetstone","Pear","Necronomicon","Dream Catcher","Ancient Tea Set","Oddly Smooth Stone"],"acts_visited":["Exordium","TheCity"],"potions_floor_usage":[6,6,6,6,11,13,16,19,29,30,31],"damage_taken":[{"damage":0,"enemies":"Cultist","floor":1,"turns":1},{"damage":0,"enemies":"Jaw Worm","floor":2,"turns":1},{"damage":0,"enemies":"Small Slimes","floor":5,"turns":1},{"damage":15,"enemies":"Lagavulin","floor":6,"turns":5},{"damage":3,"enemies":"Blue Slaver","floor":7,"turns":3},{"damage":14,"enemies":"Exordium Wildlife","floor":8,"turns":4},{"damage":9,"enemies":"3 Sentries","floor":11,"turns":5},{"damage":7,"enemies":"Looter","floor":12,"turns":3},{"damage":20,"enemies":"Gremlin Nob","floor":13,"turns":4},{"damage":9,"enemies":"Lots of Slimes","floor":14,"turns":4},{"damage":39,"enemies":"The Guardian","floor":16,"turns":11},{"damage":6,"enemies":"Spheric Guardian","floor":18,"turns":4},{"damage":25,"enemies":"Masked Bandits","floor":19,"turns":5},{"damage":17,"enemies":"2 Thieves","floor":27,"turns":5},{"damage":55,"enemies":"Slavers","floor":29,"turns":5},{"damage":10,"enemies":"Centurion and Healer","floor":30,"turns":4},{"damage":34,"enemies":"Book of Stabbing","floor":31,"turns":6},{"damage":54,"enemies":"Collector","floor":33,"turns":8}],"seed_played":"-3783506449147771","potions_obtained":[{"floor":1,"key":"EntropicBrew"},{"floor":8,"key":"ColorlessPotion"},{"floor":12,"key":"Strength Potion"},{"floor":14,"key":"Block Potion"},{"floor":16,"key":"Swift Potion"},{"floor":27,"key":"AttackPotion"},{"floor":29,"key":"PowerPotion"},{"floor":30,"key":"Weak Potion"}],"is_trial":false,"path_per_floor":["M","M","?","?","M","E","M","M","T","R","E","M","E","M","R","B",null,"M","?","$","?","?","R","R","R","T","M","R","E","M","E","R","B"],"character_chosen":"DEFECT","items_purchased":["Whetstone","Pear","Melter"],"campfire_rested":3,"item_purchase_floors":[20,20,20],"current_hp_per_floor":[75,75,57,57,57,49,53,46,46,46,47,47,34,32,54,29,64,65,54,64,48,48,73,73,73,73,70,70,29,47,20,45,0,0],"gold":133,"neow_bonus":"THREE_ENEMY_KILL","is_daily":false,"chose_seed":false,"campfire_upgraded":4,"win_rate":0.0,"timestamp":1609570188,"path_taken":["M","?","?","?","M","E","M","M","T","R","E","M","E","M","R","BOSS","M","?","$","?","?","R","R","R","T","?","R","E","M","E","R","BOSS"],"items_purchased_type":["Relic","Relic","Card"],"build_version":"2020-12-22","purchased_purges":0,"victory":false,"max_hp_per_floor":[75,75,75,75,75,75,75,75,75,75,75,75,75,75,75,75,75,75,75,85,85,85,85,85,85,85,85,85,85,85,85,85,85,85],"card_choices":[{"not_picked":["Fusion","Rebound"],"picked":"Self Repair","floor":1},{"not_picked":["Auto Shields","Stack"],"picked":"White Noise","floor":2},{"not_picked":["BootSequence","Steam"],"picked":"Undo","floor":5},{"not_picked":["Coolheaded","BootSequence"],"picked":"Capacitor","floor":6},{"not_picked":["Cold Snap","Reinforced Body"],"picked":"Genetic Algorithm","floor":7},{"not_picked":["Streamline","Stack"],"picked":"Lockon","floor":8},{"not_picked":["Fusion","Undo"],"picked":"Gash","floor":11},{"not_picked":["Redo","White Noise"],"picked":"Auto Shields","floor":12},{"not_picked":["Stack","Chill"],"picked":"Amplify","floor":13},{"not_picked":["Chill","Compile Driver"],"picked":"Self Repair","floor":14},{"not_picked":["Multi-Cast","Reboot"],"picked":"Core Surge","floor":16},{"not_picked":["Stack","Turbo"],"picked":"Glacier+1","floor":18},{"not_picked":["Stack","Hologram"],"picked":"Hello World","floor":19},{"not_picked":["Sweeping Beam","Leap"],"picked":"Static Discharge","floor":27},{"not_picked":["Rebound","Stack"],"picked":"Lockon","floor":29},{"not_picked":["Static Discharge","Beam Cell"],"picked":"Storm","floor":30},{"not_picked":["Cold Snap","Genetic Algorithm"],"picked":"Core Surge","floor":31},{"not_picked":["Steam","Doom and Gloom"],"picked":"Go for the Eyes+1","floor":32}],"player_experience":671440,"relics_obtained":[{"floor":6,"key":"Cables"},{"floor":9,"key":"Bottled Lightning"},{"floor":11,"key":"Vajra"},{"floor":13,"key":"CaptainsWheel"},{"floor":17,"key":"Art of War"},{"floor":17,"key":"Ornamental Fan"},{"floor":17,"key":"WingedGreaves"},{"floor":19,"key":"Red Mask"},{"floor":21,"key":"Necronomicon"},{"floor":26,"key":"Dream Catcher"},{"floor":29,"key":"Ancient Tea Set"},{"floor":31,"key":"Oddly Smooth Stone"}],"event_choices":[{"damage_healed":0,"gold_gain":0,"player_choice":"Take Damage","damage_taken":18,"relics_obtained":["Golden Idol"],"max_hp_gain":0,"max_hp_loss":0,"event_name":"Golden Idol","floor":3,"gold_loss":0},{"damage_healed":0,"gold_gain":0,"player_choice":"Grow","damage_taken":0,"max_hp_gain":0,"max_hp_loss":0,"event_name":"Living Wall","floor":4,"gold_loss":0,"cards_upgraded":["White Noise"]},{"damage_healed":0,"gold_gain":0,"player_choice":"Fought Bandits","damage_taken":0,"max_hp_gain":0,"max_hp_loss":0,"event_name":"Masked Bandits","floor":19,"gold_loss":0},{"damage_healed":0,"gold_gain":0,"player_choice":"Obtained Book","damage_taken":16,"max_hp_gain":0,"max_hp_loss":0,"event_name":"Cursed Tome","floor":21,"gold_loss":0},{"damage_healed":0,"gold_gain":0,"cards_transformed":["Defend_B"],"player_choice":"Transformed","damage_taken":0,"max_hp_gain":0,"max_hp_loss":0,"event_name":"Transmorgrifier","floor":22,"gold_loss":0,"cards_obtained":["Glacier"]}],"is_beta":false,"boss_relics":[{"not_picked":["FrozenCore","Fusion Hammer"],"picked":"Calling Bell"}],"items_purged_floors":[],"is_endless":false,"potions_floor_spawned":[1,8,12,14,16,27,29,30],"killed_by":"Collector","ascension_level":5}}