{"host":"dtz8fhk52srfoofc","time":1609596271,"event":{"mods":["2.2 Compatiblity","AchievementEnabler","Aspiration","BaseMod","Beaked The Cultist","Better Altar","Better Match","Better Note","Better Sensory Stone","Better Third Choice","BetterRewards","Colored Map","Colored Powertips","Energized Spire","Gold Saver","Gremlin Skip","Highlight Path","Infinite Spire","Minty Spire (QoL Compilation)","Permanent Neow","Quick Restart","Rare Cards Sparkle","Remove Card Discount Mod","Shop Mod","Somnambulant","Spicy Shops","StSLib","Steal the Spire","The Wild Card","TheHero","Transform Curses","Unceasing Turn Reminder","everything is the same but u backflip on backflip"],"gold_per_floor":[112,21,32,32,32,32,0,0,75,75,93,93,116,156,156,279,279,300,324,324,339,264,264,277,277,300,300,318,278,278,301,301,429,429,444,457,382,382,407,407,28,42,42,61,85,85,6,6,6,6,6],"floor_reached":50,"playtime":4509,"items_purged":[],"score":490,"play_id":"5b9598d8-846d-4432-b3a9-22be11b9db7a","local_time":"20210102080430","is_ascension_mode":false,"campfire_choices":[{"floor":6,"key":"REST"},{"floor":8,"key":"REST"},{"floor":10,"key":"REST"},{"floor":12,"key":"REST"},{"floor":15,"key":"REST"},{"floor":23,"key":"REST"},{"floor":27,"key":"REST"},{"floor":30,"key":"REST"},{"floor":32,"key":"REST"},{"floor":40,"key":"REST"},{"floor":49,"key":"REST"}],"circlet_count":0,"master_deck":["somnambulantmod: SomnambulantStrike+1","somnambulantmod: SomnambulantStrike","somnambulantmod: SomnambulantStrike+1","somnambulantmod: SomnambulantStrike+1","somnambulantmod: Defend_Somnambulant+1","somnambulantmod: Defend_Somnambulant","somnambulantmod: Defend_Somnambulant+1","somnambulantmod: Defend_Somnambulant","somnambulantmod: Defend_Somnambulant+1","somnambulantmod: QuickNap","somnambulantmod: PrimingPunch","somnambulantmod: Pinch","somnambulantmod: Relive+1","somnambulantmod: Unmake","somnambulantmod: BadIdea","Enlightenment+1","somnambulantmod: Repression+1","somnambulantmod: RecurringDream+1","somnambulantmod: LeechFears","somnambulantmod: GalaxyBrain+1","somnambulantmod: HeadSmack+1","somnambulantmod: HorrificThought+1","infinitespire:Collect+1","somnambulantmod: Blink","somnambulantmod: MindWave","somnambulantmod: Stumble","somnambulantmod: Stimulus+1","infinitespire:Collect","somnambulantmod: SnuggleUp","somnambulantmod: Blink","somnambulantmod: ShowerThought+1","somnambulantmod: HeavyLids","somnambulantmod: SleepParalysis","somnambulantmod: Bruise+1","somnambulantmod: HorrificThought+1","somnambulantmod: PillowFort+1","somnambulantmod: InLimbo","somnambulantmod: LeechFears","somnambulantmod: HeavyLids","somnambulantmod: ImpenetrableMind","somnambulantmod: AllForNothing+1","somnambulantmod: RecurringDream","somnambulantmod: OpeningUp+1","somnambulantmod: Nosebleed+1","somnambulantmod: Bloom","Phantasmal Killer"],"relics":["somnambulantmod: DreamJournal","aspiration:Nostalgia","infinitespire:DarkRift","Golden Idol","Shuriken","Potion Belt","energizedSpire:OgreHead","Prayer Wheel","Regal Pillow","Busted Crown","Bronze Scales","somnambulantmod: RunicStrip","Gremlin Horn"],"acts_visited":["Exordium","TheCity","TheBeyond"],"potions_floor_usage":[14,21,28,33,36,42,45],"damage_taken":[{"damage":2,"enemies":"2 Louse","floor":1,"turns":4},{"damage":26,"enemies":"Jaw Worm","floor":3,"turns":5},{"damage":6,"enemies":"infinitespire:Voidling","floor":11,"turns":4},{"damage":12,"enemies":"Blue Slaver","floor":13,"turns":2},{"damage":3,"enemies":"3 Sentries","floor":14,"turns":4},{"damage":73,"enemies":"The Guardian","floor":16,"turns":11},{"damage":20,"enemies":"Shell Parasite","floor":18,"turns":6},{"damage":27,"enemies":"2 Thieves","floor":19,"turns":4},{"damage":32,"enemies":"Shelled Parasite and Fungi","floor":21,"turns":5},{"damage":33,"enemies":"Snecko","floor":24,"turns":5},{"damage":0,"enemies":"Sentry and Sphere","floor":28,"turns":3},{"damage":12,"enemies":"Snake Plant","floor":31,"turns":4},{"damage":39,"enemies":"Champ","floor":33,"turns":6},{"damage":1,"enemies":"Orb Walker","floor":35,"turns":2},{"damage":22,"enemies":"3 Darklings","floor":36,"turns":5},{"damage":15,"enemies":"4 Shapes","floor":42,"turns":3},{"damage":10,"enemies":"Spire Growth","floor":44,"turns":3},{"damage":43,"enemies":"Transient","floor":45,"turns":5},{"damage":95,"enemies":"Time Eater","floor":50,"turns":9}],"seed_played":"-1723408748496896077","potions_obtained":[{"floor":1,"key":"Fire Potion"},{"floor":3,"key":"Energy Potion"},{"floor":11,"key":"Regen Potion"},{"floor":19,"key":"BlessingOfTheForge"},{"floor":24,"key":"Explosive Potion"},{"floor":28,"key":"LiquidMemories"},{"floor":33,"key":"Fire Potion"},{"floor":36,"key":"Block Potion"},{"floor":44,"key":"AttackPotion"}],"is_trial":false,"path_per_floor":["M","$","M","$","?","R","?","R","T","R","M","R","M","E","R","B",null,"M","M","AVR","M","?","R","M","?","T","R","M","?","R","M","R","B",null,"M","M","?","?","T","R","$","M","T","M","M","?","$","?","R","B"],"character_chosen":"THE_SOMNAMBULANT","items_purchased":["somnambulantmod: Relive","somnambulantmod: Unmake","somnambulantmod: RunicStrip","somnambulantmod: InLimbo","somnambulantmod: LeechFears","somnambulantmod: Bloom"],"campfire_rested":11,"item_purchase_floors":[2,2,41,41,41,47],"current_hp_per_floor":[68,68,42,42,25,48,54,79,79,82,76,84,72,69,86,13,86,66,39,39,7,7,34,1,1,1,44,44,44,88,86,94,55,94,93,71,71,71,71,96,96,81,81,71,28,28,28,28,73,0,0],"gold":6,"neow_bonus":"NOSTALGIA","is_daily":false,"chose_seed":false,"campfire_upgraded":0,"win_rate":0.0,"timestamp":1609596270,"path_taken":["M","$","M","$","?","R","?","R","T","R","M","R","M","E","R","BOSS","M","M","AVR","M","?","R","M","?","T","R","?","?","R","M","R","BOSS","M","M","?","?","?","R","$","M","T","?","M","?","?","?","R","BOSS"],"items_purchased_type":["Card","Card","Relic","Card","Card","Card"],"build_version":"2020-12-22","purchased_purges":0,"victory":false,"max_hp_per_floor":[70,70,70,70,70,72,78,80,80,82,82,84,84,84,86,86,86,86,86,86,86,86,88,88,88,88,90,90,90,92,92,94,94,94,94,94,94,94,94,96,96,96,96,96,96,96,96,96,98,98,98],"card_choices":[{"not_picked":["somnambulantmod: ShimmeringVeil","somnambulantmod: Cower"],"picked":"somnambulantmod: Pinch","floor":1},{"not_picked":["somnambulantmod: Pinch","somnambulantmod: Nosebleed"],"picked":"somnambulantmod: BadIdea","floor":3},{"not_picked":["somnambulantmod: LeechFears","somnambulantmod: Cower"],"picked":"somnambulantmod: Repression","floor":11},{"not_picked":["somnambulantmod: MindWave","somnambulantmod: Cower"],"picked":"somnambulantmod: RecurringDream","floor":13},{"not_picked":["somnambulantmod: BrainFeeder","somnambulantmod: PillowFort"],"picked":"somnambulantmod: LeechFears","floor":14},{"not_picked":["somnambulantmod: Amnausea","somnambulantmod: Withdraw"],"picked":"somnambulantmod: GalaxyBrain","floor":16},{"not_picked":["somnambulantmod: BadIdea","somnambulantmod: Wake"],"picked":"somnambulantmod: HeadSmack+1","floor":18},{"not_picked":["somnambulantmod: Nosebleed","somnambulantmod: TrepanningBlow"],"picked":"somnambulantmod: HorrificThought+1","floor":19},{"not_picked":["somnambulantmod: Unmake+1","somnambulantmod: AllForNothing"],"picked":"somnambulantmod: Blink","floor":21},{"not_picked":["somnambulantmod: Trauma","somnambulantmod: Amnausea"],"picked":"somnambulantmod: MindWave","floor":21},{"not_picked":["somnambulantmod: GalaxyBrain","somnambulantmod: LeechFears+1"],"picked":"somnambulantmod: Stumble","floor":24},{"not_picked":["somnambulantmod: RecurringDream","somnambulantmod: LeechFears"],"picked":"somnambulantmod: Stimulus+1","floor":24},{"not_picked":["somnambulantmod: HorrificThought","somnambulantmod: BadIdea"],"picked":"somnambulantmod: SnuggleUp","floor":28},{"not_picked":["somnambulantmod: HeadSmack","somnambulantmod: Unknow+1"],"picked":"somnambulantmod: Blink","floor":28},{"not_picked":["somnambulantmod: Sleepyhead+1","somnambulantmod: Nosebleed"],"picked":"somnambulantmod: ShowerThought+1","floor":31},{"not_picked":["somnambulantmod: Stumble","somnambulantmod: DreamBig"],"picked":"somnambulantmod: HeavyLids","floor":31},{"not_picked":["somnambulantmod: Reinterpret","somnambulantmod: Narcolepsy"],"picked":"somnambulantmod: SleepParalysis","floor":33},{"not_picked":["somnambulantmod: BadIdea"],"picked":"SKIP","floor":35},{"not_picked":["somnambulantmod: Nosebleed"],"picked":"SKIP","floor":35},{"not_picked":[],"picked":"somnambulantmod: Bruise","floor":36},{"not_picked":[],"picked":"somnambulantmod: HorrificThought+1","floor":36},{"not_picked":[],"picked":"somnambulantmod: PillowFort+1","floor":37},{"not_picked":[],"picked":"somnambulantmod: HeavyLids","floor":42},{"not_picked":[],"picked":"somnambulantmod: ImpenetrableMind","floor":42},{"not_picked":[],"picked":"somnambulantmod: AllForNothing+1","floor":44},{"not_picked":[],"picked":"somnambulantmod: RecurringDream","floor":44},{"not_picked":[],"picked":"somnambulantmod: OpeningUp+1","floor":45},{"not_picked":[],"picked":"somnambulantmod: Nosebleed+1","floor":45}],"player_experience":192549,"relics_obtained":[{"floor":9,"key":"Shuriken"},{"floor":14,"key":"Potion Belt"},{"floor":26,"key":"Regal Pillow"},{"floor":39,"key":"Bronze Scales"},{"floor":43,"key":"Gremlin Horn"}],"event_choices":[{"damage_healed":0,"gold_gain":0,"player_choice":"Take Damage","damage_taken":17,"relics_obtained":["Golden Idol"],"max_hp_gain":0,"max_hp_loss":0,"event_name":"Golden Idol","floor":5,"gold_loss":0},{"damage_healed":0,"gold_gain":0,"player_choice":"RENOUNCE","damage_taken":32,"max_hp_gain":0,"max_hp_loss":0,"event_name":"betterThird:BetterSerpent","floor":7,"gold_loss":32,"cards_obtained":["Enlightenment"]},{"damage_healed":0,"gold_gain":0,"player_choice":"2","damage_taken":0,"max_hp_gain":0,"max_hp_loss":0,"event_name":"betterMatch:BetterMatch","floor":22,"gold_loss":0,"cards_obtained":[]},{"damage_healed":0,"gold_gain":0,"player_choice":"Copied","damage_taken":0,"max_hp_gain":0,"max_hp_loss":0,"event_name":"Duplicator","floor":25,"gold_loss":0,"cards_obtained":["infinitespire:Collect"]},{"damage_healed":0,"gold_gain":0,"player_choice":"Upgraded Two","damage_taken":0,"max_hp_gain":0,"max_hp_loss":0,"event_name":"Designer","floor":29,"gold_loss":40,"cards_upgraded":["somnambulantmod: SomnambulantStrike","somnambulantmod: SomnambulantStrike"]},{"damage_healed":0,"gold_gain":0,"player_choice":"2","damage_taken":0,"max_hp_gain":0,"max_hp_loss":0,"event_name":"betterMatch:BetterMatch","floor":37,"gold_loss":0,"cards_obtained":["betterMatch:UncommonCard"]},{"cards_removed":["somnambulantmod: SomnambulantStrike"],"damage_healed":0,"gold_gain":0,"player_choice":"Removed Attack","damage_taken":0,"max_hp_gain":0,"max_hp_loss":0,"event_name":"Falling","floor":46,"gold_loss":0},{"damage_healed":0,"gold_gain":0,"player_choice":"Random: Yellow","damage_taken":0,"max_hp_gain":0,"max_hp_loss":0,"event_name":"betterThird:BetterPortal","floor":48,"gold_loss":0},{"cards_removed":["somnambulantmod: SleepParalysis"],"damage_healed":0,"gold_gain":0,"player_choice":"Take \u0026 Give","damage_taken":0,"max_hp_gain":0,"max_hp_loss":0,"event_name":"betterNote:BetterNote","floor":48,"gold_loss":0,"cards_obtained":["Phantasmal Killer"]}],"is_beta":false,"boss_relics":[{"not_picked":["Astrolabe","aspiration:SecretTechniqueScroll"],"picked":"energizedSpire:OgreHead"},{"not_picked":["aspiration:FutureDiary","energizedSpire:DeadBattery"],"picked":"Busted Crown"}],"items_purged_floors":[],"is_endless":false,"potions_floor_spawned":[1,3,11,19,24,28,33,36,44],"killed_by":"Time Eater","ascension_level":0}}