{"host":"ao8ok4k25npyixk7","time":1609547329,"event":{"mods":["BaseMod","Colored Map","Minty Spire (QoL Compilation)"],"gold_per_floor":[109,109,124,124,21,21,21,49,74,107,107,124,165,190,190,275,275,297,323,332,232,241,241,264,264,264,264,264],"floor_reached":27,"playtime":964,"items_purged":["Strike_G","Catalyst"],"score":457,"play_id":"07a162dd-577c-4ac4-b618-9e210daac7d3","local_time":"20210102012849","is_ascension_mode":true,"campfire_choices":[{"data":"Noxious Fumes","floor":7,"key":"SMITH"},{"data":"Dagger Spray","floor":11,"key":"SMITH"},{"data":"Bouncing Flask","floor":15,"key":"SMITH"},{"floor":23,"key":"REST"},{"floor":25,"key":"REST"}],"circlet_count":0,"master_deck":["AscendersBane","Strike_G","Strike_G","Strike_G","Defend_G","Defend_G","Defend_G","Defend_G","Defend_G","Survivor","Neutralize","Noxious Fumes+1","Tools of the Trade","Dagger Spray+1","Prepared","Underhanded Strike","Dagger Throw","Bouncing Flask+1","Riddle With Holes","Deadly Poison","Phantasmal Killer","Underhanded Strike","Acrobatics","Caltrops","Backflip"],"relics":["Ring of the Snake","NeowsBlessing","Centennial Puzzle","Toy Ornithopter","Ninja Scroll","CeramicFish","HoveringKite","Tiny Chest"],"acts_visited":["Exordium","TheCity"],"potions_floor_usage":[10,16,16],"damage_taken":[{"damage":0,"enemies":"2 Louse","floor":1,"turns":1},{"damage":0,"enemies":"Cultist","floor":3,"turns":1},{"damage":0,"enemies":"Gremlin Nob","floor":8,"turns":1},{"damage":15,"enemies":"Lagavulin","floor":10,"turns":5},{"damage":0,"enemies":"Small Slimes","floor":12,"turns":2},{"damage":14,"enemies":"Gremlin Nob","floor":13,"turns":4},{"damage":1,"enemies":"3 Louse","floor":14,"turns":2},{"damage":28,"enemies":"Slime Boss","floor":16,"turns":9},{"damage":31,"enemies":"2 Thieves","floor":18,"turns":5},{"damage":17,"enemies":"Shell Parasite","floor":19,"turns":4},{"damage":28,"enemies":"Snecko","floor":24,"turns":6},{"damage":37,"enemies":"Book of Stabbing","floor":27,"turns":3}],"seed_played":"-9078801606365157435","potions_obtained":[{"floor":8,"key":"Poison Potion"},{"floor":10,"key":"EssenceOfSteel"},{"floor":12,"key":"Weak Potion"},{"floor":14,"key":"DuplicationPotion"}],"is_trial":false,"path_per_floor":["M","?","M","?","$","?","R","E","T","E","R","M","E","M","R","B",null,"M","M","?","$","?","R","M","R","T","E"],"character_chosen":"THE_SILENT","items_purchased":["Underhanded Strike"],"campfire_rested":2,"item_purchase_floors":[5],"current_hp_per_floor":[59,59,59,64,64,64,64,64,64,54,54,54,40,39,39,21,59,28,11,11,11,11,32,4,25,25,0,0],"gold":264,"neow_bonus":"THREE_ENEMY_KILL","is_daily":false,"chose_seed":false,"campfire_upgraded":3,"win_rate":0.0,"timestamp":1609547329,"path_taken":["M","?","?","?","$","?","R","E","T","E","R","M","E","M","R","BOSS","M","M","?","$","?","R","?","R","T","E"],"items_purchased_type":["Card"],"build_version":"2020-12-22","purchased_purges":2,"victory":false,"max_hp_per_floor":[66,66,66,71,71,71,71,71,71,71,71,71,71,71,71,71,71,71,71,71,71,71,71,71,71,71,71,71],"card_choices":[{"not_picked":["Sucker Punch","Predator"],"picked":"Noxious Fumes","floor":1},{"not_picked":["Flying Knee","Concentrate"],"picked":"Prepared","floor":3},{"not_picked":["Heel Hook","A Thousand Cuts"],"picked":"Dagger Throw","floor":8},{"not_picked":["Expertise","Flechettes","Dagger Spray"],"picked":"SKIP","floor":10},{"not_picked":["Slice","Concentrate"],"picked":"Bouncing Flask","floor":12},{"not_picked":["Prepared","Deflect"],"picked":"Riddle With Holes","floor":13},{"not_picked":["Poisoned Stab","Dodge and Roll"],"picked":"Deadly Poison","floor":14},{"not_picked":["Unload","Tools of the Trade"],"picked":"Phantasmal Killer","floor":16},{"not_picked":["Leg Sweep","Crippling Poison"],"picked":"Catalyst","floor":18},{"not_picked":["Expertise","PiercingWail"],"picked":"Underhanded Strike","floor":19},{"not_picked":["Setup","Footwork"],"picked":"Backflip","floor":24}],"player_experience":251584,"relics_obtained":[{"floor":8,"key":"Centennial Puzzle"},{"floor":9,"key":"Toy Ornithopter"},{"floor":10,"key":"Ninja Scroll"},{"floor":13,"key":"CeramicFish"},{"floor":26,"key":"Tiny Chest"}],"event_choices":[{"damage_healed":0,"gold_gain":0,"player_choice":"2 cards matched","damage_taken":0,"max_hp_gain":0,"max_hp_loss":0,"event_name":"Match and Keep!","floor":2,"gold_loss":0,"cards_obtained":["Tools of the Trade","Dagger Spray"]},{"damage_healed":0,"gold_gain":0,"player_choice":"Donut","damage_taken":0,"max_hp_gain":5,"max_hp_loss":0,"event_name":"Big Fish","floor":4,"gold_loss":0},{"damage_healed":0,"gold_gain":0,"player_choice":"Ignored","damage_taken":0,"max_hp_gain":0,"max_hp_loss":0,"event_name":"Liars Game","floor":6,"gold_loss":0},{"damage_healed":0,"gold_gain":0,"player_choice":"Read","damage_taken":0,"max_hp_gain":0,"max_hp_loss":0,"event_name":"The Library","floor":20,"gold_loss":0,"cards_obtained":["Acrobatics"]},{"damage_healed":0,"gold_gain":0,"cards_transformed":["Strike_G"],"player_choice":"Transformed","damage_taken":0,"max_hp_gain":0,"max_hp_loss":0,"event_name":"Transmorgrifier","floor":22,"gold_loss":0,"cards_obtained":["Caltrops"]}],"is_beta":false,"boss_relics":[{"not_picked":["Snecko Eye","Tiny House"],"picked":"HoveringKite"}],"items_purged_floors":[5,21],"is_endless":false,"potions_floor_spawned":[8,10,12,14],"killed_by":"Book of Stabbing","ascension_level":16}}