{"host":"at64dhdf9kc8hjax","time":1609575761,"event":{"mods":["Act Like it!","BaseMod","Dota2Spire","Friendly Minions","Gensokyo","Highlight Path","Minty Spire (QoL Compilation)","Quick Restart","RumiaBox-露米娅的神秘盒子","Spicy Shops","StSLib","SuperFastMode","【遗物卡牌】REMEMod"],"gold_per_floor":[110,110,110,27,45,45,56,56,83,83,111,61,61,90,90,195,195,209,223,223,223,235,285,285,52,52,102,120,120,445,478,478,581,581,598,648,22,34,138,138,183,183,207,240,290,323,31,51,51,51],"floor_reached":51,"playtime":3283,"items_purged":["Regret"],"score":1317,"play_id":"ad42c641-1538-4344-aedc-1b18ee90ae18","local_time":"20210102162241","is_ascension_mode":true,"campfire_choices":[{"data":"Prepared","floor":6.0,"key":"SMITH"},{"data":"Neutralize","floor":8.0,"key":"SMITH"},{"data":"Well Laid Plans","floor":10.0,"key":"SMITH"},{"data":"REME_ShadowStrike","floor":13.0,"key":"SMITH"},{"data":"Survivor","floor":15.0,"key":"SMITH"},{"data":"Prepared","floor":24.0,"key":"SMITH"},{"data":"Acrobatics","floor":29.0,"key":"SMITH"},{"floor":32.0,"key":"REST"},{"data":"Venomology","floor":40,"key":"SMITH"},{"data":"Calculated Gamble","floor":42,"key":"SMITH"},{"data":"Backstab","floor":49,"key":"SMITH"}],"circlet_count":0,"master_deck":["AscendersBane","Strike_G+1","Strike_G+1","Strike_G+1","Strike_G+1","Defend_G+1","Defend_G+1","Defend_G+1","Defend_G+1","Survivor+1","Neutralize+1","REME_GreenPollution","Calculated Gamble+1","REME_ShadowStrike+1","Prepared+1","Well Laid Plans+1","Escape Plan","Backstab+1","Prepared+1","Acrobatics+1","REME_GreenPollution","Venomology+1","Backflip+1","Prepared+1"],"relics":["Ring of the Snake","REME_ComplimentaryCards","ZombieArmy","Juzu Bracelet","REME_HourglassOfDeath","Odd Mushroom","SlaversCollar","Nilry\u0027s Codex","SsserpentHead","MealTicket","Matryoshka","SoulBox","Dota2Spire:Dagon","Pocketwatch","Dota2Spire:PowerTreads","Nunchaku","Kunai","Vajra","Dota2Spire:PhaseBoots","Dota2Spire:Vanguard"],"acts_visited":["Exordium","TheCity","TheBeyond"],"potions_floor_usage":[39,41,41,46,48,50,50],"damage_taken":[{"damage":4.0,"enemies":"Jaw Worm","floor":1.0,"turns":5.0},{"damage":5.0,"enemies":"Small Slimes","floor":5.0,"turns":5.0},{"damage":0.0,"enemies":"2 Louse","floor":7.0,"turns":2.0},{"damage":2.0,"enemies":"Lagavulin","floor":11.0,"turns":4.0},{"damage":4.0,"enemies":"The Mushroom Lair","floor":14.0,"turns":4.0},{"damage":0.0,"enemies":"Hexaghost","floor":16.0,"turns":7.0},{"damage":5.0,"enemies":"Spheric Guardian","floor":18.0,"turns":4.0},{"damage":11.0,"enemies":"2 Thieves","floor":19.0,"turns":3.0},{"damage":25.0,"enemies":"Centurion and Healer","floor":22.0,"turns":5.0},{"damage":2.0,"enemies":"Snecko","floor":28.0,"turns":4.0},{"damage":0.0,"enemies":"Book of Stabbing","floor":31.0,"turns":2.0},{"damage":2.0,"enemies":"Champ","floor":33.0,"turns":5.0},{"damage":3.0,"enemies":"3 Shapes","floor":35.0,"turns":3.0},{"damage":1.0,"enemies":"3 Darklings","floor":38.0,"turns":2.0},{"damage":2,"enemies":"2 Orb Walkers","floor":39,"turns":3},{"damage":7,"enemies":"Jaw Worm Horde","floor":41,"turns":4},{"damage":16,"enemies":"Nemesis","floor":44,"turns":5},{"damage":0,"enemies":"Reptomancer","floor":46,"turns":2},{"damage":0,"enemies":"Maw","floor":48,"turns":3},{"damage":10,"enemies":"Awakened One","floor":50,"turns":4}],"seed_played":"6086625438935878324","potions_obtained":[{"floor":7.0,"key":"DistilledChaos"},{"floor":14.0,"key":"Poison Potion"},{"floor":16.0,"key":"Swift Potion"},{"floor":18.0,"key":"DuplicationPotion"},{"floor":22.0,"key":"ColorlessPotion"},{"floor":31.0,"key":"Ancient Potion"},{"floor":33.0,"key":"Strength Potion"},{"floor":38.0,"key":"Strength Potion"},{"floor":39,"key":"REME_GoldPotion"},{"floor":46,"key":"Regen Potion"}],"is_trial":false,"path_per_floor":["M","?","?","$","M","R","M","R","T","R","E","?","R","?","R","B",null,"M","M","?","?","M","?","R","$","T","?","M","R","?","E","R","B",null,"M","?","$","M","?","R","M","R","T","E","?","E","$","M","R","B",null],"character_chosen":"THE_SILENT","items_purchased":["REME_ShadowStrike","Prepared","Acrobatics","REME_GreenPollution","Dota2Spire:Dagon","Dota2Spire:PhaseBoots","Dota2Spire:Vanguard"],"campfire_rested":1,"item_purchase_floors":[4,4,25,25,37,47,47],"current_hp_per_floor":[66,66,66,66,61,61,61,61,61,61,59,59,59,55,55,55,72,67,56,40,40,15,15,15,15,15,15,13,13,13,13,36,34,66,63,63,77,76,74,74,67,67,67,51,51,51,66,73,73,72],"gold":51,"neow_bonus":"TEN_PERCENT_HP_BONUS","is_daily":false,"chose_seed":false,"campfire_upgraded":10,"win_rate":0.0,"timestamp":1609575761,"path_taken":["M","?","?","?","M","R","?","R","T","R","E","?","R","?","R","BOSS","M","M","?","?","M","?","R","$","T","?","M","R","?","E","R","BOSS","M","?","$","M","?","R","M","R","T","E","?","E","$","M","R","BOSS"],"items_purchased_type":["Card","Card","Card","Card","Relic","Relic","Relic"],"build_version":"2020-12-22","purchased_purges":1,"victory":true,"max_hp_per_floor":[77,77,77,77,77,77,77,77,77,77,77,77,77,77,77,77,77,77,77,77,77,77,77,77,77,77,77,77,77,77,77,77,77,77,77,77,77,77,77,77,77,77,77,77,73,73,73,73,73,73],"card_choices":[{"not_picked":["Flechettes","Expertise"],"picked":"Calculated Gamble","floor":1.0},{"not_picked":["Masterful Stab","Blade Dance","Flying Knee"],"picked":"SKIP","floor":5.0},{"not_picked":["Dodge and Roll","Flying Knee"],"picked":"Well Laid Plans","floor":7.0},{"not_picked":["Unload","Cloak And Dagger"],"picked":"Escape Plan","floor":11.0},{"not_picked":["Dagger Throw","Acrobatics"],"picked":"Backstab","floor":18.0},{"not_picked":["Dagger Spray","Cloak And Dagger","Quick Slash"],"picked":"SKIP","floor":19.0},{"not_picked":["Deadly Poison","Deflect"],"picked":"Prepared","floor":22.0},{"not_picked":["Cloak And Dagger+1","REME_SpectralBlade","Deadly Poison"],"picked":"SKIP","floor":28.0},{"not_picked":["Calculated Gamble","Poisoned Stab","Flying Knee"],"picked":"SKIP","floor":31.0},{"not_picked":["Wraith Form v2","A Thousand Cuts"],"picked":"Venomology","floor":33.0},{"not_picked":["Escape Plan","Quick Slash+1","Endless Agony"],"picked":"SKIP","floor":35.0},{"not_picked":["Blade Dance+1","Deflect","Dagger Throw"],"picked":"SKIP","floor":38.0},{"not_picked":["Leg Sweep","Deflect"],"picked":"Backflip+1","floor":39},{"not_picked":["Flechettes+1","Backflip","Poisoned Stab+1"],"picked":"SKIP","floor":41},{"not_picked":["Bouncing Flask","Bane","Dagger Throw"],"picked":"SKIP","floor":44},{"not_picked":["Acrobatics","Well Laid Plans+1","Backflip"],"picked":"SKIP","floor":46},{"not_picked":["Poisoned Stab","Sucker Punch"],"picked":"Prepared+1","floor":48}],"player_experience":229067,"relics_obtained":[{"floor":9.0,"key":"Juzu Bracelet"},{"floor":11.0,"key":"REME_HourglassOfDeath"},{"floor":14.0,"key":"Odd Mushroom"},{"floor":20.0,"key":"Nilry\u0027s Codex"},{"floor":26.0,"key":"MealTicket"},{"floor":31.0,"key":"Matryoshka"},{"floor":39,"key":"Pocketwatch"},{"floor":43,"key":"Dota2Spire:PowerTreads"},{"floor":43,"key":"Nunchaku"},{"floor":44,"key":"Kunai"},{"floor":46,"key":"Vajra"}],"event_choices":[{"damage_healed":0.0,"max_hp_gain":0.0,"max_hp_loss":0.0,"gold_gain":0.0,"event_name":"Big Fish","player_choice":"Box","floor":2.0,"gold_loss":0.0,"damage_taken":0.0,"relics_obtained":["ZombieArmy"],"cards_obtained":["Regret"]},{"cards_removed":["Regret"],"damage_healed":0.0,"max_hp_gain":0.0,"max_hp_loss":0.0,"gold_gain":0.0,"event_name":"Living Wall","player_choice":"Forget","floor":3.0,"gold_loss":0.0,"damage_taken":0.0},{"cards_removed":["Strike_G"],"damage_healed":0.0,"max_hp_gain":0.0,"max_hp_loss":0.0,"gold_gain":0.0,"event_name":"The Cleric","player_choice":"Card Removal","floor":12.0,"gold_loss":50.0,"damage_taken":0.0},{"damage_healed":0.0,"max_hp_gain":0.0,"max_hp_loss":0.0,"gold_gain":0.0,"event_name":"Mushrooms","player_choice":"Fought Mushrooms","floor":14.0,"gold_loss":0.0,"damage_taken":0.0},{"damage_healed":0.0,"max_hp_gain":0.0,"max_hp_loss":0.0,"gold_gain":0.0,"event_name":"Cursed Tome","player_choice":"Obtained Book","floor":20.0,"gold_loss":0.0,"damage_taken":16.0},{"damage_healed":0.0,"max_hp_gain":0.0,"max_hp_loss":0.0,"gold_gain":0.0,"event_name":"FaceTrader","player_choice":"Trade","floor":21.0,"gold_loss":0.0,"damage_taken":0.0,"relics_obtained":["SsserpentHead"]},{"damage_healed":0.0,"max_hp_gain":0.0,"max_hp_loss":0.0,"gold_gain":0.0,"event_name":"Back to Basics","player_choice":"Simplicity","floor":23.0,"gold_loss":0.0,"damage_taken":0.0,"cards_upgraded":["Strike_G","Strike_G","Strike_G","Strike_G","Defend_G","Defend_G","Defend_G","Defend_G","Defend_G"]},{"damage_healed":0.0,"max_hp_gain":0.0,"max_hp_loss":0.0,"gold_gain":0.0,"event_name":"Vampires","player_choice":"Ignored","floor":27.0,"gold_loss":0.0,"damage_taken":0.0},{"damage_healed":0.0,"max_hp_gain":0.0,"max_hp_loss":0.0,"gold_gain":275.0,"event_name":"Golden Shrine","player_choice":"Desecrate","floor":30.0,"gold_loss":0.0,"damage_taken":0.0,"cards_obtained":["Regret"]},{"cards_removed":["Defend_G"],"damage_healed":0.0,"max_hp_gain":0.0,"max_hp_loss":0.0,"gold_gain":0.0,"event_name":"Falling","player_choice":"Removed Skill","floor":36.0,"gold_loss":0.0,"damage_taken":0.0},{"damage_healed":0,"gold_gain":0,"player_choice":"Fight","damage_taken":0,"max_hp_gain":0,"max_hp_loss":0,"event_name":"Mysterious Sphere","floor":39,"gold_loss":0},{"damage_healed":0,"gold_gain":0,"player_choice":"Max HP","damage_taken":0,"max_hp_gain":0,"max_hp_loss":4,"event_name":"Winding Halls","floor":45,"gold_loss":0}],"is_beta":false,"boss_relics":[{"not_picked":["REME_DemonsWealth","EasyGame_NEW"],"picked":"SlaversCollar"},{"not_picked":["WristBlade","Cursed Key"],"picked":"SoulBox"}],"items_purged_floors":[37],"is_endless":false,"potions_floor_spawned":[7,14,16,18,22,31,33,38,39,44,46],"ascension_level":12}}