{"host":"q6xhjok4lopoz8jb","time":1609627224,"event":{"mods":["AchievementEnabler","Act Like it!","BaseMod","Better Match","Better Sensory Stone","Better Skull","Hallownest","Hermit","Minty Spire (QoL Compilation)","StSLib","The Cursed"],"gold_per_floor":[118,118,137,149,168,194,206,206,252,266,284,301,74,74,74,176,176,186,186,206,206,218,218,218,249,319,319,329,349,367,377,377,475,475,489,489,489],"floor_reached":36,"playtime":3069,"items_purged":["hermit:OverwhelmingPower"],"score":392,"play_id":"e8d5a624-6554-4603-bbe0-038e37d24e2f","local_time":"20210102224024","is_ascension_mode":false,"campfire_choices":[{"floor":8,"key":"REST"},{"floor":15,"key":"REST"},{"floor":23,"key":"REST"},{"floor":27,"key":"REST"},{"data":"hermit:EternalForm","floor":32,"key":"SMITH"}],"circlet_count":0,"master_deck":["hermit:Strike_Hermit","hermit:Strike_Hermit","hermit:Strike_Hermit","hermit:Defend_Hermit","hermit:Defend_Hermit","hermit:Defend_Hermit","hermit:Snapshot","hermit:TrackingShot","hermit:Ricochet","hermit:Brawl","hermit:Headshot","hermit:EternalForm+1","hermit:BigShot","hermit:Roulette","hermit:TakeAim","hermit:Horror","hermit:BlackWind","hermit:Glare+1","hermit:NoHoldsBarred","hermit:CalledShot+1","hermit:Headshot","hermit:Brawl","hermit:LowProfile","hermit:Quickdraw","hermit:Malice","hermit:RoundhouseKick","hermit:Brawl"],"relics":["hermit:Momento","NeowsBlessing","Lizard Tail","hermit:RyeStalk","Toy Ornithopter","Black Star","Red Mask","Anchor","Bottled Tornado","Sundial","Empty Cage"],"acts_visited":["Exordium","Exordium","Hallownest:CityofTears"],"potions_floor_usage":[12,16,16,18,25,30,33,33,36],"damage_taken":[{"damage":0,"enemies":"Small Slimes","floor":1,"turns":1},{"damage":0,"enemies":"Cultist","floor":3,"turns":1},{"damage":0,"enemies":"Jaw Worm","floor":4,"turns":1},{"damage":6,"enemies":"2 Fungi Beasts","floor":5,"turns":3},{"damage":30,"enemies":"3 Sentries","floor":6,"turns":6},{"damage":10,"enemies":"Looter","floor":7,"turns":2},{"damage":10,"enemies":"3 Louse","floor":10,"turns":3},{"damage":16,"enemies":"Exordium Wildlife","floor":11,"turns":4},{"damage":6,"enemies":"2 Fungi Beasts","floor":12,"turns":2},{"damage":47,"enemies":"Hexaghost","floor":16,"turns":6},{"damage":25,"enemies":"Hallownest:2_Mistakes","floor":18,"turns":3},{"damage":41,"enemies":"Hallownest:3_Youths","floor":20,"turns":7},{"damage":7,"enemies":"Hallownest:monsterMisterMushroom","floor":22,"turns":5},{"damage":21,"enemies":"Hallownest:Nosk","floor":25,"turns":6},{"damage":12,"enemies":"Hallownest:Warrior_and_Youth","floor":28,"turns":5},{"damage":38,"enemies":"Hallownest:2_Flukemon","floor":29,"turns":5},{"damage":0,"enemies":"Hallownest:monsterShrumalOgre","floor":30,"turns":2},{"damage":14,"enemies":"Hallownest:2_Husk_Sentries","floor":31,"turns":5},{"damage":39,"enemies":"Hallownest:BossSoulMaster","floor":33,"turns":6},{"damage":27,"enemies":"Hallownest:2_Littles","floor":35,"turns":4},{"damage":19,"enemies":"Hallownest:2_Littles","floor":36,"turns":4},{"damage":32,"enemies":"Hallownest:2_Littles","floor":36,"turns":5},{"damage":8,"enemies":"Hallownest:2_Littles","floor":36,"turns":2}],"seed_played":"8969199677881221940","potions_obtained":[{"floor":3,"key":"ColorlessPotion"},{"floor":6,"key":"BlessingOfTheForge"},{"floor":12,"key":"DuplicationPotion"},{"floor":16,"key":"hermit:Eclipse"},{"floor":20,"key":"BlessingOfTheForge"},{"floor":22,"key":"AttackPotion"},{"floor":25,"key":"SpeedPotion"},{"floor":28,"key":"BlessingOfTheForge"},{"floor":33,"key":"Dexterity Potion"}],"is_trial":false,"path_per_floor":["M","?","M","M","M","E","M","R","T","M","M","M","$","?","R","B",null,"M","?","M","?","M","R","?","E","T","R","M","M","M","M","R","B",null,"M","?"],"character_chosen":"HERMIT","items_purchased":["Toy Ornithopter"],"campfire_rested":4,"item_purchase_floors":[13],"current_hp_per_floor":[75,75,75,75,69,39,29,51,51,41,25,19,19,24,48,11,80,55,55,14,14,7,31,45,29,29,53,41,3,8,40,40,11,80,53,0,0],"gold":489,"neow_bonus":"THREE_ENEMY_KILL","is_daily":false,"chose_seed":false,"campfire_upgraded":1,"win_rate":0.0,"timestamp":1609627224,"path_taken":["M","?","?","M","M","E","M","R","T","M","M","M","$","?","R","BOSS","M","?","M","?","M","R","?","E","T","R","M","M","M","M","R","BOSS","M","?"],"items_purchased_type":["Relic"],"build_version":"2020-12-22","purchased_purges":1,"victory":false,"max_hp_per_floor":[75,75,75,75,75,75,75,75,75,75,75,75,75,80,80,80,80,80,80,80,80,80,80,80,80,80,80,80,80,80,80,80,80,80,80,80,80],"card_choices":[{"not_picked":["hermit:Snipe","hermit:Roulette"],"picked":"hermit:TrackingShot","floor":1},{"not_picked":["hermit:TrackingShot","hermit:HoleUp"],"picked":"hermit:Ricochet","floor":3},{"not_picked":["hermit:Feint","hermit:BodyArmor"],"picked":"hermit:Brawl","floor":4},{"not_picked":["hermit:Glare","hermit:ItchyTrigger"],"picked":"hermit:Headshot","floor":5},{"not_picked":["hermit:Scavenge","hermit:Brawl"],"picked":"hermit:EternalForm","floor":6},{"not_picked":["hermit:Gestalt","hermit:Cheat"],"picked":"hermit:BigShot","floor":7},{"not_picked":["hermit:Virtue","hermit:Dive"],"picked":"hermit:Roulette","floor":10},{"not_picked":["hermit:Midnight","hermit:Cheat"],"picked":"hermit:TakeAim","floor":11},{"not_picked":["hermit:BodyArmor","hermit:Midnight"],"picked":"hermit:Horror","floor":12},{"not_picked":["hermit:Reprieve","hermit:FromBeyond"],"picked":"hermit:BlackWind","floor":16},{"not_picked":["hermit:CalledShot","hermit:TrackingShot"],"picked":"hermit:Glare+1","floor":18},{"not_picked":["hermit:WideOpen","hermit:TakeCover"],"picked":"hermit:NoHoldsBarred","floor":20},{"not_picked":["hermit:Desperado","hermit:HoleUp"],"picked":"hermit:CalledShot+1","floor":21},{"not_picked":["hermit:ShadowCloak+1","hermit:Gestalt"],"picked":"hermit:Headshot","floor":21},{"not_picked":["hermit:Grudge","hermit:Misfire+1"],"picked":"hermit:Brawl","floor":22},{"not_picked":["hermit:Snipe","hermit:HoleUp"],"picked":"hermit:LowProfile","floor":25},{"not_picked":["hermit:NoHoldsBarred","hermit:FlashPowder+1"],"picked":"hermit:Quickdraw","floor":28},{"not_picked":["hermit:Spite+1","hermit:SprayPray","hermit:TakeCover+1"],"picked":"SKIP","floor":29},{"not_picked":["hermit:Desperado","hermit:Snipe","hermit:Misfire"],"picked":"SKIP","floor":30},{"not_picked":["hermit:FromBeyond","hermit:BodyArmor"],"picked":"hermit:Malice","floor":31},{"not_picked":["hermit:Purgatory","hermit:OverwhelmingPower"],"picked":"hermit:RoundhouseKick","floor":33},{"not_picked":["hermit:Dive+1","hermit:Virtue"],"picked":"hermit:Brawl","floor":35}],"player_experience":281735,"relics_obtained":[{"floor":6,"key":"Lizard Tail"},{"floor":9,"key":"hermit:RyeStalk"},{"floor":25,"key":"Anchor"},{"floor":25,"key":"Bottled Tornado"},{"floor":26,"key":"Sundial"}],"event_choices":[{"damage_healed":0,"gold_gain":0,"cards_transformed":["hermit:Defend_Hermit"],"player_choice":"Transformed","damage_taken":0,"max_hp_gain":0,"max_hp_loss":0,"event_name":"Transmorgrifier","floor":2,"gold_loss":0,"cards_obtained":["hermit:OverwhelmingPower"]},{"damage_healed":0,"gold_gain":0,"player_choice":"Donut","damage_taken":0,"max_hp_gain":5,"max_hp_loss":0,"event_name":"Big Fish","floor":14,"gold_loss":0}],"is_beta":false,"boss_relics":[{"not_picked":["Snecko Eye","Astrolabe"],"picked":"Black Star"},{"not_picked":["SacredBark","hermit:BartenderGlass"],"picked":"Empty Cage"}],"items_purged_floors":[13],"is_endless":false,"potions_floor_spawned":[3,6,12,16,20,22,25,28,33,36],"killed_by":"Hallownest:2_Littles","ascension_level":0}}