{"host":"hnrafgucdht3qvsp","time":1609624633,"event":{"mods":["BaseMod","Colored Map","Minty Spire (QoL Compilation)","Relic Stats","StSLib"],"gold_per_floor":[19,19,39,39,59,59,73,109,109,128,206,22,22,65,77,213,225,257,369,401,431,456,468,495,507,507],"floor_reached":25,"playtime":1159,"items_purged":["Blood for Blood"],"score":269,"play_id":"ab017c35-3571-4d97-9afc-c7cb03b73051","local_time":"20210102165713","is_ascension_mode":true,"campfire_choices":[{"data":"Inflame","floor":6,"key":"SMITH"},{"data":"Uppercut","floor":13,"key":"SMITH"},{"data":"Inflame","floor":15,"key":"SMITH"},{"data":"True Grit","floor":23,"key":"SMITH"}],"circlet_count":0,"master_deck":["Strike_R","Strike_R","Strike_R","Defend_R","Defend_R","Defend_R","Defend_R","Bash","Pummel","Inflame+1","True Grit+1","Battle Trance","Feel No Pain","Power Through+1","Inflame+1","Uppercut+1","Pummel","Reaper","Sword Boomerang","Dark Embrace+1","Pommel Strike","Feel No Pain","Feed"],"relics":["Burning Blood","Golden Idol","Blood Vial","Bird Faced Urn","Toxic Egg 2","MawBank","Mark of Pain"],"acts_visited":["Exordium","TheCity"],"potions_floor_usage":[22],"damage_taken":[{"damage":17,"enemies":"2 Louse","floor":1,"turns":4},{"damage":4,"enemies":"Small Slimes","floor":3,"turns":4},{"damage":12,"enemies":"Jaw Worm","floor":5,"turns":3},{"damage":11,"enemies":"Gremlin Gang","floor":7,"turns":7},{"damage":24,"enemies":"Gremlin Nob","floor":8,"turns":4},{"damage":1,"enemies":"3 Louse","floor":10,"turns":3},{"damage":15,"enemies":"Lagavulin","floor":14,"turns":5},{"damage":15,"enemies":"The Guardian","floor":16,"turns":9},{"damage":3,"enemies":"Spheric Guardian","floor":18,"turns":3},{"damage":15,"enemies":"2 Thieves","floor":20,"turns":4},{"damage":34,"enemies":"Snake Plant","floor":21,"turns":6},{"damage":31,"enemies":"Cultist and Chosen","floor":22,"turns":6},{"damage":28,"enemies":"Centurion and Healer","floor":24,"turns":8},{"damage":93,"enemies":"Gremlin Leader","floor":25,"turns":8}],"seed_played":"7099741169035316512","potions_obtained":[{"floor":5,"key":"ColorlessPotion"},{"floor":7,"key":"CultistPotion"},{"floor":10,"key":"Dexterity Potion"},{"floor":24,"key":"Fruit Juice"}],"is_trial":false,"path_per_floor":["M","?","M","?","M","R","M","E","T","M","?","$","R","E","R","B",null,"M","?","M","M","M","R","M","E"],"character_chosen":"IRONCLAD","items_purchased":["Inflame","Uppercut"],"campfire_rested":0,"item_purchase_floors":[12,12],"current_hp_per_floor":[69,69,71,46,42,42,39,23,23,34,34,34,34,31,31,30,63,74,74,74,57,47,47,62,0,0],"gold":507,"neow_bonus":"TRANSFORM_TWO_CARDS","is_daily":false,"chose_seed":false,"campfire_upgraded":4,"win_rate":0.0,"timestamp":1609624633,"path_taken":["M","?","M","?","M","R","M","E","T","M","?","$","R","E","R","BOSS","M","?","M","?","M","R","M","E"],"items_purchased_type":["Card","Card"],"build_version":"2020-12-22","purchased_purges":1,"victory":false,"max_hp_per_floor":[80,74,74,74,74,74,74,74,74,74,74,74,74,74,74,74,74,74,74,74,74,74,74,74,74,74],"relic_stats":{"Blood Vial":20,"counters":[14,74],"Golden Idol":74,"Bird Faced Urn":[52],"MawBank":132,"obtain_stats":[{"Blood Vial":4,"Golden Idol":2,"Bird Faced Urn":8,"Mark of Pain":17,"Toxic Egg 2":9,"MawBank":14,"Burning Blood":0},{"Blood Vial":2,"Golden Idol":1,"Bird Faced Urn":5,"Mark of Pain":8,"Toxic Egg 2":5,"MawBank":7,"Burning Blood":0},{"Blood Vial":8,"Golden Idol":4,"Bird Faced Urn":22,"Mark of Pain":39,"Toxic Egg 2":22,"MawBank":30,"Burning Blood":0}],"Burning Blood":75},"card_choices":[{"not_picked":["Havoc","Warcry","Cleave"],"picked":"SKIP","floor":1},{"not_picked":["Disarm","Hemokinesis"],"picked":"Inflame","floor":3},{"not_picked":["Warcry","Headbutt"],"picked":"True Grit","floor":5},{"not_picked":["Perfected Strike","Hemokinesis"],"picked":"Battle Trance","floor":7},{"not_picked":["Cleave","Rupture"],"picked":"Feel No Pain","floor":8},{"not_picked":["Armaments+1","Rage+1"],"picked":"Power Through+1","floor":10},{"not_picked":["Feel No Pain","Wild Strike"],"picked":"Pummel","floor":14},{"not_picked":["Impervious+1","Double Tap+1"],"picked":"Reaper","floor":16},{"not_picked":["Anger","Warcry+1"],"picked":"Sword Boomerang","floor":18},{"not_picked":["Power Through+1","Clash"],"picked":"Dark Embrace+1","floor":20},{"not_picked":["Twin Strike+1","Body Slam"],"picked":"Pommel Strike","floor":21},{"not_picked":["Flex+1","Headbutt"],"picked":"Feel No Pain","floor":22},{"not_picked":["Cleave","Shrug It Off+1"],"picked":"Feed","floor":24}],"player_experience":383691,"relics_obtained":[{"floor":8,"key":"Bird Faced Urn"},{"floor":9,"key":"Toxic Egg 2"},{"floor":14,"key":"MawBank"}],"event_choices":[{"damage_healed":0,"gold_gain":0,"player_choice":"Lose Max HP","damage_taken":0,"relics_obtained":["Golden Idol"],"max_hp_gain":0,"max_hp_loss":6,"event_name":"Golden Idol","floor":2,"gold_loss":0},{"damage_healed":0,"gold_gain":0,"player_choice":"Success","damage_taken":25,"relics_obtained":["Blood Vial"],"max_hp_gain":0,"max_hp_loss":0,"event_name":"Scrap Ooze","floor":4,"gold_loss":0},{"damage_healed":0,"gold_gain":78,"player_choice":"Gained Gold","damage_taken":0,"max_hp_gain":0,"max_hp_loss":0,"event_name":"Golden Wing","floor":11,"gold_loss":0},{"damage_healed":0,"gold_gain":100,"player_choice":"Pray","damage_taken":0,"max_hp_gain":0,"max_hp_loss":0,"event_name":"Golden Shrine","floor":19,"gold_loss":0}],"is_beta":false,"boss_relics":[{"not_picked":["Astrolabe","Runic Pyramid"],"picked":"Mark of Pain"}],"items_purged_floors":[12],"is_endless":false,"potions_floor_spawned":[5,7,10,21,24],"killed_by":"Gremlin Leader","ascension_level":5}}