{"host":"wy5pcbg592uilh9l","time":1609570208,"event":{"mods":["AchievementEnabler","BaseMod","BetterRewards","Hubris","Infinite Spire","Minty Spire (QoL Compilation)","Permanent Neow","Replay The Spire","StSLib"],"gold_per_floor":[109,109,127,127,127,152,165,193,193,193,193],"floor_reached":10,"playtime":736,"items_purged":[],"score":116,"play_id":"ad141591-7390-4e07-aa8f-46c2bdc67f27","local_time":"20210102005008","is_ascension_mode":true,"campfire_choices":[],"circlet_count":0,"master_deck":["Strike_P","Strike_P","Strike_P","Strike_P","Defend_P","Defend_P","Defend_P","Defend_P","Eruption","Vigilance","ThirdEye","Vengeance","FlurryOfBlows","Hallucinations","Consecrate","Adrenaline","FlurryOfBlows"],"relics":["Toolbox","Replay:M_StaffOfTheSnake","ReplayTheSpireMod:Ring of Addiction","SacredBark","Toy Ornithopter","Blood Vial","Juzu Bracelet"],"acts_visited":["Exordium"],"potions_floor_usage":[1,6,8,8,10,10],"damage_taken":[{"damage":0,"enemies":"Jaw Worm","floor":1,"turns":3},{"damage":0,"enemies":"Small Slimes","floor":3,"turns":3},{"damage":0,"enemies":"Lagavulin","floor":6,"turns":5},{"damage":0,"enemies":"Cultist","floor":7,"turns":2},{"damage":3,"enemies":"3 Sentries","floor":8,"turns":2},{"damage":68,"enemies":"Gremlin Nob","floor":10,"turns":4}],"seed_played":"2705377918258726021","potions_obtained":[{"floor":4,"key":"SkillPotion"},{"floor":4,"key":"Weak Potion"},{"floor":4,"key":"Explosive Potion"},{"floor":5,"key":"CultistPotion"},{"floor":5,"key":"Flashbang"},{"floor":7,"key":"Explosive Potion"},{"floor":8,"key":"Ancient Potion"}],"is_trial":false,"path_per_floor":["M","?","M","?","?","E","M","E","T","E"],"character_chosen":"WATCHER","items_purchased":["Toolbox","SkillPotion"],"campfire_rested":0,"item_purchase_floors":[0,0],"current_hp_per_floor":[61,61,61,61,61,66,67,64,64,0,0],"gold":193,"neow_bonus":"","is_daily":false,"chose_seed":false,"campfire_upgraded":0,"win_rate":0.0,"timestamp":1609570208,"path_taken":["M","?","M","?","?","E","?","E","T","E"],"items_purchased_type":["Relic","Potion"],"build_version":"2020-12-22","purchased_purges":0,"victory":false,"max_hp_per_floor":[67,67,67,67,67,67,67,67,67,67,67],"card_choices":[{"not_picked":["Adaptation","Protect"],"picked":"Vengeance","floor":1},{"not_picked":["Flying Knee","Replay:DivineShield"],"picked":"FlurryOfBlows","floor":3},{"not_picked":["Evaluate","Perseverance"],"picked":"Consecrate","floor":6},{"not_picked":["Conclude","Replay:Cycle"],"picked":"Adrenaline","floor":7},{"not_picked":["Consecrate","SignatureMove"],"picked":"FlurryOfBlows","floor":8}],"player_experience":189663,"relics_obtained":[{"floor":4,"key":"ReplayTheSpireMod:Ring of Addiction"},{"floor":4,"key":"SacredBark"},{"floor":4,"key":"Toy Ornithopter"},{"floor":6,"key":"Blood Vial"},{"floor":8,"key":"Juzu Bracelet"}],"event_choices":[{"damage_healed":0,"gold_gain":0,"player_choice":"Got Potions","damage_taken":0,"max_hp_gain":0,"max_hp_loss":0,"event_name":"Lab","floor":5,"gold_loss":0}],"is_beta":false,"boss_relics":[],"items_purged_floors":[],"is_endless":false,"potions_floor_spawned":[7,8],"killed_by":"Gremlin Nob","ascension_level":3}}