{"host":"hfxp6ue4pvwo3fit","time":1609578855,"event":{"mods":["AchievementEnabler","BaseMod","Colored Map","Colored Powertips","Highlight Path","Minty Spire (QoL Compilation)","Relic Stats","StSLib","SuperFastMode"],"gold_per_floor":[111,76,76,88,111,145,145,164,164,164,164,197,197,228,228,304,304,314,314,326,63,81,81,81,81,81,110,110,110,110,135,135,212,212,224,224,224,240,240,268,268,268,268],"floor_reached":42,"playtime":1742,"items_purged":[],"score":1052,"play_id":"458eb839-c759-4be2-b768-7af368ce2a7c","local_time":"20210102031415","is_ascension_mode":true,"campfire_choices":[{"data":"Perfected Strike","floor":7,"key":"SMITH"},{"data":"Bash","floor":13,"key":"SMITH"},{"data":"Barricade","floor":15,"key":"SMITH"},{"data":"Entrench","floor":23,"key":"SMITH"},{"data":"Feed","floor":25,"key":"SMITH"},{"data":"RitualDagger","floor":30,"key":"SMITH"},{"data":"Disarm","floor":32,"key":"SMITH"},{"data":"Exhume","floor":41,"key":"SMITH"}],"circlet_count":0,"master_deck":["AscendersBane","Strike_R+1","Strike_R+1","Strike_R+1","Strike_R+1","Strike_R+1","Defend_R+1","Defend_R+1","Defend_R+1","Defend_R+1","Bash+1","Perfected Strike+1","Wild Strike","Barricade+1","Disarm+1","Warcry","Exhume+1","Feed+1","Clothesline","Entrench+1","Pommel Strike+1","RitualDagger+1","Dark Embrace+1","Reaper","Seeing Red+1","Shrug It Off+1"],"relics":["Coffee Dripper","Juzu Bracelet","Ice Cream","Centennial Puzzle","Regal Pillow","Toy Ornithopter","Self Forming Clay","Black Star","Kunai","Meat on the Bone","Thread and Needle","White Beast Statue","FossilizedHelix","The Courier","SacredBark","Bronze Scales","Potion Belt"],"acts_visited":["Exordium","TheCity","TheBeyond"],"potions_floor_usage":[6,12,18,22,31,33,35,40,42],"damage_taken":[{"damage":11,"enemies":"2 Louse","floor":1,"turns":2},{"damage":0,"enemies":"Jaw Worm","floor":4,"turns":3},{"damage":1,"enemies":"Gremlin Nob","floor":6,"turns":3},{"damage":0,"enemies":"Cultist","floor":8,"turns":3},{"damage":13,"enemies":"Lagavulin","floor":12,"turns":6},{"damage":6,"enemies":"Gremlin Nob","floor":14,"turns":3},{"damage":1,"enemies":"The Guardian","floor":16,"turns":11},{"damage":6,"enemies":"Shell Parasite","floor":18,"turns":6},{"damage":2,"enemies":"3 Byrds","floor":20,"turns":11},{"damage":10,"enemies":"Snecko","floor":22,"turns":6},{"damage":48,"enemies":"Slavers","floor":27,"turns":8},{"damage":18,"enemies":"Gremlin Leader","floor":31,"turns":15},{"damage":0,"enemies":"Champ","floor":33,"turns":30},{"damage":15,"enemies":"Orb Walker","floor":35,"turns":5},{"damage":20,"enemies":"3 Shapes","floor":38,"turns":10},{"damage":129,"enemies":"Reptomancer","floor":40,"turns":18},{"damage":56,"enemies":"Giant Head","floor":42,"turns":9}],"seed_played":"-5985039590238619795","potions_obtained":[{"floor":4,"key":"Dexterity Potion"},{"floor":8,"key":"Swift Potion"},{"floor":11,"key":"Regen Potion"},{"floor":11,"key":"SpeedPotion"},{"floor":16,"key":"ColorlessPotion"},{"floor":18,"key":"Block Potion"},{"floor":22,"key":"BlessingOfTheForge"},{"floor":31,"key":"FairyPotion"},{"floor":33,"key":"Swift Potion"},{"floor":35,"key":"SteroidPotion"},{"floor":38,"key":"Fire Potion"},{"floor":40,"key":"Strength Potion"}],"is_trial":false,"path_per_floor":["M","?","?","M","T","E","R","M","T","?","?","E","R","E","R","B",null,"M","?","M","$","M","R","?","R","T","E","?","?","R","E","R","B",null,"M","?","?","M","?","E","R","E"],"character_chosen":"IRONCLAD","items_purchased":["Kunai"],"campfire_rested":0,"item_purchase_floors":[21],"current_hp_per_floor":[57,75,52,52,52,51,51,51,51,51,51,52,52,46,46,45,68,70,70,71,71,69,69,69,69,69,33,27,27,27,26,26,43,74,68,68,68,56,56,15,15,0,0],"gold":268,"neow_bonus":"BOSS_RELIC","is_daily":false,"chose_seed":false,"campfire_upgraded":8,"win_rate":0.0,"timestamp":1609578855,"path_taken":["M","?","?","M","?","E","R","M","T","?","?","E","R","E","R","BOSS","M","?","M","$","M","R","?","R","T","E","?","?","R","E","R","BOSS","M","?","?","M","?","E","R","E"],"items_purchased_type":["Relic"],"build_version":"2020-12-22","purchased_purges":0,"victory":false,"max_hp_per_floor":[75,75,75,75,75,75,75,75,75,75,75,75,75,75,75,75,75,78,78,81,81,84,84,84,84,84,84,84,84,84,84,84,84,84,84,84,84,88,84,84,84,84,84],"relic_stats":{"Centennial Puzzle":[36],"Regal Pillow":0,"counters":[17,149],"Self Forming Clay":[99],"Bronze Scales":[21],"Juzu Bracelet":3,"Black Star":3,"Kunai":[30],"obtain_stats":[{"Ice Cream":6,"Potion Belt":40,"Regal Pillow":10,"Self Forming Clay":14,"SacredBark":34,"Thread and Needle":27,"The Courier":31,"Juzu Bracelet":5,"Burning Blood":0,"White Beast Statue":27,"Centennial Puzzle":9,"Bronze Scales":40,"Coffee Dripper":0,"Black Star":17,"Kunai":21,"Toy Ornithopter":12,"FossilizedHelix":31,"Meat on the Bone":26},{"Ice Cream":3,"Potion Belt":16,"Regal Pillow":4,"Self Forming Clay":6,"SacredBark":13,"Thread and Needle":11,"The Courier":12,"Juzu Bracelet":2,"Burning Blood":0,"White Beast Statue":11,"Centennial Puzzle":4,"Bronze Scales":16,"Coffee Dripper":0,"Black Star":7,"Kunai":9,"Toy Ornithopter":5,"FossilizedHelix":12,"Meat on the Bone":10},{"Ice Cream":8,"Potion Belt":140,"Regal Pillow":11,"Self Forming Clay":20,"SacredBark":107,"Thread and Needle":62,"The Courier":77,"Juzu Bracelet":5,"Burning Blood":0,"White Beast Statue":62,"Centennial Puzzle":11,"Bronze Scales":140,"Coffee Dripper":0,"Black Star":31,"Kunai":48,"Toy Ornithopter":17,"FossilizedHelix":77,"Meat on the Bone":54}],"Toy Ornithopter":35,"Meat on the Bone":48},"card_choices":[{"not_picked":["Intimidate","Havoc"],"picked":"Perfected Strike","floor":1},{"not_picked":["Warcry","Searing Blow"],"picked":"Wild Strike","floor":4},{"not_picked":["Twin Strike","Pommel Strike"],"picked":"Barricade","floor":6},{"not_picked":["Pommel Strike","Flex"],"picked":"Disarm","floor":8},{"not_picked":["Havoc","Body Slam"],"picked":"Warcry","floor":12},{"not_picked":["Infernal Blade","Anger"],"picked":"Exhume","floor":14},{"not_picked":["Impervious","Juggernaut"],"picked":"Feed","floor":16},{"not_picked":["Warcry","Clash+1"],"picked":"Clothesline","floor":18},{"not_picked":["Fire Breathing","Iron Wave","Heavy Blade"],"picked":"SKIP","floor":20},{"not_picked":["Bloodletting","Uppercut+1"],"picked":"Entrench","floor":22},{"not_picked":["Twin Strike+1","Rage"],"picked":"Pommel Strike+1","floor":27},{"not_picked":["True Grit","Immolate"],"picked":"Dark Embrace+1","floor":31},{"not_picked":["Double Tap","Offering"],"picked":"Reaper","floor":33},{"not_picked":["Rampage","Anger"],"picked":"Seeing Red","floor":35},{"not_picked":["Clothesline","Pommel Strike"],"picked":"Shrug It Off+1","floor":38},{"not_picked":["Dark Embrace","Clothesline","Berserk"],"picked":"SKIP","floor":40}],"player_experience":459009,"relics_obtained":[{"floor":5,"key":"Juzu Bracelet"},{"floor":6,"key":"Ice Cream"},{"floor":9,"key":"Centennial Puzzle"},{"floor":12,"key":"Toy Ornithopter"},{"floor":14,"key":"Self Forming Clay"},{"floor":26,"key":"Meat on the Bone"},{"floor":27,"key":"Thread and Needle"},{"floor":27,"key":"White Beast Statue"},{"floor":31,"key":"FossilizedHelix"},{"floor":31,"key":"The Courier"},{"floor":40,"key":"Bronze Scales"},{"floor":40,"key":"Potion Belt"}],"event_choices":[{"damage_healed":18,"gold_gain":0,"player_choice":"Healed","damage_taken":0,"max_hp_gain":0,"max_hp_loss":0,"event_name":"The Cleric","floor":2,"gold_loss":35},{"damage_healed":0,"gold_gain":0,"player_choice":"Entered Light","damage_taken":23,"max_hp_gain":0,"max_hp_loss":0,"event_name":"Shining Light","floor":3,"gold_loss":0,"cards_upgraded":["Defend_R","Strike_R"]},{"damage_healed":0,"gold_gain":0,"player_choice":"Gave Potion","damage_taken":0,"relics_obtained":["Regal Pillow"],"max_hp_gain":0,"max_hp_loss":0,"event_name":"WeMeetAgain","floor":10,"gold_loss":0},{"damage_healed":0,"gold_gain":0,"player_choice":"Got Potions","damage_taken":0,"max_hp_gain":0,"max_hp_loss":0,"event_name":"Lab","floor":11,"gold_loss":0},{"damage_healed":0,"gold_gain":0,"player_choice":"Simplicity","damage_taken":0,"max_hp_gain":0,"max_hp_loss":0,"event_name":"Back to Basics","floor":19,"gold_loss":0,"cards_upgraded":["Strike_R","Strike_R","Strike_R","Strike_R","Defend_R","Defend_R","Defend_R"]},{"damage_healed":0,"gold_gain":0,"player_choice":"Ignored","damage_taken":0,"max_hp_gain":0,"max_hp_loss":0,"event_name":"The Mausoleum","floor":24,"gold_loss":0},{"damage_healed":0,"gold_gain":0,"player_choice":"Joined the Cult","damage_taken":6,"max_hp_gain":0,"max_hp_loss":0,"event_name":"Nest","floor":28,"gold_loss":0,"cards_obtained":["RitualDagger"]},{"damage_healed":0,"gold_gain":0,"player_choice":"Ignored","damage_taken":0,"max_hp_gain":0,"max_hp_loss":0,"event_name":"Ghosts","floor":29,"gold_loss":0},{"damage_healed":0,"gold_gain":0,"player_choice":"Ignored","damage_taken":0,"max_hp_gain":0,"max_hp_loss":0,"event_name":"Tomb of Lord Red Mask","floor":36,"gold_loss":0},{"damage_healed":0,"gold_gain":0,"player_choice":"Forge","damage_taken":0,"max_hp_gain":0,"max_hp_loss":0,"event_name":"Accursed Blacksmith","floor":37,"gold_loss":0,"cards_upgraded":["Seeing Red"]},{"damage_healed":0,"gold_gain":0,"player_choice":"Max HP","damage_taken":0,"max_hp_gain":0,"max_hp_loss":4,"event_name":"Winding Halls","floor":39,"gold_loss":0}],"is_beta":false,"boss_relics":[{"not_picked":["Sozu","Calling Bell"],"picked":"Black Star"},{"not_picked":["Runic Dome","Empty Cage"],"picked":"SacredBark"}],"items_purged_floors":[],"is_endless":false,"potions_floor_spawned":[4,8,16,18,22,31,33,35,38,40],"killed_by":"Giant Head","ascension_level":20}}