{"host":"pgqkv8mh62pnrbci","time":1609607990,"event":{"mods":["2.2 Compatiblity","AchievementEnabler","BaseMod","Custom Start","DeckTracker","Minty Spire (QoL Compilation)","Replay The Spire","StSLib","SuperFastMode","¡¼?Úª?ø«¡½REMEMod"],"gold_per_floor":[118,130,150,23,73,73,99,99,99,99,119,130,141,151,151,229,229,249,299,299,214,52,52,62,89,89,123,123,123],"floor_reached":28,"playtime":950,"items_purged":["Strike_G"],"score":552,"play_id":"9db3b846-9178-404d-9261-b27d78f4f03e","local_time":"20210103021950","is_ascension_mode":true,"campfire_choices":[{"data":"Calculated Gamble","floor":6.0,"key":"SMITH"},{"data":"Neutralize","floor":8.0,"key":"SMITH"},{"data":"Blade Dance","floor":10.0,"key":"SMITH"},{"data":"Well Laid Plans","floor":15.0,"key":"SMITH"},{"data":"Turbo","floor":23.0,"key":"SMITH"}],"circlet_count":0,"master_deck":["Survivor","Defend_G","Defend_G","Defend_G","Defend_G","Neutralize+1","Strike_G","Strike_G","Concentrate","Dark Embrace+1","Turbo+1","Blade Dance+1","Well Laid Plans+1","Calculated Gamble+1","Acrobatics","Blade Dance","Malaise","REME_SpectralBlade","Necronomicurse","Jack Of All Trades"],"relics":["Ring of the Snake","REME_ComplimentaryCards","Dead Branch","Divine Protection","REME_LimitBreaker","Replay:Drink Me","Necronomicon","Incense Burner","PrismaticShard","Strawberry","Darkstone Periapt","Meat on the Bone"],"acts_visited":["Exordium","TheCity"],"potions_floor_usage":[27],"damage_taken":[{"damage":7.0,"enemies":"Cultist","floor":1.0,"turns":5.0},{"damage":4.0,"enemies":"Jaw Worm","floor":2.0,"turns":3.0},{"damage":1.0,"enemies":"Small Slimes","floor":3.0,"turns":4.0},{"damage":17.0,"enemies":"Gremlin Nob","floor":7.0,"turns":3.0},{"damage":14.0,"enemies":"2 Fungi Beasts","floor":11.0,"turns":5.0},{"damage":0.0,"enemies":"Looter","floor":12.0,"turns":2.0},{"damage":5.0,"enemies":"Large Slime","floor":13.0,"turns":5.0},{"damage":0.0,"enemies":"2 Fungi Beasts","floor":14.0,"turns":2.0},{"damage":4.0,"enemies":"Slime Boss","floor":16.0,"turns":3.0},{"damage":0.0,"enemies":"Chosen","floor":18.0,"turns":1.0},{"damage":0.0,"enemies":"Spheric Guardian","floor":24.0,"turns":1.0},{"damage":4.0,"enemies":"Gremlin Leader","floor":25.0,"turns":3.0},{"damage":19,"enemies":"Slavers","floor":27,"turns":4}],"seed_played":"8285928264183850509","potions_obtained":[{"floor":2.0,"key":"SpeedPotion"},{"floor":14.0,"key":"Dexterity Potion"},{"floor":16.0,"key":"Block Potion"},{"floor":27,"key":"Reflective Coating"}],"is_trial":true,"path_per_floor":["M","M","M","$","?","R","E","R","T","R","M","M","M","M","R","B",null,"M","?","?","?","$","R","M","E","T","E","$"],"character_chosen":"THE_SILENT","items_purchased":["Acrobatics","PrismaticShard"],"campfire_rested":0,"item_purchase_floors":[4,22],"current_hp_per_floor":[52,48,47,47,47,47,30,30,30,30,16,16,11,11,11,7,39,39,39,18,18,18,18,18,21,21,52,52,52],"gold":123,"neow_bonus":"","is_daily":false,"chose_seed":false,"campfire_upgraded":5,"win_rate":0.0,"timestamp":1609607990,"path_taken":["M","M","?","$","?","R","E","R","T","R","?","M","M","M","R","BOSS","M","?","?","?","$","R","M","E","T","E","$"],"items_purchased_type":["Card","Relic"],"build_version":"2020-12-22","purchased_purges":1,"victory":false,"max_hp_per_floor":[66,66,66,66,66,66,66,66,66,66,66,66,66,66,66,66,50,50,50,50,50,50,50,50,57,57,57,57,57],"card_choices":[{"not_picked":["Cloak And Dagger","Prepared"],"picked":"Blade Dance","floor":1.0},{"not_picked":["Slice","Flying Knee"],"picked":"Well Laid Plans","floor":2.0},{"not_picked":["Dodge and Roll","Dagger Throw"],"picked":"Calculated Gamble","floor":3.0},{"not_picked":["Finisher","Deflect","Wraith Form v2"],"picked":"SKIP","floor":7.0},{"not_picked":["Hidden Blade","Dagger Spray"],"picked":"Blade Dance","floor":11.0},{"not_picked":["Skewer","Noxious Fumes"],"picked":"Malaise","floor":12.0},{"not_picked":["Outmaneuver","Deadly Poison","Finisher"],"picked":"SKIP","floor":13.0},{"not_picked":["Quick Slash","Riddle With Holes","Deflect"],"picked":"SKIP","floor":14.0},{"not_picked":["Wraith Form v2","Glass Knife"],"picked":"REME_SpectralBlade","floor":16.0},{"not_picked":["Expertise","Underhanded Strike","Flying Knee+1"],"picked":"SKIP","floor":18.0},{"not_picked":["Backflip","Indignation","Prostrate"],"picked":"SKIP","floor":24.0},{"not_picked":["Sword Boomerang","Rebound"],"picked":"Jack Of All Trades","floor":25.0},{"not_picked":["Prostrate","The Bomb","Dark Embrace"],"picked":"SKIP","floor":27}],"player_experience":591457,"relics_obtained":[{"floor":7.0,"key":"Divine Protection"},{"floor":9.0,"key":"REME_LimitBreaker"},{"floor":20.0,"key":"Necronomicon"},{"floor":25.0,"key":"Strawberry"},{"floor":26.0,"key":"Darkstone Periapt"},{"floor":27,"key":"Meat on the Bone"}],"event_choices":[{"damage_healed":0.0,"max_hp_gain":0.0,"max_hp_loss":0.0,"gold_gain":50.0,"event_name":"Golden Shrine","player_choice":"Pray","floor":5.0,"gold_loss":0.0,"damage_taken":0.0},{"damage_healed":0.0,"max_hp_gain":0.0,"max_hp_loss":0.0,"gold_gain":50.0,"event_name":"Nest","player_choice":"Stole From Cult","floor":19.0,"gold_loss":0.0,"damage_taken":0.0},{"damage_healed":0.0,"max_hp_gain":0.0,"max_hp_loss":0.0,"gold_gain":0.0,"event_name":"Cursed Tome","player_choice":"Obtained Book","floor":20.0,"gold_loss":0.0,"damage_taken":21.0},{"damage_healed":0.0,"max_hp_gain":0.0,"max_hp_loss":0.0,"gold_gain":0.0,"event_name":"Addict","player_choice":"Obtained Relic","floor":21.0,"gold_loss":85.0,"damage_taken":0.0,"relics_obtained":["Incense Burner"]}],"is_beta":false,"boss_relics":[{"not_picked":["Coffee Dripper","Empty Cage"],"picked":"Replay:Drink Me"}],"items_purged_floors":[4],"is_endless":false,"potions_floor_spawned":[2,14,16,18,27],"ascension_level":19}}