{"host":"df48i9djcn92c5sx","time":1609590247,"event":{"mods":["BaseMod","Downfall","Marisa£®ÏF”Í°°ƒß¿Ì…≥£©","Minty Spire (QoL Compilation)","READ ME - Guardian Mod","READ ME - Snecko Mod","Reimu£®≤©¿ˆ¡È√Œ£©","Remilia£®¿Ÿ√◊¿Ú—«£©","Replay The Spire","Shop Mod","StSLib","The Jungle","The Servant 0.9.4"],"gold_per_floor":[116,116,126,141,158,158,189,189,239,239,239,273,198,209,209,282,282,301,301,301,316,241,241,81,81,81],"floor_reached":25,"playtime":835,"items_purged":["Strike_G"],"score":376,"play_id":"ae92be27-c140-4987-873b-1c66c597155b","local_time":"20210102202407","is_ascension_mode":true,"campfire_choices":[{"data":"Dash","floor":6,"key":"SMITH"},{"data":"Neutralize","floor":8,"key":"SMITH"},{"data":"Survivor","floor":11,"key":"SMITH"},{"data":"Crippling Poison","floor":15,"key":"SMITH"},{"data":"Glass Knife","floor":23,"key":"SMITH"}],"circlet_count":0,"master_deck":["AscendersBane","Strike_G","Strike_G","Strike_G","Strike_G","Defend_G","Defend_G","Defend_G","Defend_G","Defend_G","Survivor+1","Neutralize+1","Well Laid Plans","Dash+1","Crippling Poison+1","Dagger Spray","Glass Knife+1","Escape Plan"],"relics":["Ring of the Snake","NeowsBlessing","WarpedTongs","Tea:ReiMu","Pen Nib","Strawberry","Black Star","CultistMask","HandDrill"],"acts_visited":["Exordium","TheCity"],"potions_floor_usage":[12,16,21,25],"damage_taken":[{"damage":0,"enemies":"Jaw Worm","floor":1,"turns":1},{"damage":0,"enemies":"Cultist","floor":3,"turns":1},{"damage":2,"enemies":"2 Louse","floor":4,"turns":1},{"damage":4,"enemies":"Looter","floor":5,"turns":4},{"damage":18,"enemies":"Gremlin Nob","floor":7,"turns":6},{"damage":15,"enemies":"Lagavulin","floor":12,"turns":11},{"damage":6,"enemies":"2 Fungi Beasts","floor":14,"turns":4},{"damage":11,"enemies":"Hexaghost","floor":16,"turns":14},{"damage":10,"enemies":"Chosen","floor":18,"turns":5},{"damage":8,"enemies":"Shell Parasite","floor":21,"turns":7},{"damage":58,"enemies":"Gremlin Leader","floor":25,"turns":5}],"seed_played":"2394230818394012439","potions_obtained":[{"floor":1,"key":"Adrenaline Potion"},{"floor":3,"key":"Energy Potion"},{"floor":12,"key":"Dexterity Potion"},{"floor":21,"key":"Dexterity Potion"}],"is_trial":false,"path_per_floor":["M","?","M","M","M","R","E","R","T","?","R","E","?","M","R","B",null,"M","?","?","M","$","R","$","E"],"character_chosen":"THE_SILENT","items_purchased":["HandDrill"],"campfire_rested":0,"item_purchase_floors":[24],"current_hp_per_floor":[59,59,59,57,53,53,35,35,35,35,35,27,27,21,21,10,57,47,62,62,54,54,54,54,0,0],"gold":81,"neow_bonus":"THREE_ENEMY_KILL","is_daily":false,"chose_seed":false,"campfire_upgraded":5,"win_rate":0.0,"timestamp":1609590247,"path_taken":["M","?","M","?","M","R","E","R","T","?","R","E","?","M","R","BOSS","M","?","?","?","$","R","$","E"],"items_purchased_type":["Relic"],"build_version":"2020-12-22","purchased_purges":1,"victory":false,"max_hp_per_floor":[66,66,66,66,66,66,66,66,66,66,66,73,73,73,73,73,73,73,73,73,73,73,73,73,73,73],"card_choices":[{"not_picked":["Prepared","Dagger Throw","Concentrate"],"picked":"SKIP","floor":1},{"not_picked":["Terror","Leg Sweep"],"picked":"Well Laid Plans","floor":3},{"not_picked":["Flying Knee","Prepared","Acrobatics"],"picked":"SKIP","floor":4},{"not_picked":["Reflex","Finisher"],"picked":"Dash","floor":5},{"not_picked":["Replay:Poison Smokescreen","Prepared","Predator"],"picked":"SKIP","floor":7},{"not_picked":["Tactician","Deflect"],"picked":"Crippling Poison","floor":12},{"not_picked":["Choke","Prepared"],"picked":"Dagger Spray","floor":14},{"not_picked":["ReplayTheSpireMod:Necrosis","Grand Finale"],"picked":"Glass Knife","floor":16},{"not_picked":["Slice","Flying Knee","Cloak And Dagger"],"picked":"SKIP","floor":18},{"not_picked":["Well Laid Plans","Expertise"],"picked":"Escape Plan","floor":21}],"player_experience":1389286,"relics_obtained":[{"floor":7,"key":"Tea:ReiMu"},{"floor":9,"key":"Pen Nib"},{"floor":12,"key":"Strawberry"}],"event_choices":[{"damage_healed":0,"gold_gain":0,"player_choice":"Rummage","damage_taken":0,"relics_obtained":["WarpedTongs"],"max_hp_gain":0,"max_hp_loss":0,"event_name":"Accursed Blacksmith","floor":2,"gold_loss":0,"cards_obtained":["Pain"]},{"damage_healed":0,"gold_gain":0,"player_choice":"Ignored","damage_taken":0,"max_hp_gain":0,"max_hp_loss":0,"event_name":"Liars Game","floor":10,"gold_loss":0},{"cards_removed":["Pain"],"damage_healed":0,"gold_gain":0,"player_choice":"Card Removal","damage_taken":0,"max_hp_gain":0,"max_hp_loss":0,"event_name":"The Cleric","floor":13,"gold_loss":75},{"damage_healed":15,"gold_gain":0,"player_choice":"Heal","damage_taken":0,"max_hp_gain":0,"max_hp_loss":0,"event_name":"The Library","floor":19,"gold_loss":0},{"damage_healed":0,"gold_gain":0,"player_choice":"Trade","damage_taken":0,"relics_obtained":["CultistMask"],"max_hp_gain":0,"max_hp_loss":0,"event_name":"FaceTrader","floor":20,"gold_loss":0}],"is_beta":false,"boss_relics":[{"not_picked":["Runic Pyramid","Ring of Chaos"],"picked":"Black Star"}],"items_purged_floors":[22],"is_endless":false,"potions_floor_spawned":[1,3,5,12,21],"killed_by":"Gremlin Leader","ascension_level":16}}