{"host":"rmsq46plbpwfbxcc","time":1609553340,"event":{"mods":["AchievementEnabler","BaseMod","Colored Map","Colored Powertips","DeckTracker","KOR Keyword Fix","Minty Spire (QoL Compilation)","Permanent Neow","Quick Restart","SuperFastMode"],"gold_per_floor":[131,143,143,170,196,217,217,254,277,277,321,330,351,360,360,500,500,533,575,575,575],"floor_reached":20,"playtime":711,"items_purged":[],"score":205,"play_id":"fa913eb9-bb58-46ef-8cb1-aabb6ed39f2d","local_time":"20210102110900","is_ascension_mode":true,"campfire_choices":[{"data":"Neutralize","floor":7.0,"key":"SMITH"},{"data":"Terror","floor":10.0,"key":"SMITH"},{"data":"Noxious Fumes","floor":15.0,"key":"SMITH"}],"circlet_count":0,"master_deck":["Strike_G","Strike_G","Strike_G","Strike_G+1","Defend_G","Defend_G+1","Defend_G","Defend_G","Defend_G","Survivor","Neutralize+1","CurseOfTheBell","Escape Plan","PiercingWail","Blur","Terror+1","Dagger Throw","Finisher","Escape Plan","A Thousand Cuts","Noxious Fumes+1","Injury","Envenom","Choke","Blade Dance","Well Laid Plans"],"relics":["Calling Bell","CeramicFish","Pantograph","Prayer Wheel","Meat on the Bone","Pen Nib","Snake Skull","Golden Idol","HoveringKite"],"acts_visited":["Exordium","TheCity"],"potions_floor_usage":[19],"damage_taken":[{"damage":0.0,"enemies":"Jaw Worm","floor":1.0,"turns":5.0},{"damage":4.0,"enemies":"Cultist","floor":2.0,"turns":5.0},{"damage":0.0,"enemies":"Small Slimes","floor":4.0,"turns":4.0},{"damage":8.0,"enemies":"3 Louse","floor":5.0,"turns":5.0},{"damage":0.0,"enemies":"Exordium Wildlife","floor":6.0,"turns":4.0},{"damage":14.0,"enemies":"Lagavulin","floor":8.0,"turns":8.0},{"damage":22.0,"enemies":"Gremlin Nob","floor":11.0,"turns":5.0},{"damage":15.0,"enemies":"Gremlin Gang","floor":13.0,"turns":6.0},{"damage":18.0,"enemies":"Hexaghost","floor":16.0,"turns":10.0},{"damage":22,"enemies":"Spheric Guardian","floor":18,"turns":6},{"damage":12,"enemies":"2 Thieves","floor":19,"turns":5},{"damage":44,"enemies":"Cultist and Chosen","floor":20,"turns":4}],"seed_played":"7430663288643124512","potions_obtained":[{"floor":4.0,"key":"Block Potion"},{"floor":5.0,"key":"SkillPotion"},{"floor":8.0,"key":"Block Potion"},{"floor":16.0,"key":"DistilledChaos"}],"is_trial":false,"path_per_floor":["M","M","?","M","M","M","R","E","T","R","E","?","M","?","R","B",null,"M","M","M"],"character_chosen":"THE_SILENT","items_purchased":[],"campfire_rested":0,"item_purchase_floors":[],"current_hp_per_floor":[70,66,52,52,44,44,44,30,30,30,20,20,17,17,17,36,70,48,36,0,0],"gold":575,"neow_bonus":"BOSS_RELIC","is_daily":false,"chose_seed":false,"campfire_upgraded":3,"win_rate":0.0,"timestamp":1609553340,"path_taken":["M","M","?","M","M","M","R","E","T","R","E","?","?","?","R","BOSS","M","M","M"],"items_purchased_type":[],"build_version":"2020-12-22","purchased_purges":0,"victory":false,"max_hp_per_floor":[70,70,70,70,70,70,70,70,70,70,70,70,70,70,70,70,70,70,70,70,70],"card_choices":[{"not_picked":["Deadly Poison","Acrobatics"],"picked":"Escape Plan","floor":1.0},{"not_picked":["Deflect","Slice"],"picked":"PiercingWail","floor":1.0},{"not_picked":["Bane","Predator","Quick Slash"],"picked":"SKIP","floor":2.0},{"not_picked":["Acrobatics","Outmaneuver","Backflip"],"picked":"SKIP","floor":2.0},{"not_picked":["Dagger Spray","Malaise"],"picked":"Blur","floor":4.0},{"not_picked":["Outmaneuver","Heel Hook","PiercingWail"],"picked":"SKIP","floor":4.0},{"not_picked":["Bane","Bouncing Flask"],"picked":"Terror","floor":5.0},{"not_picked":["Eviscerate","Calculated Gamble","Bouncing Flask"],"picked":"SKIP","floor":5.0},{"not_picked":["Dodge and Roll","Slice"],"picked":"Dagger Throw","floor":6.0},{"not_picked":["Outmaneuver","Bouncing Flask","Dagger Spray"],"picked":"SKIP","floor":6.0},{"not_picked":["Noxious Fumes","Dagger Throw"],"picked":"Finisher","floor":8.0},{"not_picked":["Deflect","Concentrate"],"picked":"Escape Plan","floor":11.0},{"not_picked":["Slice","Expertise"],"picked":"Noxious Fumes","floor":13.0},{"not_picked":["Sucker Punch","Skewer","Heel Hook"],"picked":"SKIP","floor":13.0},{"not_picked":["Unload","Grand Finale"],"picked":"Envenom","floor":16.0},{"not_picked":["Dodge and Roll","Poisoned Stab"],"picked":"Choke","floor":18},{"not_picked":["Deflect","Slice","Eviscerate"],"picked":"SKIP","floor":18},{"not_picked":["Reflex","Acrobatics"],"picked":"Blade Dance","floor":19},{"not_picked":["Glass Knife","Catalyst+1"],"picked":"Well Laid Plans","floor":19}],"player_experience":634383,"relics_obtained":[{"floor":0.0,"key":"CeramicFish"},{"floor":0.0,"key":"Pantograph"},{"floor":0.0,"key":"Prayer Wheel"},{"floor":8.0,"key":"Meat on the Bone"},{"floor":9.0,"key":"Pen Nib"},{"floor":11.0,"key":"Snake Skull"}],"event_choices":[{"damage_healed":0.0,"max_hp_gain":0.0,"max_hp_loss":0.0,"gold_gain":0.0,"event_name":"Shining Light","player_choice":"Entered Light","floor":3.0,"gold_loss":0.0,"damage_taken":14.0,"cards_upgraded":["Defend_G","Strike_G"]},{"damage_healed":0.0,"max_hp_gain":0.0,"max_hp_loss":0.0,"gold_gain":0.0,"cards_transformed":["Strike_G"],"event_name":"Transmorgrifier","player_choice":"Transformed","floor":12.0,"gold_loss":0.0,"damage_taken":0.0,"cards_obtained":["A Thousand Cuts"]},{"damage_healed":0.0,"max_hp_gain":0.0,"max_hp_loss":0.0,"gold_gain":0.0,"event_name":"Golden Idol","player_choice":"Take Wound","floor":14.0,"gold_loss":0.0,"damage_taken":0.0,"relics_obtained":["Golden Idol"],"cards_obtained":["Injury"]}],"is_beta":false,"boss_relics":[{"not_picked":["Astrolabe","Empty Cage"],"picked":"HoveringKite"}],"items_purged_floors":[],"is_endless":false,"potions_floor_spawned":[4,5,8,16],"killed_by":"Cultist and Chosen","ascension_level":2}}