{"host":"wy23tj84iquxuyyu","time":1609556011,"event":{"mods":["Aspiration","BaseMod","Better Note","Colored Map","Fireblade Mod","Hermit","Marked Mod","Minty Spire (QoL Compilation)","Random Character Button","Rare Cards Sparkle","Relic Stats","Replay The Spire","Retaliation","Shade Mod","Spicy Shops","StSLib","The Cursed","The Death Knight","The Necromancer","Trackpad"],"gold_per_floor":[112,112,129,143,163,163,163,163],"floor_reached":7,"playtime":710,"items_purged":[],"score":43,"play_id":"3af6783a-e9fe-4919-9999-b5e977b1a3ad","local_time":"20210101215331","is_ascension_mode":false,"campfire_choices":[{"data":"TheCursedMod:DarkBarrier","floor":6,"key":"SMITH"}],"circlet_count":0,"master_deck":["TheCursedMod:Strike_TheCursed","TheCursedMod:Strike_TheCursed","TheCursedMod:Strike_TheCursed","TheCursedMod:Strike_TheCursed","TheCursedMod:Defend_TheCursed","TheCursedMod:Defend_TheCursed","TheCursedMod:Defend_TheCursed","TheCursedMod:Defend_TheCursed","TheCursedMod:CursedWand","TheCursedMod:CleanUpWorkshop","TheCursedMod:Dregs","TheCursedMod:SmokeScreen","Conserve Battery","TheCursedMod:DarkBarrier+1"],"relics":["TheCursedMod:BlackMagic101","Strawberry"],"acts_visited":["Exordium"],"potions_floor_usage":[],"damage_taken":[{"damage":2,"enemies":"2 Louse","floor":1,"turns":3},{"damage":0,"enemies":"Cultist","floor":3,"turns":5},{"damage":0,"enemies":"Jaw Worm","floor":4,"turns":5},{"damage":2,"enemies":"Gremlin Gang","floor":5,"turns":7},{"damage":54,"enemies":"Lagavulin","floor":7,"turns":12}],"seed_played":"7538341435097770856","potions_obtained":[{"floor":5,"key":"FairyPotion"}],"is_trial":false,"path_per_floor":["M","?","M","M","M","R","E"],"character_chosen":"THE_CURSED","items_purchased":[],"campfire_rested":0,"item_purchase_floors":[],"current_hp_per_floor":[80,80,80,80,78,78,24,24],"gold":163,"neow_bonus":"RANDOM_COMMON_RELIC","is_daily":false,"chose_seed":false,"campfire_upgraded":1,"win_rate":0.0,"timestamp":1609556011,"path_taken":["M","?","M","M","M","R","E"],"items_purchased_type":[],"build_version":"2020-12-22","purchased_purges":0,"victory":false,"max_hp_per_floor":[82,82,82,82,82,82,82,82],"relic_stats":{"counters":[5,32],"obtain_stats":[{"TheCursedMod:BlackMagic101":0,"Strawberry":0},{"TheCursedMod:BlackMagic101":0,"Strawberry":0},{"TheCursedMod:BlackMagic101":0,"Strawberry":0}]},"card_choices":[{"not_picked":["TheCursedMod:SpitefulStrike","TheCursedMod:CircleOfCorruption"],"picked":"TheCursedMod:SmokeScreen","floor":1},{"not_picked":["TheCursedMod:RapidMovement","TheCursedMod:CircleOfCorruption","TheCursedMod:VitalStrike"],"picked":"SKIP","floor":3},{"not_picked":["TheCursedMod:HellsGateOpen","TheCursedMod:CircleOfAmplification"],"picked":"TheCursedMod:DarkBarrier","floor":4},{"not_picked":["TheCursedMod:StingEye","TheCursedMod:AbyssShockwave","TheCursedMod:CircleOfWindfury"],"picked":"SKIP","floor":5}],"player_experience":878225,"relics_obtained":[],"event_choices":[{"cards_removed":["TheCursedMod:SmokeScreen"],"damage_healed":0,"gold_gain":0,"player_choice":"Take \u0026 Give","damage_taken":0,"max_hp_gain":0,"max_hp_loss":0,"event_name":"betterNote:BetterNote","floor":2,"gold_loss":0,"cards_obtained":["Conserve Battery"]}],"is_beta":false,"boss_relics":[],"items_purged_floors":[],"is_endless":false,"potions_floor_spawned":[5],"killed_by":"Lagavulin","ascension_level":0}}