{"host":"lww1aq5xm6g9guev","time":1609600747,"event":{"mods":["Act Like it!","BaseMod","Minty Spire (QoL Compilation)","Rare Cards Sparkle","StSLib","The Jungle"],"gold_per_floor":[109,109,124,74,74,74,100,113,137,152,29,49,66,66,66,164,164,181,301,311,326,326,326,326],"floor_reached":23,"playtime":688,"items_purged":["Strike_P"],"score":267,"play_id":"b11969f8-2d7b-440e-b8e0-5ef22ab7aad8","local_time":"20210102231907","is_ascension_mode":true,"campfire_choices":[{"data":"DeceiveReality","floor":6,"key":"SMITH"},{"floor":15,"key":"REST"}],"circlet_count":0,"master_deck":["Strike_P+1","Strike_P","Strike_P+1","Defend_P+1","Defend_P+1","Defend_P+1","Eruption+1","Vigilance+1","LessonLearned+1","DeceiveReality+1","Consecrate+1","FollowUp+1","Weave+1","CutThroughFate+1","PathToVictory+1","Omniscience","FlurryOfBlows+1","CarveReality+1"],"relics":["HolyWater","Boot","Bronze Scales","Regal Pillow"],"acts_visited":["Exordium","Exordium"],"potions_floor_usage":[10,16,16,20,23],"damage_taken":[{"damage":0,"enemies":"Small Slimes","floor":1,"turns":3},{"damage":2,"enemies":"Jaw Worm","floor":3,"turns":4},{"damage":16,"enemies":"Gremlin Nob","floor":7,"turns":4},{"damage":0,"enemies":"2 Louse","floor":8,"turns":2},{"damage":0,"enemies":"Red Slaver","floor":10,"turns":2},{"damage":0,"enemies":"Exordium Thugs","floor":12,"turns":2},{"damage":0,"enemies":"2 Fungi Beasts","floor":13,"turns":1},{"damage":0,"enemies":"Slime Boss","floor":16,"turns":3},{"damage":11,"enemies":"theJungle:Flameango_and_Byrd","floor":18,"turns":3},{"damage":0,"enemies":"theJungle:GiantWrat","floor":20,"turns":3},{"damage":29,"enemies":"theJungle:2_Flameangoes","floor":21,"turns":3},{"damage":24,"enemies":"theJungle:2_Phrogs","floor":23,"turns":3}],"seed_played":"1029023022717541087","potions_obtained":[{"floor":7,"key":"LiquidMemories"},{"floor":8,"key":"SpeedPotion"},{"floor":10,"key":"Strength Potion"},{"floor":12,"key":"SteroidPotion"},{"floor":16,"key":"Energy Potion"},{"floor":18,"key":"Explosive Potion"},{"floor":20,"key":"Weak Potion"}],"is_trial":false,"path_per_floor":["M","?","M","?","?","R","E","M","T","M","$","M","M","?","R","B",null,"M","?","M","M","?","E"],"character_chosen":"WATCHER","items_purchased":["CutThroughFate"],"campfire_rested":1,"item_purchase_floors":[11],"current_hp_per_floor":[72,72,70,70,52,52,36,36,36,36,36,36,36,22,58,58,72,61,51,51,22,24,0,0],"gold":326,"neow_bonus":"ONE_RANDOM_RARE_CARD","is_daily":false,"chose_seed":false,"campfire_upgraded":1,"win_rate":0.0,"timestamp":1609600747,"path_taken":["M","?","M","?","?","R","E","M","T","M","$","M","M","?","R","BOSS","M","?","M","M","?","E"],"items_purchased_type":["Card"],"build_version":"2020-12-22","purchased_purges":1,"victory":false,"max_hp_per_floor":[72,72,72,72,72,72,72,72,72,72,72,72,72,72,72,72,72,72,72,72,72,72,72,72],"card_choices":[{"not_picked":["Evaluate","InnerPeace"],"picked":"DeceiveReality","floor":1},{"not_picked":["Pray","EmptyBody"],"picked":"Consecrate","floor":3},{"not_picked":["Collect","Consecrate"],"picked":"FollowUp","floor":7},{"not_picked":["Indignation","EmptyFist","Halt"],"picked":"SKIP","floor":8},{"not_picked":["PathToVictory","Evaluate"],"picked":"Weave","floor":10},{"not_picked":["Prostrate","CrushJoints","BattleHymn"],"picked":"SKIP","floor":12},{"not_picked":["Wish","Sanctity"],"picked":"PathToVictory","floor":13},{"not_picked":["MasterReality","ConjureBlade"],"picked":"Omniscience","floor":16},{"not_picked":["FollowUp+1","Nirvana+1"],"picked":"FlurryOfBlows+1","floor":18},{"not_picked":["CrushJoints","Crescendo","CarveReality+1"],"picked":"SKIP","floor":20},{"not_picked":["CrushJoints","Crescendo"],"picked":"CarveReality+1","floor":20},{"not_picked":["CrushJoints+1","Sanctity","WheelKick"],"picked":"SKIP","floor":21}],"player_experience":95069,"relics_obtained":[{"floor":7,"key":"Bronze Scales"},{"floor":9,"key":"Regal Pillow"}],"event_choices":[{"damage_healed":0,"gold_gain":0,"player_choice":"Grow","damage_taken":0,"max_hp_gain":0,"max_hp_loss":0,"event_name":"Living Wall","floor":2,"gold_loss":0,"cards_upgraded":["LessonLearned"]},{"cards_removed":["Defend_P"],"damage_healed":0,"gold_gain":0,"player_choice":"Card Removal","damage_taken":0,"max_hp_gain":0,"max_hp_loss":0,"event_name":"The Cleric","floor":4,"gold_loss":50},{"damage_healed":0,"gold_gain":0,"player_choice":"Success","damage_taken":18,"relics_obtained":["Boot"],"max_hp_gain":0,"max_hp_loss":0,"event_name":"Scrap Ooze","floor":5,"gold_loss":0},{"damage_healed":0,"gold_gain":0,"player_choice":"Entered Light","damage_taken":14,"max_hp_gain":0,"max_hp_loss":0,"event_name":"Shining Light","floor":14,"gold_loss":0,"cards_upgraded":["Strike_P","FollowUp"]}],"is_beta":false,"boss_relics":[{"not_picked":["Cursed Key","Velvet Choker"],"picked":"HolyWater"}],"items_purged_floors":[11],"is_endless":false,"potions_floor_spawned":[7,8,10,12,16,18,20],"killed_by":"theJungle:2_Phrogs","ascension_level":2}}