{"host":"f5n4tidiz2n5sooh","time":1609546254,"event":{"mods":["BaseMod","Bestiary","Colored Map","Minty Spire (QoL Compilation)","Relic Stats","StSLib"],"gold_per_floor":[117,137,148,148,148,179,179,192,192,37,37,48,48,61,61,138,138,155,168,185,75,75,75],"floor_reached":22,"playtime":910,"items_purged":["Strike_R"],"score":376,"play_id":"05847d75-9bbb-4ab6-a080-fa953e214ed1","local_time":"20210101181054","is_ascension_mode":true,"campfire_choices":[{"floor":11,"key":"REST"},{"floor":13,"key":"REST"},{"floor":15,"key":"REST"}],"circlet_count":0,"master_deck":["AscendersBane","Strike_R","Strike_R","Defend_R","Defend_R","Defend_R","Defend_R+1","Bash","Combust","Inflame+1","Uppercut","Juggernaut","Feel No Pain","Entrench","Metallicize","Limit Break","True Grit","Second Wind","Infernal Blade+1"],"relics":["Fusion Hammer","Bottled Tornado","Sundial","Black Star"],"acts_visited":["Exordium","TheCity"],"potions_floor_usage":[6,12,16,18,22,22],"damage_taken":[{"damage":2,"enemies":"2 Louse","floor":1,"turns":2},{"damage":1,"enemies":"Small Slimes","floor":2,"turns":2},{"damage":0,"enemies":"Cultist","floor":3,"turns":3},{"damage":23,"enemies":"3 Sentries","floor":6,"turns":6},{"damage":3,"enemies":"Blue Slaver","floor":8,"turns":2},{"damage":32,"enemies":"Gremlin Gang","floor":12,"turns":4},{"damage":9,"enemies":"Red Slaver","floor":14,"turns":3},{"damage":33,"enemies":"The Guardian","floor":16,"turns":9},{"damage":42,"enemies":"2 Thieves","floor":18,"turns":4},{"damage":23,"enemies":"Spheric Guardian","floor":19,"turns":8},{"damage":25,"enemies":"Chosen and Byrds","floor":20,"turns":7},{"damage":16,"enemies":"Snake Plant","floor":22,"turns":2}],"seed_played":"7565247215125743854","potions_obtained":[{"floor":1,"key":"AttackPotion"},{"floor":7,"key":"Strength Potion"},{"floor":7,"key":"ElixirPotion"},{"floor":8,"key":"PowerPotion"},{"floor":12,"key":"DistilledChaos"},{"floor":16,"key":"BloodPotion"},{"floor":18,"key":"ColorlessPotion"},{"floor":19,"key":"FairyPotion"},{"floor":20,"key":"AttackPotion"}],"is_trial":false,"path_per_floor":["M","M","M","?","?","E","?","M","T","$","R","M","R","M","R","B",null,"M","M","M","?","M"],"character_chosen":"IRONCLAD","items_purchased":["Feel No Pain"],"campfire_rested":3,"item_purchase_floors":[10],"current_hp_per_floor":[66,65,65,58,58,35,35,32,32,32,54,22,44,35,57,24,62,35,12,12,12,0,0],"gold":75,"neow_bonus":"BOSS_RELIC","is_daily":false,"chose_seed":false,"campfire_upgraded":0,"win_rate":0.0,"timestamp":1609546254,"path_taken":["M","M","M","?","?","E","?","M","T","$","R","M","R","M","R","BOSS","M","?","M","?","M"],"items_purchased_type":["Card"],"build_version":"2020-12-22","purchased_purges":1,"victory":false,"max_hp_per_floor":[75,75,75,75,75,75,75,75,75,75,75,75,75,75,75,75,75,75,75,75,75,75,75],"relic_stats":{"counters":[12,52],"Sundial":[6],"Black Star":0,"obtain_stats":[{"Sundial":9,"Fusion Hammer":0,"Black Star":17,"Bottled Tornado":6,"Burning Blood":0},{"Sundial":5,"Fusion Hammer":0,"Black Star":8,"Bottled Tornado":4,"Burning Blood":0},{"Sundial":15,"Fusion Hammer":0,"Black Star":31,"Bottled Tornado":13,"Burning Blood":0}]},"card_choices":[{"not_picked":["Rupture","Clash"],"picked":"Combust","floor":1},{"not_picked":["Combust","Heavy Blade"],"picked":"Inflame","floor":2},{"not_picked":["Perfected Strike","Shrug It Off"],"picked":"Uppercut","floor":3},{"not_picked":["Twin Strike","Reckless Charge","Uppercut"],"picked":"SKIP","floor":6},{"not_picked":["Iron Wave","Clothesline"],"picked":"Juggernaut","floor":8},{"not_picked":["Havoc","Cleave"],"picked":"Entrench","floor":12},{"not_picked":["Perfected Strike","Flex","Metallicize"],"picked":"SKIP","floor":14},{"not_picked":["Perfected Strike","Flex"],"picked":"Metallicize","floor":14},{"not_picked":["Fiend Fire","Offering"],"picked":"Limit Break","floor":16},{"not_picked":["Twin Strike","Clash"],"picked":"True Grit","floor":18},{"not_picked":["Body Slam","Berserk"],"picked":"Second Wind","floor":19},{"not_picked":["Clothesline+1","Wild Strike"],"picked":"Infernal Blade+1","floor":20}],"player_experience":1958773,"relics_obtained":[{"floor":6,"key":"Bottled Tornado"},{"floor":9,"key":"Sundial"}],"event_choices":[{"cards_removed":["Strike_R"],"damage_healed":0,"gold_gain":0,"player_choice":"Card Removal","damage_taken":7,"max_hp_gain":0,"max_hp_loss":0,"event_name":"Golden Wing","floor":4,"gold_loss":0},{"damage_healed":0,"gold_gain":0,"player_choice":"Grow","damage_taken":0,"max_hp_gain":0,"max_hp_loss":0,"event_name":"Living Wall","floor":5,"gold_loss":0,"cards_upgraded":["Inflame"]},{"damage_healed":0,"gold_gain":0,"player_choice":"Got Potions","damage_taken":0,"max_hp_gain":0,"max_hp_loss":0,"event_name":"Lab","floor":7,"gold_loss":0},{"cards_removed":["Strike_R"],"damage_healed":0,"gold_gain":0,"player_choice":"Upgrade and Remove","damage_taken":0,"max_hp_gain":0,"max_hp_loss":0,"event_name":"Designer","floor":21,"gold_loss":110,"cards_upgraded":["Defend_R"]}],"is_beta":false,"boss_relics":[{"not_picked":["Ectoplasm","Mark of Pain"],"picked":"Black Star"}],"items_purged_floors":[10],"is_endless":false,"potions_floor_spawned":[1,8,12,16,18,19,20],"killed_by":"Snake Plant","ascension_level":20}}