{"host":"xwqwvmlzre68xjvm","time":1609557856,"event":{"mods":["BaseMod","Colored Map","Colored Powertips","Hermit","Minty Spire (QoL Compilation)","Replay The Spire","StSLib","SuperFastMode","Td1madao Mod","The Bug Knight","The Cursed","The Hierophant","The Runesmith"],"gold_per_floor":[119,119,119,135,151,181,181,181,181,200,200,200],"floor_reached":11,"playtime":317,"items_purged":[],"score":77,"play_id":"16ed3ff1-fa2f-4821-9f73-a4861fc6689c","local_time":"20210102122416","is_ascension_mode":true,"campfire_choices":[{"data":"Enlightenment","floor":8,"key":"SMITH"}],"circlet_count":0,"master_deck":["Strike_G","Strike_G","Strike_G","Strike_G","Strike_G","Defend_G","Defend_G","Defend_G","Defend_G","Survivor","Neutralize","Enlightenment+1","Quick Slash","Skewer","Regret","Slice","Backstab","After Image+1","PiercingWail"],"relics":["Ring of the Snake","Shuriken","HollowMod:StagPassRelic","Gremlin Food"],"acts_visited":["Exordium"],"potions_floor_usage":[6],"damage_taken":[{"damage":13,"enemies":"Jaw Worm","floor":1,"turns":5},{"damage":13,"enemies":"Small Slimes","floor":4,"turns":2},{"damage":8,"enemies":"Cultist","floor":5,"turns":3},{"damage":23,"enemies":"Gremlin Nob","floor":6,"turns":4},{"damage":3,"enemies":"Red Slaver","floor":10,"turns":3},{"damage":11,"enemies":"Lagavulin","floor":11,"turns":2}],"seed_played":"-8211355728879046056","potions_obtained":[{"floor":1,"key":"Explosive Potion"}],"is_trial":false,"path_per_floor":["M","?","?","M","M","E","?","R","T","M","E"],"character_chosen":"THE_SILENT","items_purchased":[],"campfire_rested":0,"item_purchase_floors":[],"current_hp_per_floor":[57,57,57,44,36,13,13,13,13,10,0,0],"gold":200,"neow_bonus":"RANDOM_COLORLESS","is_daily":false,"chose_seed":false,"campfire_upgraded":1,"win_rate":0.0,"timestamp":1609557856,"path_taken":["M","?","?","M","M","E","?","R","T","?","E"],"items_purchased_type":[],"build_version":"2020-12-22","purchased_purges":0,"victory":false,"max_hp_per_floor":[70,70,70,70,70,70,70,70,70,70,70,70],"card_choices":[{"not_picked":["Impatience","Survey Options"],"picked":"Enlightenment","floor":0},{"not_picked":["Heel Hook","Slice"],"picked":"Quick Slash","floor":1},{"not_picked":["Dagger Spray","Heel Hook"],"picked":"Slice","floor":4},{"not_picked":["Backflip","Choke"],"picked":"Backstab","floor":5},{"not_picked":["Outmaneuver","ReplayTheSpireMod:Exploit Weakness"],"picked":"After Image","floor":6},{"not_picked":["Backflip","Bouncing Flask"],"picked":"PiercingWail","floor":10}],"player_experience":18118,"relics_obtained":[{"floor":6,"key":"HollowMod:StagPassRelic"},{"floor":9,"key":"Gremlin Food"}],"event_choices":[{"damage_healed":0,"gold_gain":0,"cards_transformed":["Defend_G"],"player_choice":"Change","damage_taken":0,"max_hp_gain":0,"max_hp_loss":0,"event_name":"Living Wall","floor":2,"gold_loss":0,"cards_obtained":["Skewer"]},{"damage_healed":0,"gold_gain":0,"player_choice":"Box","damage_taken":0,"relics_obtained":["Shuriken"],"max_hp_gain":0,"max_hp_loss":0,"event_name":"Big Fish","floor":3,"gold_loss":0,"cards_obtained":["Regret"]},{"damage_healed":0,"gold_gain":0,"player_choice":"Upgraded","damage_taken":0,"max_hp_gain":0,"max_hp_loss":0,"event_name":"Upgrade Shrine","floor":7,"gold_loss":0,"cards_upgraded":["After Image"]}],"is_beta":false,"boss_relics":[],"items_purged_floors":[],"is_endless":false,"potions_floor_spawned":[1],"killed_by":"Lagavulin","ascension_level":1}}