{"host":"56ghxnzsglgdq727","time":1609575687,"event":{"mods":["AchievementEnabler","BaseMod","Downfall","Minty Spire (QoL Compilation)","StSLib"],"gold_per_floor":[99,113,126,126,144,54,77,94,119,139,44,64,64,64,84,184,184,184,200,213,232,79,79,128,144,144,159,159,19,39,39,39,39,39],"floor_reached":32,"playtime":2168,"items_purged":["hexamod:Defend","hexamod:GhostLash","hexamod:Defend"],"score":246,"play_id":"4b88b79e-7905-468e-8cd0-8fa62960263a","local_time":"20210102032127","is_ascension_mode":false,"campfire_choices":[{"data":"hexamod:Float","floor":1,"key":"SMITH"},{"data":"hexamod:HexaLevel","floor":18,"key":"SMITH"},{"data":"hexamod:GhostflameInferno","floor":23,"key":"SMITH"},{"floor":28,"key":"REST"}],"circlet_count":0,"master_deck":["hexamod:Strike","hexamod:Strike","hexamod:Defend","hexamod:Defend","hexamod:Sear+1","hexamod:Float+1","hexamod:InspiringFlames","hexamod:ThirdSeal","hexamod:WildfireWeapon","hexamod:StepThrough","hexamod:FirstSeal","hexamod:GhostflameInferno","hexamod:Rewind","hexamod:CatchUp","hexamod:StepThrough","hexamod:HexaLevel+1","hexamod:GhostflameBarrier","hexamod:Rewind","hexamod:GhostflameInferno","hexamod:GhostflameInferno+1","hexamod:InspiringFlames+1","hexamod:SpectralAdrenaline+1","hexamod:StepThrough","hexamod:SoulSteal","hexamod:FifthSeal","hexamod:SecondSeal","hexamod:ExtraCrispy+1","hexamod:TimeOfNeed","hexamod:FifthSeal"],"relics":["Toy Ornithopter","hexamod:MatchstickCase","Philosopher\u0027s Stone","Juzu Bracelet","Nloth\u0027s Gift"],"acts_visited":["Exordium","TheCity"],"potions_floor_usage":[9,10,16,16,20,20,27,29],"damage_taken":[{"damage":0,"enemies":"Small Slimes","floor":2,"turns":3},{"damage":0,"enemies":"Cultist","floor":3,"turns":3},{"damage":2,"enemies":"2 Louse","floor":5,"turns":3},{"damage":4,"enemies":"downfall:FleeingMerchant","floor":6,"turns":4},{"damage":19,"enemies":"2 Fungi Beasts","floor":8,"turns":5},{"damage":36,"enemies":"3 Sentries","floor":9,"turns":9},{"damage":14,"enemies":"Gremlin Gang","floor":10,"turns":4},{"damage":0,"enemies":"downfall:FleeingMerchant","floor":11,"turns":4},{"damage":1,"enemies":"Blue Slaver","floor":12,"turns":3},{"damage":11,"enemies":"Exordium Thugs","floor":15,"turns":4},{"damage":10,"enemies":"downfall:Watcher","floor":16,"turns":9},{"damage":1,"enemies":"Chosen","floor":19,"turns":4},{"damage":20,"enemies":"Centurion and Healer","floor":20,"turns":4},{"damage":24,"enemies":"3 Cultists","floor":21,"turns":5},{"damage":14,"enemies":"downfall:FleeingMerchant","floor":22,"turns":4},{"damage":24,"enemies":"Snecko","floor":25,"turns":6},{"damage":18,"enemies":"Cultist and Chosen","floor":27,"turns":6},{"damage":35,"enemies":"downfall:FleeingMerchant","floor":29,"turns":4},{"damage":1,"enemies":"3 Cultists","floor":30,"turns":3},{"damage":22,"enemies":"Chosen and Byrds","floor":32,"turns":4}],"seed_played":"4054561508685527563","potions_obtained":[{"floor":5,"key":"PowerPotion"},{"floor":8,"key":"Energy Potion"},{"floor":9,"key":"Slimebound:ThreeZeroPotion"},{"floor":10,"key":"hexamod:DoubleChargePotion"},{"floor":15,"key":"champ:CounterPotion"},{"floor":19,"key":"Slimebound:ThreeZeroPotion"},{"floor":25,"key":"LiquidBronze"},{"floor":27,"key":"AttackPotion"}],"is_trial":false,"path_per_floor":["R","M","M","?","M","$","T","M","E","M","$","M","?","?","M","B",null,"R","M","M","M","$","R","T","M","?","M","R","$","M","?","M"],"character_chosen":"THE_SPIRIT","items_purchased":["hexamod:HexaLevel","hexamod:StepThrough"],"campfire_rested":1,"item_purchase_floors":[11,22],"current_hp_per_floor":[77,77,77,77,75,71,71,52,28,26,33,32,32,32,28,35,77,77,77,64,47,40,40,40,23,23,17,40,17,16,16,0,0,0],"gold":39,"neow_bonus":"TEN_PERCENT_HP_BONUS","is_daily":false,"chose_seed":false,"campfire_upgraded":3,"win_rate":0.0,"timestamp":1609575687,"path_taken":["R","M","M","?","M","?","T","?","E","M","$","M","?","?","M","BOSS","R","M","?","M","$","R","T","M","?","M","R","?","M","?","M"],"items_purchased_type":["Card","Card"],"build_version":"2020-12-22","purchased_purges":3,"victory":false,"max_hp_per_floor":[77,77,77,77,77,77,77,77,77,77,77,77,77,77,77,77,77,77,77,77,77,77,77,77,77,77,77,77,77,77,77,77,77,77],"card_choices":[{"not_picked":["hexamod:Hexaguard","hexamod:HeatShield"],"picked":"hexamod:InspiringFlames","floor":2},{"not_picked":["hexamod:SwordOfDarkness","hexamod:Haunt","hexamod:NightmareStrike"],"picked":"SKIP","floor":3},{"not_picked":["hexamod:GhostLash","hexamod:CatchUp"],"picked":"hexamod:ThirdSeal","floor":5},{"not_picked":["hexamod:InspiringFlames","hexamod:SwordOfDarkness"],"picked":"hexamod:WildfireWeapon","floor":6},{"not_picked":["hexamod:SpectersWail","hexamod:NecessarySacrifice"],"picked":"hexamod:StepThrough","floor":6},{"not_picked":["hexamod:PhantomCloak","hexamod:NightmareStrike"],"picked":"hexamod:FirstSeal","floor":8},{"not_picked":["hexamod:ThermalTransfer","hexamod:RainOfEmbers","hexamod:NightmareGuise"],"picked":"SKIP","floor":8},{"not_picked":["hexamod:EtherealExpedition","hexamod:BacktrackSmack"],"picked":"hexamod:GhostflameInferno","floor":9},{"not_picked":["hexamod:Firestarter","hexamod:NightmareStrike","hexamod:NecessarySacrifice"],"picked":"SKIP","floor":9},{"not_picked":["hexamod:RainOfEmbers","hexamod:RecurringNightmare"],"picked":"hexamod:Rewind","floor":10},{"not_picked":["hexamod:GhostShield","hexamod:Rewind"],"picked":"hexamod:CatchUp","floor":10},{"not_picked":["hexamod:AdvancingGuard","hexamod:ThermalTransfer"],"picked":"hexamod:StepThrough","floor":11},{"not_picked":["hexamod:NightmareGuise","hexamod:BacktrackSmack","hexamod:Hexaguard"],"picked":"SKIP","floor":12},{"not_picked":["hexamod:InspiringFlames","hexamod:HeatCrush","hexamod:RadiantFlame"],"picked":"SKIP","floor":12},{"not_picked":["hexamod:ThermalTransfer","hexamod:InspiringFlames"],"picked":"hexamod:Rewind","floor":15},{"not_picked":["hexamod:DynamicBlow","hexamod:UnleashSpirits","hexamod:GhostLash"],"picked":"SKIP","floor":15},{"not_picked":["hexamod:WildfireWeapon","hexamod:UnleashSpirits"],"picked":"hexamod:GhostflameInferno","floor":16},{"not_picked":["hexamod:TurnItUp","hexamod:HexaLevel"],"picked":"hexamod:GhostflameInferno","floor":16},{"not_picked":["hexamod:ShieldOfDarkness","hexamod:HeatShield+1","hexamod:GhostLash"],"picked":"SKIP","floor":19},{"not_picked":["hexamod:NightmareGuise","hexamod:GhostShield","hexamod:BurningTouch"],"picked":"SKIP","floor":19},{"not_picked":["hexamod:HauntingEcho","hexamod:Rewind"],"picked":"hexamod:GhostLash","floor":20},{"not_picked":["hexamod:ShieldOfDarkness","hexamod:HeatCrush+1","hexamod:ThermalTransfer"],"picked":"SKIP","floor":20},{"not_picked":["hexamod:CrushingStance","hexamod:CatchUp+1"],"picked":"hexamod:InspiringFlames+1","floor":21},{"not_picked":["hexamod:InspiringFlames","hexamod:SwordOfDarkness"],"picked":"hexamod:SpectralAdrenaline+1","floor":21},{"not_picked":["hexamod:BacktrackSmack","hexamod:HeatMetal","hexamod:GhostShield"],"picked":"SKIP","floor":22},{"not_picked":["hexamod:BacktrackSmack","hexamod:ChargedBarrage+1","hexamod:NightmareStrike"],"picked":"SKIP","floor":22},{"not_picked":["hexamod:BurningTouch","hexamod:ShieldOfDarkness"],"picked":"hexamod:SoulSteal","floor":25},{"not_picked":["hexamod:PhantomCloak","hexamod:ThermalTransfer","hexamod:Firestarter"],"picked":"SKIP","floor":25},{"not_picked":["hexamod:AdvancingGuard+1","hexamod:EtherealExpedition"],"picked":"hexamod:FifthSeal","floor":27},{"not_picked":["hexamod:GhostflameBarrier","hexamod:PhantomFireball","hexamod:ShieldOfDarkness+1"],"picked":"SKIP","floor":27},{"not_picked":["hexamod:ThirdSeal","hexamod:FourthSeal"],"picked":"hexamod:SecondSeal","floor":29},{"not_picked":["hexamod:ThermalTransfer","hexamod:ChargedBarrage"],"picked":"hexamod:ExtraCrispy+1","floor":29},{"not_picked":["hexamod:RainOfEmbers","hexamod:SecondSeal"],"picked":"hexamod:TimeOfNeed","floor":29},{"not_picked":["hexamod:Firestarter","hexamod:SpectralAdrenaline"],"picked":"hexamod:FifthSeal","floor":30}],"player_experience":83929,"relics_obtained":[{"floor":7,"key":"Toy Ornithopter"},{"floor":9,"key":"hexamod:MatchstickCase"},{"floor":24,"key":"Juzu Bracelet"}],"event_choices":[{"damage_healed":0,"gold_gain":0,"player_choice":"Forge","damage_taken":0,"max_hp_gain":0,"max_hp_loss":0,"event_name":"Accursed Blacksmith","floor":4,"gold_loss":0,"cards_upgraded":["hexamod:Sear"]},{"cards_removed":["hexamod:Strike"],"damage_healed":0,"gold_gain":0,"player_choice":"Card Removal","damage_taken":0,"max_hp_gain":0,"max_hp_loss":0,"event_name":"The Cleric","floor":13,"gold_loss":0},{"damage_healed":0,"gold_gain":0,"cards_transformed":["hexamod:Strike"],"player_choice":"Transformed","damage_taken":0,"max_hp_gain":0,"max_hp_loss":0,"event_name":"Transmorgrifier","floor":14,"gold_loss":0,"cards_obtained":["hexamod:GhostflameBarrier"]}],"is_beta":false,"boss_relics":[{"not_picked":["Busted Crown","Cursed Key"],"picked":"Philosopher\u0027s Stone"}],"items_purged_floors":[6,22,29],"is_endless":false,"potions_floor_spawned":[5,8,9,10,15,19,25,27],"killed_by":"Chosen and Byrds","ascension_level":0}}