{"host":"2uzrezb18q7r18aw","time":1609610571,"event":{"mods":["Act Like it!","BaseMod","Gensokyo","Minty Spire (QoL Compilation)","StSLib"],"gold_per_floor":[117,117,117,127,127,153,153,153,180,180,180,40,54,54,54,150,150,168,90,90,90,340,590,619,419,446,461,488,518,139,139,139,139,139],"floor_reached":33,"playtime":1001,"items_purged":[],"score":327,"play_id":"d2cac503-4892-4935-84eb-6499e561a45a","local_time":"20210103030251","daily_mods":["SealedDeck","Heirloom","Time Dilation","Flight"],"is_ascension_mode":false,"campfire_choices":[{"data":"Uppercut","floor":7.0,"key":"SMITH"},{"data":"Flex","floor":10.0,"key":"SMITH"},{"data":"Sword Boomerang","floor":15.0,"key":"SMITH"},{"data":"Inflame","floor":32,"key":"SMITH"}],"circlet_count":0,"master_deck":["Cleave","Sword Boomerang+1","Pummel","Twin Strike","Spot Weakness","Metallicize+1","Uppercut+1","Power Through","Cleave","Flex+1","Shrug It Off","Pommel Strike","Impervious","Battle Trance","Shrug It Off","Gensokyo:BlemishedSteel","Inflame+1","Immolate+1"],"relics":["Black Blood","Unceasing Top","Bag of Preparation","Gensokyo:Justice","Oddly Smooth Stone","Pear","Mango","Gensokyo:MosesMiracle","Lantern","Bronze Scales","MawBank","Molten Egg 2","Strawberry","Question Card","Frozen Eye","Nunchaku"],"acts_visited":["Exordium","Gensokyo:Gensokyo"],"potions_floor_usage":[27],"damage_taken":[{"damage":0.0,"enemies":"Gensokyo:3_Fairies","floor":1.0,"turns":2.0},{"damage":0.0,"enemies":"Gensokyo:Python","floor":4.0,"turns":2.0},{"damage":3.0,"enemies":"Gensokyo:Aya","floor":6.0,"turns":5.0},{"damage":0.0,"enemies":"Gensokyo:2_Kodama","floor":13.0,"turns":1.0},{"damage":17.0,"enemies":"Gensokyo:Kokoro","floor":16.0,"turns":6.0},{"damage":0.0,"enemies":"Gensokyo:Chomper","floor":18.0,"turns":2.0},{"damage":28,"enemies":"Gensokyo:Reisen","floor":24,"turns":6},{"damage":12,"enemies":"Gensokyo:3_Dogs","floor":27,"turns":3},{"damage":25,"enemies":"Gensokyo:Koishi","floor":28,"turns":6},{"damage":17,"enemies":"Gensokyo:Wraith","floor":29,"turns":5},{"damage":102,"enemies":"Gensokyo:Eternal_Rivals","floor":33,"turns":7}],"seed_played":"-2133861865739845356","potions_obtained":[{"floor":6.0,"key":"SteroidPotion"},{"floor":13.0,"key":"FearPotion"},{"floor":16.0,"key":"FearPotion"},{"floor":24,"key":"Swift Potion"},{"floor":27,"key":"BlessingOfTheForge"},{"floor":29,"key":"Dexterity Potion"}],"is_trial":true,"path_per_floor":["M","?","?","M","$","E","R","?","T","R","?","?","M","?","R","B",null,"M","$","?","?","?","?","E","COS","T","M","E","M","$","?","R","B"],"character_chosen":"IRONCLAD","items_purchased":["Battle Trance","Question Card","Frozen Eye"],"campfire_rested":0,"item_purchase_floors":[19,30,30],"current_hp_per_floor":[80,80,64,70,70,73,73,73,73,73,68,82,88,88,88,77,104,104,104,104,104,104,98,82,82,82,82,69,71,71,71,71,0,0],"gold":139,"neow_bonus":"","is_daily":false,"chose_seed":false,"campfire_upgraded":4,"win_rate":0.0,"timestamp":1609610571,"path_taken":["M","?","?","?","?","E","R","?","T","R","?","?","?","?","R","BOSS","M","?","?","?","?","?","E","COS","T","?","E","M","$","?","R","BOSS"],"items_purchased_type":["Card","Relic","Relic"],"build_version":"2020-12-22","purchased_purges":0,"victory":false,"max_hp_per_floor":[80,80,80,80,80,80,80,80,80,80,90,104,104,104,104,104,104,104,104,104,104,104,98,98,98,98,98,98,105,105,97,97,97,97],"card_choices":[{"not_picked":["Seeing Red","Reckless Charge"],"picked":"Flex","floor":1.0},{"not_picked":["Body Slam","Perfected Strike","Havoc"],"picked":"SKIP","floor":4.0},{"not_picked":["Twin Strike","Berserk"],"picked":"Shrug It Off","floor":6.0},{"not_picked":["Thunderclap","Heavy Blade"],"picked":"Pommel Strike","floor":13.0},{"not_picked":["Brutality","Fiend Fire"],"picked":"Impervious","floor":16.0},{"not_picked":["Heavy Blade","Thunderclap","Iron Wave"],"picked":"SKIP","floor":18.0},{"not_picked":["Reckless Charge","Twin Strike+1"],"picked":"Shrug It Off","floor":24},{"not_picked":["Clothesline+1","True Grit+1"],"picked":"Inflame","floor":27},{"not_picked":["Clash+1","Burning Pact"],"picked":"Immolate+1","floor":28},{"not_picked":["Anger+1","Carnage+1","Iron Wave+1"],"picked":"SKIP","floor":28},{"not_picked":["Headbutt+1","Anger+1","Armaments"],"picked":"SKIP","floor":29}],"player_experience":589905,"relics_obtained":[{"floor":6.0,"key":"Red Skull"},{"floor":9.0,"key":"Oddly Smooth Stone"},{"floor":24,"key":"Lantern"},{"floor":26,"key":"Bronze Scales"},{"floor":28,"key":"Gensokyo:MosesMiracle"},{"floor":28,"key":"Molten Egg 2"}],"event_choices":[],"is_beta":false,"boss_relics":[{"not_picked":["Runic Cube","Runic Pyramid"],"picked":"Black Blood"}],"items_purged_floors":[],"is_endless":false,"potions_floor_spawned":[6,13,16,24,27,29],"killed_by":"Gensokyo:Eternal_Rivals","ascension_level":0}}