{"host":"oy4pyvr762z5n0bb","time":1609623330,"event":{"mods":["AchievementEnabler","BaseMod","Colored Map","Colored Powertips","Googly Eyes","Key Reminder","Minty Spire (QoL Compilation)","Quick Restart","Relic Sorter","StSLib","SuperFastMode","Unceasing Turn Reminder","slay the spire mod where everything is the same but ironclad has a cowboy hat"],"gold_per_floor":[118,129,129,3,3,3,17,44,117,181,181,90,90,117,117,214,214,232,232,248,267,64,64,91,91,172,182,195,215,215,34,34,134,134,154,154,169,119,135,167,167,199,222,222,222,222],"floor_reached":45,"playtime":1254,"items_purged":["Decay","Strike_G+1","Outmaneuver"],"score":724,"play_id":"41f23937-66a6-4d54-92c3-ce46824e0603","local_time":"20210102133530","is_ascension_mode":true,"campfire_choices":[{"data":"Poisoned Stab","floor":6,"key":"SMITH"},{"floor":11,"key":"REST"},{"data":"Poisoned Stab","floor":15,"key":"SMITH"},{"floor":23,"key":"REST"},{"floor":25,"key":"REST"},{"data":"Apotheosis","floor":32,"key":"SMITH"}],"circlet_count":0,"master_deck":["Survivor","Neutralize","Leg Sweep","Poisoned Stab+1","Quick Slash","Poisoned Stab+1","PiercingWail","Poisoned Stab","Poisoned Stab+1","Noxious Fumes","Dagger Spray+1","Glass Knife+1","Malaise","Blade Dance+1","Outmaneuver","Flying Knee+1","A Thousand Cuts","Calculated Gamble+1","Adrenaline","Apotheosis+1","After Image","Terror","Heel Hook+1","Dagger Throw+1","Dash+1","Noxious Fumes","Heel Hook+1","Prepared","Doubt"],"relics":["Ring of the Serpent","Smiling Mask","Toy Ornithopter","Molten Egg 2","Ninja Scroll","Bottled Flame","Chemical X","Centennial Puzzle","Blue Candle","Pandora\u0027s Box","Gremlin Horn","Omamori","Ancient Tea Set","Boot"],"acts_visited":["Exordium","TheCity","TheBeyond"],"potions_floor_usage":[8,29,29],"damage_taken":[{"damage":2,"enemies":"Cultist","floor":1,"turns":4},{"damage":14,"enemies":"Small Slimes","floor":2,"turns":6},{"damage":0,"enemies":"2 Louse","floor":7,"turns":2},{"damage":25,"enemies":"Gremlin Nob","floor":8,"turns":4},{"damage":18,"enemies":"Gremlin Nob","floor":10,"turns":4},{"damage":25,"enemies":"Lagavulin","floor":14,"turns":4},{"damage":22,"enemies":"Slime Boss","floor":16,"turns":10},{"damage":17,"enemies":"Shell Parasite","floor":18,"turns":4},{"damage":6,"enemies":"3 Byrds","floor":20,"turns":3},{"damage":6,"enemies":"Shelled Parasite and Fungi","floor":21,"turns":5},{"damage":23,"enemies":"Slavers","floor":24,"turns":5},{"damage":4,"enemies":"Snecko","floor":27,"turns":4},{"damage":0,"enemies":"Snake Plant","floor":28,"turns":5},{"damage":4,"enemies":"Shelled Parasite and Fungi","floor":29,"turns":3},{"damage":54,"enemies":"Collector","floor":33,"turns":8},{"damage":21,"enemies":"3 Shapes","floor":35,"turns":7},{"damage":5,"enemies":"Orb Walker","floor":37,"turns":4},{"damage":20,"enemies":"4 Shapes","floor":39,"turns":8},{"damage":53,"enemies":"Reptomancer","floor":40,"turns":6},{"damage":60,"enemies":"Giant Head","floor":42,"turns":8},{"damage":37,"enemies":"Spire Growth","floor":45,"turns":3}],"seed_played":"-5310304762357850323","potions_obtained":[{"floor":2,"key":"SkillPotion"},{"floor":16,"key":"FearPotion"},{"floor":21,"key":"Explosive Potion"},{"floor":24,"key":"Fire Potion"},{"floor":29,"key":"Ancient Potion"},{"floor":33,"key":"LiquidMemories"}],"is_trial":false,"path_per_floor":["M","M","?","$","?","R","M","E","T","?","R","$","?","E","R","B",null,"M","?","M","M","$","R","E","R","T","M","M","M","?","$","R","B",null,"M","?","M","$","M","E","?","E","T","T","M"],"character_chosen":"THE_SILENT","items_purchased":["Quick Slash","Poisoned Stab","Noxious Fumes","Dagger Spray+1","Chemical X","Apotheosis"],"campfire_rested":3,"item_purchase_floors":[4,4,12,12,22,31],"current_hp_per_floor":[75,61,54,54,54,54,54,29,29,11,36,36,64,39,39,17,67,50,50,44,38,38,63,40,65,65,61,61,67,67,67,67,13,66,45,94,89,89,69,16,94,34,34,34,0,0],"gold":222,"neow_bonus":"TWENTY_PERCENT_HP_BONUS","is_daily":false,"chose_seed":false,"campfire_upgraded":3,"win_rate":0.0,"timestamp":1609623330,"path_taken":["M","M","?","$","?","R","M","E","T","?","R","$","?","E","R","BOSS","M","?","M","M","$","R","E","R","T","M","M","M","?","?","R","BOSS","M","?","?","$","M","E","?","E","T","?","?"],"items_purchased_type":["Card","Card","Card","Card","Relic","Card"],"build_version":"2020-12-22","purchased_purges":3,"victory":false,"max_hp_per_floor":[84,84,84,84,84,84,84,84,84,84,84,84,84,84,84,84,84,84,84,84,84,84,84,84,84,84,84,84,84,84,84,84,84,84,84,94,94,94,94,94,94,94,94,94,94,94],"card_choices":[{"not_picked":["Expertise","Dodge and Roll"],"picked":"Leg Sweep","floor":1},{"not_picked":["Outmaneuver","Crippling Poison"],"picked":"Poisoned Stab","floor":2},{"not_picked":["Escape Plan","Outmaneuver"],"picked":"PiercingWail","floor":7},{"not_picked":["Outmaneuver","Masterful Stab"],"picked":"Poisoned Stab","floor":8},{"not_picked":["Wraith Form v2","Dodge and Roll"],"picked":"Poisoned Stab+1","floor":10},{"not_picked":["Glass Knife+1","Tactician","Dagger Spray+1"],"picked":"SKIP","floor":14},{"not_picked":["Tactician","Dagger Spray+1"],"picked":"Glass Knife+1","floor":14},{"not_picked":["Burst","Wraith Form v2"],"picked":"Malaise","floor":16},{"not_picked":["Bane+1","Infinite Blades+1"],"picked":"Blade Dance+1","floor":18},{"not_picked":["Underhanded Strike+1","Cloak And Dagger"],"picked":"Outmaneuver","floor":20},{"not_picked":["Leg Sweep","Blade Dance"],"picked":"Flying Knee+1","floor":21},{"not_picked":["Reflex","Bouncing Flask","Quick Slash+1"],"picked":"SKIP","floor":24},{"not_picked":["Dodge and Roll","PiercingWail"],"picked":"A Thousand Cuts","floor":27},{"not_picked":["Slice+1","Blade Dance","Dagger Throw+1"],"picked":"SKIP","floor":28},{"not_picked":["Backflip","Blade Dance+1"],"picked":"Calculated Gamble+1","floor":29},{"not_picked":["Malaise","Envenom"],"picked":"After Image","floor":33},{"not_picked":["Dagger Spray+1","Quick Slash+1","Finisher+1"],"picked":"SKIP","floor":35},{"not_picked":["Leg Sweep","Dagger Spray+1","Dodge and Roll"],"picked":"SKIP","floor":37},{"not_picked":["Dodge and Roll+1","Underhanded Strike+1","Blur+1"],"picked":"SKIP","floor":39},{"not_picked":["Eviscerate+1","Slice+1"],"picked":"Prepared","floor":40},{"not_picked":["Deflect","Corpse Explosion","Accuracy+1"],"picked":"SKIP","floor":42}],"player_experience":624849,"relics_obtained":[{"floor":8,"key":"Toy Ornithopter"},{"floor":9,"key":"Molten Egg 2"},{"floor":10,"key":"Ninja Scroll"},{"floor":14,"key":"Bottled Flame"},{"floor":24,"key":"Centennial Puzzle"},{"floor":26,"key":"Blue Candle"},{"floor":40,"key":"Gremlin Horn"},{"floor":42,"key":"Omamori"},{"floor":43,"key":"Ancient Tea Set"},{"floor":44,"key":"Boot"}],"event_choices":[{"damage_healed":0,"gold_gain":0,"player_choice":"Success","damage_taken":7,"relics_obtained":["Smiling Mask"],"max_hp_gain":0,"max_hp_loss":0,"event_name":"Scrap Ooze","floor":3,"gold_loss":0},{"damage_healed":0,"gold_gain":0,"player_choice":"Ignored","damage_taken":0,"max_hp_gain":0,"max_hp_loss":0,"event_name":"Golden Wing","floor":5,"gold_loss":0},{"damage_healed":0,"gold_gain":0,"player_choice":"Searched \u00271\u0027 times","damage_taken":0,"max_hp_gain":0,"max_hp_loss":0,"event_name":"Dead Adventurer","floor":10,"gold_loss":0},{"damage_healed":28,"gold_gain":0,"player_choice":"Banana","damage_taken":0,"max_hp_gain":0,"max_hp_loss":0,"event_name":"Big Fish","floor":13,"gold_loss":0},{"damage_healed":0,"gold_gain":0,"player_choice":"Simplicity","damage_taken":0,"max_hp_gain":0,"max_hp_loss":0,"event_name":"Back to Basics","floor":19,"gold_loss":0,"cards_upgraded":["Strike_G","Strike_G","Strike_G","Strike_G","Strike_G","Defend_G","Defend_G","Defend_G","Defend_G","Defend_G"]},{"damage_healed":0,"gold_gain":0,"cards_transformed":["Strike_G","Strike_G"],"player_choice":"Became Test Subject","damage_taken":0,"max_hp_gain":0,"max_hp_loss":0,"event_name":"Drug Dealer","floor":30,"gold_loss":0,"cards_obtained":["Outmaneuver","Adrenaline"]},{"cards_removed":["Phantasmal Killer"],"damage_healed":39,"gold_gain":0,"player_choice":"Offered Rare","damage_taken":0,"max_hp_gain":10,"max_hp_loss":0,"event_name":"Bonfire Elementals","floor":36,"gold_loss":0},{"damage_healed":78,"gold_gain":0,"player_choice":"Heal","damage_taken":0,"max_hp_gain":0,"max_hp_loss":0,"event_name":"MindBloom","floor":41,"gold_loss":0,"cards_obtained":["Doubt"]}],"is_beta":false,"boss_relics":[{"not_picked":["Black Star","Cursed Key"],"picked":"Ring of the Serpent"},{"not_picked":["Snecko Eye","HoveringKite"],"picked":"Pandora\u0027s Box"}],"items_purged_floors":[4,22,38],"is_endless":false,"potions_floor_spawned":[2,14,16,21,24,29,33,37,42],"killed_by":"Spire Growth","ascension_level":7}}