{"host":"uxx7prhn9zlu6i2v","time":1609628480,"event":{"mods":["2.2 Compatiblity","AchievementEnabler","Act Like it!","Bard","BaseMod","Better Altar","Better Match","Better Note","Better Sensory Stone","Better Skull","Better Third Choice","CapriCore","ChefMod","Colored Powertips","Conspire","Faster Ascension Climbing","Gensokyo","GifTheSpireLib","Hermit","Hubris","KomeijiMod","Lobotomy","LobotomyExtend","Marisa????????","Minty Spire (QoL Compilation)","Permanent Neow","Quick Restart","RNG Fix","Rare Cards Sparkle","Reimu??????","Relic Filter","Relic Sorter","Relic Stats","Replay The Spire","Reworked Bosses","Spicy Shops","StSLib","Stuff the Spire","The Administrix","The Blue Laboratory","The Bug Knight","The Immortal","Yakumo Yukari mod","??????REMEMod"],"gold_per_floor":[111,111,128,147,29,29,41,67,67,67,67,78,135,10,10,87,87,101,26,38,38,38],"floor_reached":21,"playtime":2147,"items_purged":["NakedNest"],"score":348,"play_id":"468ddd8d-9a16-4325-8632-ad6ef6d78c1f","local_time":"20210102170120","is_ascension_mode":true,"campfire_choices":[{"data":"AdministrixMod:ImmortalGrace","floor":6,"key":"SMITH"},{"data":"AdministrixMod:ArmillarySphere","floor":11,"key":"SMITH"},{"data":"AdministrixMod:TouchOfCinnabar","floor":15,"key":"SMITH"}],"circlet_count":0,"master_deck":["AscendersBane","AdministrixMod:Strike_Administrix","AdministrixMod:Strike_Administrix","AdministrixMod:Strike_Administrix","AdministrixMod:Strike_Administrix","AdministrixMod:RedCloak","AdministrixMod:Defend_Administrix","AdministrixMod:Defend_Administrix","AdministrixMod:Defend_Administrix","AdministrixMod:BlueCloak","AdministrixMod:ImmortalPurity","Clumsy","AdministrixMod:ImmortalGrace+1","SpiderBud","AdministrixMod:ArmillarySphere+1","AdministrixMod:TouchOfCinnabar+1","AdministrixMod:HiddenPower","AdministrixMod:Wuji","AdministrixMod:StarSwordSoul+1","Adoration","AdministrixMod:LifeforceNet","AdministrixMod:QuietConspiracy+1","MHz","AdministrixMod:Overdrive"],"relics":["AdministrixMod:ConductorRitualBaton","REME_ComplimentaryCards","CogitoBucket","RabbitCall","LetterFromLob","Gensokyo:NagashiBinaDoll","Turnip","Replay:Ringing Soul","Replay:Wax Seal","AdjustmentMirror","ShirouKen","Pondfish Scales","hubris:VirtuousBlindfold"],"acts_visited":["Gensokyo:Gensokyo","Gensokyo:Gensokyoer"],"potions_floor_usage":[3,8,18,21],"damage_taken":[{"damage":3,"enemies":"Gensokyo:Python","floor":1,"turns":3},{"damage":4,"enemies":"Gensokyo:3_Fairies","floor":3,"turns":5},{"damage":0,"enemies":"Gensokyo:2_Kodama","floor":4,"turns":6},{"damage":7,"enemies":"Gensokyo:2_Rabbits","floor":7,"turns":5},{"damage":4,"enemies":"Gensokyo:Aya","floor":8,"turns":8},{"damage":9,"enemies":"Gensokyo:Python_and_Kodama","floor":12,"turns":14},{"damage":6,"enemies":"conspire:MimicChest","floor":13,"turns":14},{"damage":32,"enemies":"Gensokyo:Kokoro","floor":16,"turns":20},{"damage":1,"enemies":"Gensokyo:AngelMirror","floor":18,"turns":7},{"damage":0,"enemies":"Gensokyo:2_Gloops","floor":20,"turns":6},{"damage":90,"enemies":"Gensokyo:Wraith","floor":21,"turns":3}],"seed_played":"2829219570700433818","potions_obtained":[{"floor":1,"key":"blueLaboratory:BubblePotion"},{"floor":7,"key":"Adrenaline Potion"},{"floor":13,"key":"Explosive Potion"},{"floor":16,"key":"CalmPotion"},{"floor":18,"key":"LiquidBronze"}],"is_trial":false,"path_per_floor":["M","?","M","M","COS","R","M","E","T","?","R","M","?","?","R","B",null,"M","$","M","M"],"character_chosen":"TheAdministrix","items_purchased":[],"campfire_rested":0,"item_purchase_floors":[],"current_hp_per_floor":[52,52,48,48,48,48,41,37,37,49,49,43,40,43,43,14,58,60,60,63,0,0],"gold":38,"neow_bonus":"","is_daily":false,"chose_seed":false,"campfire_upgraded":3,"win_rate":0.0,"timestamp":1609628480,"path_taken":["M","?","M","?","COS","R","M","E","T","?","R","M","?","?","R","BOSS","M","$","M","M"],"items_purchased_type":[],"build_version":"2020-12-22","purchased_purges":1,"victory":false,"max_hp_per_floor":[61,61,61,61,61,61,61,61,61,61,61,64,67,70,70,73,73,76,76,79,79,79],"relic_stats":{"counters":[13,93],"Turnip":[61],"obtain_stats":[{"RabbitCall":0,"ShirouKen":13,"hubris:VirtuousBlindfold":17,"AdministrixMod:ConductorRitualBaton":0,"Gensokyo:NagashiBinaDoll":2,"AdjustmentMirror":12,"Replay:Ringing Soul":9,"CogitoBucket":0,"Pondfish Scales":13,"Turnip":8,"LetterFromLob":1,"Replay:Wax Seal":12,"REME_ComplimentaryCards":0},{"RabbitCall":0,"ShirouKen":8,"hubris:VirtuousBlindfold":9,"AdministrixMod:ConductorRitualBaton":0,"Gensokyo:NagashiBinaDoll":1,"AdjustmentMirror":7,"Replay:Ringing Soul":5,"CogitoBucket":0,"Pondfish Scales":8,"Turnip":5,"LetterFromLob":1,"Replay:Wax Seal":7,"REME_ComplimentaryCards":0},{"RabbitCall":0,"ShirouKen":45,"hubris:VirtuousBlindfold":76,"AdministrixMod:ConductorRitualBaton":0,"Gensokyo:NagashiBinaDoll":3,"AdjustmentMirror":42,"Replay:Ringing Soul":27,"CogitoBucket":0,"Pondfish Scales":56,"Turnip":27,"LetterFromLob":3,"Replay:Wax Seal":30,"REME_ComplimentaryCards":0}]},"card_choices":[{"not_picked":["HappyTeddy","Variant","MHz"],"picked":"Singing Bowl","floor":1},{"not_picked":["AdministrixMod:RegentEdict","AdministrixMod:FuneraryRites"],"picked":"AdministrixMod:ImmortalPurity","floor":1},{"not_picked":["OSAHOGD","PunishingBird","Bloodbath"],"picked":"Singing Bowl","floor":3},{"not_picked":["AdministrixMod:Untouchable","AdministrixMod:DreamsMausoleum"],"picked":"AdministrixMod:ImmortalGrace","floor":3},{"not_picked":["BigBadWolf","Murderer"],"picked":"SpiderBud","floor":4},{"not_picked":["AdministrixMod:RegentEdict","AdministrixMod:HaveItAll","AdministrixMod:ShadowPlay"],"picked":"SKIP","floor":4},{"not_picked":["FairyFestival","MHz","PunishingBird"],"picked":"Singing Bowl","floor":7},{"not_picked":["AdministrixMod:BishamonBlessing","AdministrixMod:ImmortalPurity"],"picked":"AdministrixMod:ArmillarySphere","floor":7},{"not_picked":["Porccubus","BeautyBeast","CherryBlossoms"],"picked":"Singing Bowl","floor":8},{"not_picked":["QueenOfHatred","LaLuna"],"picked":"NakedNest","floor":8},{"not_picked":["AdministrixMod:CosmosControl","AdministrixMod:SealAway"],"picked":"AdministrixMod:TouchOfCinnabar","floor":8},{"not_picked":["UniverseFragment","Bloodbath","BigBadWolf"],"picked":"Singing Bowl","floor":12},{"not_picked":["AdministrixMod:RisingSunPrince","AdministrixMod:RegentEdict"],"picked":"AdministrixMod:HiddenPower","floor":12},{"not_picked":["OldLady","Wellcheers","MHz"],"picked":"Singing Bowl","floor":13},{"not_picked":["AdministrixMod:Overdrive","AdministrixMod:DiversionaryTactic"],"picked":"AdministrixMod:Wuji","floor":13},{"not_picked":["AdministrixMod:LifeforceNet+1","AdministrixMod:TenDesires+1"],"picked":"AdministrixMod:StarSwordSoul+1","floor":14},{"not_picked":["OSAHOGD","CrumblingArmor","Bloodbath"],"picked":"Singing Bowl","floor":16},{"not_picked":["AdministrixMod:FearOfDeath","AdministrixMod:NewbornDivinity"],"picked":"AdministrixMod:LifeforceNet","floor":16},{"not_picked":["Mercenary","BeautyBeast","Wellcheers"],"picked":"Singing Bowl","floor":18},{"not_picked":["AdministrixMod:DiversionaryTactic","AdministrixMod:Metempsychosis+1"],"picked":"AdministrixMod:QuietConspiracy+1","floor":18},{"not_picked":["BeautyBeast","OSAHOGD"],"picked":"MHz","floor":20},{"not_picked":["AdministrixMod:FuneraryRites","AdministrixMod:TrickOfTheLight"],"picked":"AdministrixMod:Overdrive","floor":20}],"player_experience":1826320,"relics_obtained":[{"floor":1,"key":"LetterFromLob"},{"floor":8,"key":"Turnip"},{"floor":9,"key":"Replay:Ringing Soul"},{"floor":13,"key":"Pondfish Scales"}],"event_choices":[{"damage_healed":0,"gold_gain":0,"player_choice":"2","damage_taken":0,"max_hp_gain":0,"max_hp_loss":0,"event_name":"betterMatch:BetterMatch","floor":14,"gold_loss":0,"cards_obtained":["betterMatch:RareCard"]}],"is_beta":false,"boss_relics":[{"not_picked":["hubris:HollowSoul","Runic Pyramid"],"picked":"hubris:VirtuousBlindfold"}],"items_purged_floors":[19],"is_endless":false,"potions_floor_spawned":[1,7,13,16,18],"killed_by":"Gensokyo:Wraith","ascension_level":20}}