{"host":"tva948ojjycf0txh","time":1609573900,"event":{"mods":["BaseMod","Minty Spire (QoL Compilation)","Replay The Spire","StSLib"],"gold_per_floor":[113,130,130,60,79,79,107,182,182,182,211,238,238],"floor_reached":12,"playtime":926,"items_purged":[],"score":86,"play_id":"57572ce6-66d1-4ca1-945c-12b6a0101976","local_time":"20210102155140","is_ascension_mode":false,"campfire_choices":[{"data":"Dualcast","floor":6,"key":"SMITH"},{"floor":10,"key":"REST"}],"circlet_count":0,"master_deck":["Strike_B","Strike_B","Strike_B","Strike_B","Defend_B","Defend_B","Defend_B","Defend_B","Zap","Dualcast+1","White Noise","Steam","Swift Strike","Barrage","Lockon","FTL","Static Discharge","Redo","Steam Power+1"],"relics":["Cracked Core","NeowsBlessing","InkBottle","ReplayTheSpireMod:Lightbulb","Odd Mushroom","Toxic Egg 2"],"acts_visited":["Exordium"],"potions_floor_usage":[7,11],"damage_taken":[{"damage":0,"enemies":"2 Louse","floor":1,"turns":1},{"damage":0,"enemies":"Cultist","floor":2,"turns":1},{"damage":0,"enemies":"Jaw Worm","floor":5,"turns":1},{"damage":24,"enemies":"3 Sentries","floor":7,"turns":5},{"damage":7,"enemies":"The Mushroom Lair","floor":11,"turns":4},{"damage":12,"enemies":"Gremlin Nob","floor":12,"turns":3}],"seed_played":"203829047176271997","potions_obtained":[{"floor":1,"key":"PowerPotion"},{"floor":2,"key":"Block Potion"},{"floor":12,"key":"ColorlessPotion"}],"is_trial":false,"path_per_floor":["M","M","?","$","M","R","E","?","T","R","?","E"],"character_chosen":"DEFECT","items_purchased":["Lockon"],"campfire_rested":1,"item_purchase_floors":[4],"current_hp_per_floor":[75,75,75,75,75,75,51,40,40,62,55,43,43],"gold":238,"neow_bonus":"THREE_ENEMY_KILL","is_daily":false,"chose_seed":false,"campfire_upgraded":1,"win_rate":0.0,"timestamp":1609573900,"path_taken":["M","M","?","?","M","R","E","?","T","R","?","E"],"items_purchased_type":["Card"],"build_version":"2020-12-22","purchased_purges":0,"victory":false,"max_hp_per_floor":[75,75,75,75,75,75,75,75,75,75,75,75,75],"card_choices":[{"not_picked":["Beam Cell","FIFO Queue"],"picked":"White Noise","floor":1},{"not_picked":["Gash","FIFO Queue"],"picked":"Steam","floor":2},{"not_picked":["Barrage","Steam"],"picked":"FTL","floor":5},{"not_picked":["Conserve Battery","ReplayTheSpireMod:Reroute Power"],"picked":"Static Discharge","floor":7},{"not_picked":["Gash","Go for the Eyes"],"picked":"Redo","floor":11},{"not_picked":["ReplaySolidLightProjector+1","Capacitor"],"picked":"Steam Power+1","floor":12}],"player_experience":36530,"relics_obtained":[{"floor":7,"key":"InkBottle"},{"floor":9,"key":"ReplayTheSpireMod:Lightbulb"},{"floor":11,"key":"Odd Mushroom"},{"floor":12,"key":"Toxic Egg 2"}],"event_choices":[{"damage_healed":0,"gold_gain":0,"player_choice":"2 cards matched","damage_taken":0,"max_hp_gain":0,"max_hp_loss":0,"event_name":"Match and Keep!","floor":3,"gold_loss":0,"cards_obtained":["Swift Strike","Barrage"]},{"damage_healed":0,"gold_gain":75,"player_choice":"Gather Gold","damage_taken":11,"max_hp_gain":0,"max_hp_loss":0,"event_name":"World of Goop","floor":8,"gold_loss":0},{"damage_healed":0,"gold_gain":0,"player_choice":"Fought Mushrooms","damage_taken":0,"max_hp_gain":0,"max_hp_loss":0,"event_name":"Mushrooms","floor":11,"gold_loss":0}],"is_beta":false,"boss_relics":[],"items_purged_floors":[],"is_endless":false,"potions_floor_spawned":[1,2,12],"killed_by":"Gremlin Nob","ascension_level":0}}