{"host":"e4wnmsyty9uvvtwf","time":1609601362,"event":{"mods":["Act Like it!","Aspiration","BaseMod","Colored Map","Colored Powertips","Gensokyo","Marisa£®ÏF”Í°°ƒß¿Ì…≥£©","Minty Spire (QoL Compilation)","Rare Cards Sparkle","Replay The Spire","StSLib"],"gold_per_floor":[112,112,112,122,138,154,154,154,180,207,52,52,84,101,101,325,325,325],"floor_reached":17,"playtime":609,"items_purged":[],"score":310,"play_id":"660b4ecb-380f-489c-a0b8-6e5bc3560aa2","local_time":"20210102232922","is_ascension_mode":true,"campfire_choices":[{"data":"FairyDestructionRay","floor":8,"key":"SMITH"},{"data":"Occultation","floor":15,"key":"SMITH"}],"circlet_count":0,"master_deck":["AscendersBane","Strike_MRS","Strike_MRS","Strike_MRS","Defend_MRS","Defend_MRS","Defend_MRS","Defend_MRS","MasterSpark","UpSweep","DragonMeteor","Gensokyo:MarisaTwilightSpark","ManaConvection","FairyDestructionRay+1","StarlightTyphoon","GravityBeat+1","Gensokyo:BlemishedSteel","BigCrunch","Occultation+1","JA+1"],"relics":["MiniHakkero","NeowsBlessing","Ring of Misfortune","ReplayTheSpireMod:Ring of Addiction","Potion Belt","Chameleon Ring","Centennial Puzzle","Molten Egg 2","aspiration:PocketMushroom","Blood Vial","aspiration:RunicSpoon"],"acts_visited":["Exordium","Gensokyo:Gensokyo"],"potions_floor_usage":[10,13,16],"damage_taken":[{"damage":0,"enemies":"Gensokyo:2_Kodama","floor":1,"turns":1},{"damage":0,"enemies":"Gensokyo:Python","floor":4,"turns":1},{"damage":0,"enemies":"Gensokyo:Gryphon","floor":5,"turns":1},{"damage":0,"enemies":"Gensokyo:Python_and_Kodama","floor":6,"turns":3},{"damage":3,"enemies":"Gensokyo:Aya","floor":10,"turns":5},{"damage":13,"enemies":"Gensokyo:Mamizou","floor":13,"turns":10},{"damage":0,"enemies":"Gensokyo:LivingMonolith","floor":14,"turns":3},{"damage":44,"enemies":"Gensokyo:Reimu","floor":16,"turns":9}],"seed_played":"5049596972775156306","potions_obtained":[{"floor":5,"key":"BottledSpark"},{"floor":7,"key":"Venom Potion"},{"floor":7,"key":"Swift Potion"},{"floor":7,"key":"SkillPotion"},{"floor":13,"key":"AttackPotion"},{"floor":14,"key":"Elixir"}],"is_trial":false,"path_per_floor":["M","?","?","M","M","M","?","R","T","E","COS","$","E","M","R","B",null],"character_chosen":"MARISA","items_purchased":[],"campfire_rested":0,"item_purchase_floors":[],"current_hp_per_floor":[63,63,63,63,63,63,63,63,63,60,60,60,47,47,47,3,53,53],"gold":325,"neow_bonus":"THREE_ENEMY_KILL","is_daily":false,"chose_seed":false,"campfire_upgraded":2,"win_rate":0.0,"timestamp":1609601362,"path_taken":["M","?","?","?","M","?","?","R","T","E","COS","?","E","M","R","BOSS"],"items_purchased_type":[],"build_version":"2020-12-22","purchased_purges":0,"victory":false,"max_hp_per_floor":[70,70,70,70,70,70,70,70,70,70,70,70,70,70,70,70,70,70],"card_choices":[{"not_picked":["UnstableBomb","OpenUniverse"],"picked":"DragonMeteor","floor":1},{"not_picked":["DC","NonDirectionalLaser"],"picked":"ManaConvection","floor":4},{"not_picked":["ChargeUpSpray","GalacticHalo"],"picked":"FairyDestructionRay","floor":5},{"not_picked":["RefractionSpark","SporeBomb"],"picked":"StarlightTyphoon","floor":6},{"not_picked":["EventHorizon","OortCloud"],"picked":"GravityBeat+1","floor":10},{"not_picked":["SprinkleStarSeal","EnergyRecoil"],"picked":"BigCrunch","floor":13},{"not_picked":["SporeBomb","DC+1"],"picked":"Occultation","floor":14},{"not_picked":["CasketOfStar","MillisecondPulsars"],"picked":"JA+1","floor":16}],"player_experience":686265,"relics_obtained":[{"floor":7,"key":"Ring of Misfortune"},{"floor":7,"key":"ReplayTheSpireMod:Ring of Addiction"},{"floor":7,"key":"Potion Belt"},{"floor":7,"key":"Chameleon Ring"},{"floor":9,"key":"Centennial Puzzle"},{"floor":10,"key":"Molten Egg 2"},{"floor":13,"key":"aspiration:PocketMushroom"}],"event_choices":[],"is_beta":false,"boss_relics":[{"not_picked":["Astrolabe","Kintsugi"],"picked":"aspiration:RunicSpoon"}],"items_purged_floors":[],"is_endless":false,"potions_floor_spawned":[5,13,14],"ascension_level":20}}