{"host":"Jin","time":1609564967,"event":{"mods":["BaseMod","Better Altar","Better Match","Better Note","Better Sensory Stone","Better Skull","Better Third Choice","Highlight Path","Minty Spire (QoL Compilation)","Permanent Neow","Quick Restart","StSLib"],"gold_per_floor":[17,17,92,105,123,148,148,73,73,73,84,102,133,133,133,210,210,230,230,329,10,26,56,69,97,97,114,124,152,152,167,167,244,244,261,261,280,297,308,308,322,322,322,356,97,132,132,146,146,146],"floor_reached":51,"playtime":2722,"items_purged":["Strike_B","Strike_B"],"score":1374,"play_id":"ab95d533-2986-4b30-82a3-49cac5f1586e","local_time":"20210102142247","is_ascension_mode":true,"campfire_choices":[{"data":"Zap","floor":7.0,"key":"SMITH"},{"data":"Dualcast","floor":10.0,"key":"SMITH"},{"floor":15.0,"key":"REST"},{"data":"Coolheaded","floor":30.0,"key":"SMITH"},{"data":"Rainbow","floor":32.0,"key":"SMITH"},{"data":"Chaos","floor":40.0,"key":"SMITH"},{"data":"Coolheaded","floor":42.0,"key":"SMITH"},{"data":"Hologram","floor":47,"key":"SMITH"},{"data":"Heatsinks","floor":49,"key":"SMITH"}],"circlet_count":0,"master_deck":["AscendersBane","Strike_B","Strike_B","Defend_B","Defend_B","Defend_B","Defend_B","Zap+1","Dualcast+1","Electrodynamics","Ball Lightning","Rainbow+1","Chaos+1","Hologram+1","Machine Learning","Glacier","Ghostly","Ghostly","Ghostly","Ghostly","Ghostly","Undo","Meteor Strike","Coolheaded+1","Glacier","Meteor Strike","Echo Form","Defragment+1","Coolheaded+1","Skim","Defragment","Master of Strategy","Creative AI","Heatsinks+1"],"relics":["Cracked Core","Ice Cream","Question Card","Cables","Nunchaku","Snecko Eye","ClockworkSouvenir","Matryoshka","Bottled Flame","Lantern","Letter Opener","Singing Bowl","Cursed Key","PreservedInsect","White Beast Statue"],"acts_visited":["Exordium","TheCity","TheBeyond"],"potions_floor_usage":[50,50],"damage_taken":[{"damage":0.0,"enemies":"Small Slimes","floor":1.0,"turns":2.0},{"damage":4.0,"enemies":"2 Louse","floor":4.0,"turns":2.0},{"damage":9.0,"enemies":"Jaw Worm","floor":5.0,"turns":4.0},{"damage":21.0,"enemies":"Gremlin Nob","floor":6.0,"turns":4.0},{"damage":0.0,"enemies":"Exordium Thugs","floor":11.0,"turns":3.0},{"damage":6.0,"enemies":"Looter","floor":12.0,"turns":2.0},{"damage":20.0,"enemies":"Lagavulin","floor":13.0,"turns":5.0},{"damage":14.0,"enemies":"Hexaghost","floor":16.0,"turns":7.0},{"damage":22.0,"enemies":"Spheric Guardian","floor":18.0,"turns":4.0},{"damage":2.0,"enemies":"Chosen","floor":22.0,"turns":5.0},{"damage":3.0,"enemies":"Slavers","floor":23.0,"turns":3.0},{"damage":13.0,"enemies":"Snake Plant","floor":24.0,"turns":6.0},{"damage":2.0,"enemies":"Book of Stabbing","floor":25.0,"turns":4.0},{"damage":10.0,"enemies":"Shelled Parasite and Fungi","floor":27.0,"turns":2.0},{"damage":0.0,"enemies":"Snecko","floor":28.0,"turns":4.0},{"damage":0.0,"enemies":"Gremlin Leader","floor":29.0,"turns":3.0},{"damage":0.0,"enemies":"Cultist and Chosen","floor":31.0,"turns":3.0},{"damage":6.0,"enemies":"Collector","floor":33.0,"turns":8.0},{"damage":1.0,"enemies":"Orb Walker","floor":35.0,"turns":2.0},{"damage":0.0,"enemies":"3 Shapes","floor":37.0,"turns":2.0},{"damage":0.0,"enemies":"Writhing Mass","floor":38.0,"turns":4.0},{"damage":0.0,"enemies":"4 Shapes","floor":39.0,"turns":3.0},{"damage":1.0,"enemies":"Sphere and 2 Shapes","floor":41.0,"turns":4.0},{"damage":0,"enemies":"Reptomancer","floor":44,"turns":4},{"damage":1,"enemies":"Giant Head","floor":46,"turns":5},{"damage":1,"enemies":"Transient","floor":48,"turns":5},{"damage":26,"enemies":"Awakened One","floor":50,"turns":9}],"seed_played":"-821471335561475906","potions_obtained":[{"floor":4.0,"key":"Fruit Juice"},{"floor":6.0,"key":"FocusPotion"},{"floor":12.0,"key":"Weak Potion"},{"floor":24.0,"key":"Block Potion"},{"floor":27.0,"key":"Fire Potion"},{"floor":28.0,"key":"Fruit Juice"},{"floor":29.0,"key":"PotionOfCapacity"},{"floor":33.0,"key":"SkillPotion"},{"floor":39.0,"key":"AttackPotion"}],"is_trial":false,"path_per_floor":["M","?","?","M","M","E","R","$","T","R","M","M","E","?","R","B",null,"M","?","?","$","M","E","M","E","T","M","M","E","R","M","R","B",null,"M","?","M","M","M","R","M","R","T","E","$","E","R","M","R","B",null],"character_chosen":"DEFECT","items_purchased":["ClockworkSouvenir","Undo","Defragment","Master of Strategy"],"campfire_rested":1,"item_purchase_floors":[21,21,45,45],"current_hp_per_floor":[64,69,58,59,50,29,29,29,29,29,29,23,3,3,27,13,64,42,40,40,40,38,35,22,20,20,10,15,17,17,19,19,13,40,41,41,43,43,45,45,44,44,44,44,44,43,43,42,42,16],"gold":146,"neow_bonus":"ONE_RARE_RELIC","is_daily":false,"chose_seed":false,"campfire_upgraded":8,"win_rate":0.0,"timestamp":1609564967,"path_taken":["M","?","?","M","?","E","R","?","T","R","M","M","E","?","R","BOSS","M","?","?","$","M","E","M","E","T","M","M","E","R","M","R","BOSS","M","?","?","M","?","R","M","R","T","E","$","E","R","M","R","BOSS"],"items_purchased_type":["Relic","Card","Card","Card"],"build_version":"2020-12-18","purchased_purges":2,"victory":true,"max_hp_per_floor":[71,76,76,81,81,81,81,81,81,81,81,81,81,81,81,81,81,81,40,40,40,40,40,40,40,40,40,45,47,47,49,49,49,49,51,51,53,53,55,55,55,55,55,55,55,55,55,55,55,55],"card_choices":[{"not_picked":["Go for the Eyes","Beam Cell","Leap"],"picked":"SKIP","floor":1.0},{"not_picked":["Coolheaded","Go for the Eyes"],"picked":"Electrodynamics","floor":4.0},{"not_picked":["Chill","Rip and Tear"],"picked":"Ball Lightning","floor":5.0},{"not_picked":["Compile Driver","Steam"],"picked":"Rainbow","floor":6.0},{"not_picked":["Hologram","Sweeping Beam","Conserve Battery"],"picked":"Chaos","floor":11.0},{"not_picked":["Streamline","Redo","Recycle"],"picked":"Hologram","floor":12.0},{"not_picked":["Barrage","FTL","Doom and Gloom","Hologram"],"picked":"SKIP","floor":13.0},{"not_picked":["Electrodynamics","Buffer","Biased Cognition"],"picked":"Machine Learning","floor":16.0},{"not_picked":["Cold Snap","Steam","Double Energy"],"picked":"Glacier","floor":18.0},{"not_picked":["Go for the Eyes","Sweeping Beam","Cold Snap","Streamline"],"picked":"SKIP","floor":22.0},{"not_picked":["Scrape","Rebound","White Noise","Barrage"],"picked":"SKIP","floor":23.0},{"not_picked":["Compile Driver","Ball Lightning","Go for the Eyes"],"picked":"Meteor Strike","floor":24.0},{"not_picked":["Sweeping Beam","Storm","Stack"],"picked":"Coolheaded","floor":25.0},{"not_picked":["Steam","Conserve Battery","Static Discharge"],"picked":"Glacier","floor":27.0},{"not_picked":["Cold Snap","Turbo","Beam Cell"],"picked":"Meteor Strike","floor":28.0},{"not_picked":["Cold Snap","Leap","Streamline","Reprogram+1"],"picked":"Singing Bowl","floor":29.0},{"not_picked":["Turbo","Redo","Double Energy","FTL"],"picked":"Singing Bowl","floor":31.0},{"not_picked":["Biased Cognition","Fission","Buffer"],"picked":"Echo Form","floor":33.0},{"not_picked":["Beam Cell","Barrage","Leap+1","Storm"],"picked":"Singing Bowl","floor":35.0},{"not_picked":["Conserve Battery+1","Barrage","Glacier","Beam Cell"],"picked":"Singing Bowl","floor":37.0},{"not_picked":["Streamline","Undo","Ball Lightning+1"],"picked":"Defragment+1","floor":38.0},{"not_picked":["Hologram","Force Field+1","Double Energy","Streamline"],"picked":"Singing Bowl","floor":39.0},{"not_picked":["Redo","Heatsinks","Gash"],"picked":"Coolheaded","floor":41.0},{"not_picked":["Stack","Aggregate+1","Redo+1"],"picked":"Skim","floor":44},{"not_picked":["Steam","Go for the Eyes+1","Glacier"],"picked":"Creative AI","floor":46},{"not_picked":["Hologram","Leap","Go for the Eyes+1"],"picked":"Heatsinks","floor":48}],"player_experience":761447,"relics_obtained":[{"floor":6.0,"key":"Question Card"},{"floor":9.0,"key":"Cables"},{"floor":13.0,"key":"Nunchaku"},{"floor":23.0,"key":"Matryoshka"},{"floor":25.0,"key":"Bottled Flame"},{"floor":26.0,"key":"Lantern"},{"floor":26.0,"key":"Letter Opener"},{"floor":29.0,"key":"Singing Bowl"},{"floor":44,"key":"PreservedInsect"},{"floor":46,"key":"White Beast Statue"}],"event_choices":[{"damage_healed":0.0,"max_hp_gain":5.0,"max_hp_loss":0.0,"gold_gain":0.0,"event_name":"Big Fish","player_choice":"Donut","floor":2.0,"gold_loss":0.0,"damage_taken":0.0},{"damage_healed":0.0,"max_hp_gain":0.0,"max_hp_loss":0.0,"gold_gain":75.0,"event_name":"betterThird:BetterGoop","player_choice":"Gold","floor":3.0,"gold_loss":0.0,"damage_taken":11.0},{"damage_healed":3.0,"max_hp_gain":0.0,"max_hp_loss":81.0,"gold_gain":0.0,"event_name":"betterThird:BetterShining","player_choice":"Leave","floor":14.0,"gold_loss":0.0,"damage_taken":0.0},{"damage_healed":0.0,"max_hp_gain":0.0,"max_hp_loss":41.0,"gold_gain":0.0,"event_name":"Ghosts","player_choice":"Became a Ghost","floor":19.0,"gold_loss":0.0,"damage_taken":0.0,"cards_obtained":["Ghostly","Ghostly","Ghostly","Ghostly","Ghostly"]},{"damage_healed":0.0,"max_hp_gain":0.0,"max_hp_loss":0.0,"gold_gain":99.0,"event_name":"betterThird:BetterNest","player_choice":"Steal","floor":20.0,"gold_loss":0.0,"damage_taken":0.0},{"damage_healed":0.0,"max_hp_gain":0.0,"max_hp_loss":0.0,"gold_gain":0.0,"event_name":"Lab","player_choice":"Got Potions","floor":36.0,"gold_loss":0.0,"damage_taken":0.0}],"is_beta":true,"boss_relics":[{"not_picked":["Tiny House","Runic Pyramid"],"picked":"Snecko Eye"},{"not_picked":["Empty Cage","Philosopher\u0027s Stone"],"picked":"Cursed Key"}],"items_purged_floors":[8,21],"is_endless":false,"potions_floor_spawned":[4,6,12,24,27,28,29,33,37,39,41,44,48],"ascension_level":14}}