{"host":"i0avyit1s6jb1siw","time":1609596388,"event":{"mods":["BaseMod","DeckTracker","Dota2Spire","Highlight Path","Minty Spire (QoL Compilation)","Quick Restart","Replay The Spire","StSLib","SuperFastMode"],"gold_per_floor":[14,28,28,28,41,41,76,76,102,121,160,184,207,226,226,319,319,344,344,394,394,410,410,410,443,443,443,443],"floor_reached":27,"playtime":576,"items_purged":[],"score":586,"play_id":"0f6c9a0a-d69f-4a2b-9593-0ff4a3d1f96f","local_time":"20210102150628","is_ascension_mode":true,"campfire_choices":[{"data":"Blade Dance","floor":6,"key":"SMITH"},{"floor":8,"key":"REST"},{"floor":15,"key":"REST"},{"floor":23,"key":"REST"}],"circlet_count":0,"master_deck":["AscendersBane","Strike_G","Strike_G","Strike_G","Defend_G","Defend_G","Defend_G","Defend_G","Survivor","Neutralize","Die Die Die","Blade Dance+1","Tactician","Dagger Throw","Terror","Predator","Noxious Fumes","Malaise","Replay:Poison Smokescreen","Glass Knife","Deflect","Calculated Gamble"],"relics":["Ring of the Snake","Golden Idol","ReplayTheSpireMod:TigerMarble","Nunchaku","Regal Pillow","Snecko Eye","ReplayTheSpireMod:Ring of Exchange","Boot","StrikeDummy"],"acts_visited":["TheCity"],"potions_floor_usage":[7,16,16,22],"damage_taken":[{"damage":0,"enemies":"2 Louse","floor":1,"turns":3},{"damage":0,"enemies":"Cultist","floor":2,"turns":3},{"damage":4,"enemies":"Small Slimes","floor":5,"turns":3},{"damage":44,"enemies":"Gremlin Nob","floor":7,"turns":6},{"damage":0,"enemies":"Gremlin Gang","floor":10,"turns":2},{"damage":25,"enemies":"Lagavulin","floor":11,"turns":10},{"damage":0,"enemies":"Lots of Slimes","floor":12,"turns":1},{"damage":0,"enemies":"3 Louse","floor":13,"turns":1},{"damage":0,"enemies":"Large Slime","floor":14,"turns":3},{"damage":0,"enemies":"Slime Boss","floor":16,"turns":5},{"damage":44,"enemies":"Spheric Guardian","floor":18,"turns":7},{"damage":0,"enemies":"Chosen","floor":22,"turns":4},{"damage":43,"enemies":"Slavers","floor":25,"turns":7},{"damage":21,"enemies":"Centurion and Healer","floor":27,"turns":2}],"seed_played":"-7230561994885474984","potions_obtained":[{"floor":5,"key":"Ancient Potion"},{"floor":12,"key":"Elixir"},{"floor":14,"key":"Fire Potion"},{"floor":18,"key":"Dota2Spire:HealingSalve"}],"is_trial":false,"path_per_floor":["M","M","?","?","M","R","E","R","T","M","E","M","M","M","R","B",null,"M","?","?","?","M","R","?","E","T","M"],"character_chosen":"THE_SILENT","items_purchased":[],"campfire_rested":3,"item_purchase_floors":[],"current_hp_per_floor":[59,59,59,59,55,55,11,29,29,29,4,4,4,4,37,37,54,10,10,10,10,19,52,60,17,17,0,0],"gold":443,"neow_bonus":"THREE_RARE_CARDS","is_daily":false,"chose_seed":false,"campfire_upgraded":1,"win_rate":0.0,"timestamp":1609596388,"path_taken":["M","M","?","?","?","R","E","R","T","M","E","?","M","M","R","BOSS","M","?","?","?","M","R","?","E","T","?"],"items_purchased_type":[],"build_version":"2020-12-22","purchased_purges":0,"victory":false,"max_hp_per_floor":[66,66,60,60,60,60,60,60,60,60,60,60,60,60,60,60,60,60,60,60,60,60,60,60,60,60,60,60],"card_choices":[{"not_picked":["Doppelganger","Storm of Steel"],"picked":"Die Die Die","floor":0},{"not_picked":["Slice","Expertise"],"picked":"Blade Dance","floor":1},{"not_picked":["PiercingWail","Hidden Blade","Bane"],"picked":"SKIP","floor":2},{"not_picked":["Caltrops","Bane"],"picked":"Tactician","floor":5},{"not_picked":["ReplayTheSpireMod:Speed Training","Blade Dance"],"picked":"Dagger Throw","floor":7},{"not_picked":["Hidden Blade","Deadly Poison","Infinite Blades"],"picked":"SKIP","floor":10},{"not_picked":["Flying Knee","Poisoned Stab","Tools of the Trade"],"picked":"SKIP","floor":11},{"not_picked":["Blade Dance","ReplayTheSpireMod:Exploit Weakness"],"picked":"Terror","floor":12},{"not_picked":["Prepared","Replay:Poison Smokescreen"],"picked":"Predator","floor":13},{"not_picked":["Dodge and Roll","ReplayTheSpireMod:Speed Training"],"picked":"Noxious Fumes","floor":14},{"not_picked":["Burst","Die Die Die"],"picked":"Malaise","floor":16},{"not_picked":["Prepared+1","Masterful Stab+1"],"picked":"Replay:Poison Smokescreen","floor":18},{"not_picked":["Backflip","Underhanded Strike","Blade Dance+1"],"picked":"SKIP","floor":22},{"not_picked":["Hidden Blade","ReplayTheSpireMod:Exploit Weakness"],"picked":"Calculated Gamble","floor":25}],"player_experience":2161977,"relics_obtained":[{"floor":7,"key":"ReplayTheSpireMod:TigerMarble"},{"floor":9,"key":"Nunchaku"},{"floor":11,"key":"Regal Pillow"},{"floor":21,"key":"ReplayTheSpireMod:Ring of Exchange"},{"floor":25,"key":"Boot"},{"floor":26,"key":"StrikeDummy"}],"event_choices":[{"damage_healed":0,"gold_gain":0,"player_choice":"Lose Max HP","damage_taken":0,"relics_obtained":["Golden Idol"],"max_hp_gain":0,"max_hp_loss":6,"event_name":"Golden Idol","floor":3,"gold_loss":0},{"cards_removed":["Strike_G"],"damage_healed":0,"gold_gain":0,"player_choice":"Purged","damage_taken":0,"max_hp_gain":0,"max_hp_loss":0,"event_name":"Purifier","floor":4,"gold_loss":0},{"damage_healed":0,"gold_gain":0,"cards_transformed":["Strike_G","Defend_G"],"player_choice":"Became Test Subject","damage_taken":0,"max_hp_gain":0,"max_hp_loss":0,"event_name":"Drug Dealer","floor":19,"gold_loss":0,"cards_obtained":["Glass Knife","Deflect"]},{"damage_healed":0,"gold_gain":50,"player_choice":"Stole From Cult","damage_taken":0,"max_hp_gain":0,"max_hp_loss":0,"event_name":"Nest","floor":20,"gold_loss":0},{"damage_healed":8,"gold_gain":0,"player_choice":"Full Heal","damage_taken":0,"max_hp_gain":0,"max_hp_loss":0,"event_name":"Wheel of Change","floor":24,"gold_loss":0}],"is_beta":false,"boss_relics":[{"not_picked":["Replay:Drink Me","Runic Dome"],"picked":"Snecko Eye"}],"items_purged_floors":[],"is_endless":false,"potions_floor_spawned":[5,12,14,18],"killed_by":"Centurion and Healer","ascension_level":20}}