{"host":"zydufobuumzsx0vb","time":1609604235,"event":{"mods":["Act Like it!","BaseMod","Better Note","Colored Map","Gensokyo","Marisa£®ÏF”Í°°ƒß¿Ì…≥£©","Minty Spire (QoL Compilation)","Rare Cards Sparkle","Spicy Shops","StSLib","SuperFastMode"],"gold_per_floor":[209,225,225,236,253,253,288,288,342,342,132,132,148,148,148],"floor_reached":14,"playtime":775,"items_purged":[],"score":162,"play_id":"a1b0b1a8-1230-481f-8c51-7b9dfdbab48b","local_time":"20210103001715","is_ascension_mode":true,"campfire_choices":[{"data":"NonDirectionalLaser","floor":6,"key":"SMITH"},{"data":"MasterSpark","floor":8,"key":"SMITH"}],"circlet_count":0,"master_deck":["AscendersBane","Strike_MRS","Strike_MRS","Strike_MRS","Strike_MRS","Defend_MRS","Defend_MRS","Defend_MRS","Defend_MRS","MasterSpark+1","UpSweep","NonDirectionalLaser+1","6A","OneTimeOff","Gensokyo:TarnishedGold","Gensokyo:LockedMedkit","Gensokyo:BlemishedSteel","AlicesGift+1","GrandCross"],"relics":["MiniHakkero","Gensokyo:CelestialsFlawlessClothing","AmplifyWand","Happy Flower"],"acts_visited":["Gensokyo:Gensokyo"],"potions_floor_usage":[7,14],"damage_taken":[{"damage":9,"enemies":"Gensokyo:2_Kodama","floor":1,"turns":3},{"damage":3,"enemies":"Gensokyo:Python","floor":2,"turns":3},{"damage":2,"enemies":"Gensokyo:3_Fairies","floor":4,"turns":3},{"damage":0,"enemies":"Gensokyo:LivingMonolith","floor":5,"turns":3},{"damage":75,"enemies":"Gensokyo:Mamizou","floor":7,"turns":14},{"damage":26,"enemies":"Gensokyo:Python_and_Kodama","floor":13,"turns":5},{"damage":69,"enemies":"Gensokyo:Aya","floor":14,"turns":9}],"seed_played":"-7127257712143973636","potions_obtained":[{"floor":2,"key":"Weak Potion"},{"floor":7,"key":"Swift Potion"}],"is_trial":false,"path_per_floor":["M","M","?","M","M","R","E","R","T","$","COS","?","M","E"],"character_chosen":"MARISA","items_purchased":[],"campfire_rested":0,"item_purchase_floors":[],"current_hp_per_floor":[54,51,30,28,28,28,37,37,37,37,37,37,11,0,0],"gold":148,"neow_bonus":"HUNDRED_GOLD","is_daily":false,"chose_seed":false,"campfire_upgraded":2,"win_rate":0.0,"timestamp":1609604235,"path_taken":["M","M","?","M","?","R","E","R","T","?","COS","?","M","E"],"items_purchased_type":[],"build_version":"2020-12-22","purchased_purges":0,"victory":false,"max_hp_per_floor":[70,70,70,70,70,70,70,70,70,70,70,70,70,70,70],"card_choices":[{"not_picked":["WitchOfGreed","GravityBeat"],"picked":"NonDirectionalLaser","floor":1},{"not_picked":["ChargeUpSpray","GravityBeat","DragonMeteor"],"picked":"SKIP","floor":2},{"not_picked":["WitchLeyline","Acceleration"],"picked":"6A","floor":4},{"not_picked":["MachineGunSpark","GalacticHalo","BigCrunch"],"picked":"SKIP","floor":5},{"not_picked":["DragonMeteor","PropBag"],"picked":"OneTimeOff","floor":7},{"not_picked":["GalacticHalo","PowerUp"],"picked":"GrandCross","floor":13}],"player_experience":155619,"relics_obtained":[{"floor":7,"key":"AmplifyWand"}],"event_choices":[],"is_beta":false,"boss_relics":[],"items_purged_floors":[],"is_endless":false,"potions_floor_spawned":[2,7],"killed_by":"Gensokyo:Aya","ascension_level":18}}