{"host":"a0d98l75j0h1o085","time":1609562397,"event":{"mods":["AlwaysNeverKeys","BaseMod","Downfall","Highlight Path","Minty Spire (QoL Compilation)","StSLib"],"gold_per_floor":[99,116,171,183,88,88,113,141,141,167,167,267,301,314,324,422,422,422,439,439,459,459,470,494,494,527,541,181,216,386,419,434,531,531,381,393,406,406,175,175,229,256,181,192,192,239,239,239,258,258,258,288,129,129,129],"floor_reached":56,"playtime":16847,"items_purged":[],"score":1501,"play_id":"56838335-6253-4382-8a1b-91bed65a56b1","local_time":"20210102043957","is_ascension_mode":false,"campfire_choices":[{"data":"sneckomod:Defend","floor":1,"key":"SMITH"},{"data":"sneckomod:MasterEye","floor":6,"key":"SMITH"},{"data":"sneckomod:Unknown","floor":9,"key":"SMITH"},{"data":"sneckomod:Unknown","floor":11,"key":"SMITH"},{"data":"sneckomod:SnakeSap","floor":18,"key":"SMITH"},{"floor":35,"key":"RECALL"},{"data":"sneckomod:Defend","floor":43,"key":"SMITH"},{"data":"sneckomod:Nope","floor":45,"key":"SMITH"},{"data":"expansioncontent:TimeRipple","floor":47,"key":"SMITH"},{"floor":54,"key":"REST"}],"circlet_count":0,"master_deck":["sneckomod:Defend+1","sneckomod:Defend+1","sneckomod:TailWhip+1","sneckomod:SnekBite+1","sneckomod:Unknown+1","sneckomod:Unknown+1","sneckomod:UnknownWeak+1","sneckomod:TrashToTreasure+1","sneckomod:SerpentMind+1","sneckomod:QuickMove+1","sneckomod:WideSting","sneckomod:SnakeSap+1","sneckomod:Restock+1","sneckomod:MasterEye+1","sneckomod:Nope+1","sneckomod:UnknownRareAttack+1","sneckomod:Unknown2Cost+1","sneckomod:Unknown2Cost+1","sneckomod:Unknown3Cost+1","sneckomod:UnknownRarePower+1","sneckomod:UnknownRarePower+1","sneckomod:Unknown3Cost+1","Mayhem","sneckomod:UnknownRareSkill+1","sneckomod:UnknownRareSkill+1","sneckomod:UnknownRarePower+1","expansioncontent:TimeRipple+1","sneckomod:CheapStock","sneckomod:CheapStock","sneckomod:QuickBite+1","sneckomod:UnknownRareAttack+1"],"relics":["Astrolabe","Potion Belt","PreservedInsect","sneckomod:UnknownEgg","Bag of Preparation","downfall:GremlinWheel","Peace Pipe","Snecko Eye","Boot","Singing Bowl","White Beast Statue","Busted Crown","downfall:HeartBlessingGreen","downfall:HeartBlessingBlue","DollysMirror","Strawberry","Anchor","downfall:HeartBlessingRed","Turnip","Meat on the Bone","Bronze Scales"],"acts_visited":["Exordium","TheCity","TheBeyond","TheEnding"],"potions_floor_usage":[16,36,42,46,46,55,55,55,55,55,55,55],"damage_taken":[{"damage":0,"enemies":"Cultist","floor":2,"turns":3},{"damage":6,"enemies":"Lagavulin Event","floor":3,"turns":6},{"damage":0,"enemies":"Small Slimes","floor":4,"turns":3},{"damage":2,"enemies":"downfall:FleeingMerchant","floor":5,"turns":4},{"damage":6,"enemies":"3 Sentries","floor":8,"turns":4},{"damage":6,"enemies":"Gremlin Nob","floor":10,"turns":3},{"damage":3,"enemies":"Gremlin Nob","floor":12,"turns":3},{"damage":8,"enemies":"Lagavulin","floor":13,"turns":3},{"damage":0,"enemies":"Jaw Worm","floor":14,"turns":1},{"damage":5,"enemies":"Lots of Slimes","floor":15,"turns":3},{"damage":14,"enemies":"downfall:Silent","floor":16,"turns":7},{"damage":0,"enemies":"Shell Parasite","floor":19,"turns":3},{"damage":0,"enemies":"Chosen","floor":21,"turns":1},{"damage":3,"enemies":"Snecko","floor":23,"turns":3},{"damage":0,"enemies":"Gremlin Leader","floor":26,"turns":3},{"damage":4,"enemies":"Shelled Parasite and Fungi","floor":27,"turns":4},{"damage":20,"enemies":"downfall:FleeingMerchant","floor":28,"turns":4},{"damage":0,"enemies":"Slavers","floor":29,"turns":2},{"damage":0,"enemies":"downfall:FleeingMerchant","floor":30,"turns":2},{"damage":0,"enemies":"Book of Stabbing","floor":31,"turns":1},{"damage":15,"enemies":"Centurion and Healer","floor":32,"turns":1},{"damage":14,"enemies":"downfall:Watcher","floor":33,"turns":7},{"damage":10,"enemies":"3 Shapes","floor":36,"turns":3},{"damage":0,"enemies":"Orb Walker","floor":37,"turns":2},{"damage":0,"enemies":"Giant Head","floor":42,"turns":5},{"damage":0,"enemies":"4 Shapes","floor":44,"turns":2},{"damage":16,"enemies":"2 Orb Walkers","floor":46,"turns":4},{"damage":0,"enemies":"Jaw Worm Horde","floor":49,"turns":2},{"damage":0,"enemies":"downfall:Defect","floor":50,"turns":3},{"damage":33,"enemies":"downfall:CharBossMerchant","floor":52,"turns":6},{"damage":15,"enemies":"downfall:NeowBoss","floor":55,"turns":11}],"seed_played":"4479931600142972163","potions_obtained":[{"floor":2,"key":"Guardian:BlockOnCardUsePotion"},{"floor":8,"key":"DuplicationPotion"},{"floor":12,"key":"SkillPotion"},{"floor":13,"key":"Dexterity Potion"},{"floor":16,"key":"EntropicBrew"},{"floor":23,"key":"BlessingOfTheForge"},{"floor":32,"key":"champ:CounterPotion"},{"floor":36,"key":"champ:CounterPotion"},{"floor":37,"key":"Slimebound:ThreeZeroPotion"},{"floor":42,"key":"SteroidPotion"},{"floor":46,"key":"sneckomod:MuddlingPotion"},{"floor":49,"key":"sneckomod:CheatPotion"},{"floor":52,"key":"Block Potion"}],"is_trial":false,"path_per_floor":["R","M","?","M","$","R","T","E","R","E","R","?","E","M","M","B",null,"R","M","?","M","?","M","T","?","E","M","$","E","$","E","M","B",null,"R","M","M","?","$","?","T","E","R","M","R","?","R","T","M","B",null,"E","$","R","B",null],"character_chosen":"THE_SNECKO","items_purchased":["sneckomod:MasterEye","sneckomod:Unknown3Cost+1","Mayhem","sneckomod:UnknownRareSkill+1","sneckomod:CheapStock","DollysMirror","sneckomod:UnknownRareAttack+1"],"campfire_rested":1,"item_purchase_floors":[5,28,28,30,39,39,53],"current_hp_per_floor":[90,90,84,84,82,82,82,76,76,70,70,67,59,59,54,44,94,94,94,94,94,94,91,91,91,91,87,87,89,91,98,100,86,100,110,107,109,106,106,106,113,115,115,117,117,103,103,103,107,107,133,102,102,135,135],"gold":129,"neow_bonus":"BOSS_RELIC","is_daily":false,"chose_seed":false,"campfire_upgraded":8,"win_rate":0.0,"timestamp":1609562397,"path_taken":["R","?","?","M","$","R","T","E","R","E","R","?","E","?","M","BOSS","R","M","?","?","?","M","T","?","E","M","?","E","$","E","M","BOSS","R","M","M","?","$","?","T","E","R","M","R","?","R","?","M","BOSS","E","$","R","BOSS"],"items_purchased_type":["Card","Card","Card","Card","Card","Relic","Card"],"build_version":"2020-12-22","purchased_purges":0,"victory":true,"max_hp_per_floor":[90,90,90,90,90,90,90,90,90,90,90,90,90,90,90,94,94,94,94,94,94,94,94,94,94,94,94,94,96,98,98,100,100,100,110,112,114,116,116,116,123,125,125,127,127,129,129,129,133,133,133,135,135,135,135],"card_choices":[{"not_picked":["sneckomod:UnknownVulnerable","sneckomod:UnknownClassGREEN"],"picked":"sneckomod:QuickMove","floor":2},{"not_picked":["sneckomod:UnknownClassSLIMEBOUND","sneckomod:Unknown1Cost"],"picked":"sneckomod:WideSting","floor":3},{"not_picked":["sneckomod:UnknownStrike","sneckomod:QuickMove"],"picked":"sneckomod:SnakeSap","floor":4},{"not_picked":["sneckomod:QuickBite","sneckomod:MasterEye"],"picked":"sneckomod:Restock","floor":5},{"not_picked":["sneckomod:QuickMove","sneckomod:WideSting"],"picked":"sneckomod:Nope","floor":8},{"not_picked":["sneckomod:SnekBeam","sneckomod:DiceCrush"],"picked":"sneckomod:UnknownRareAttack+1","floor":10},{"not_picked":["sneckomod:UnknownWeak+1","sneckomod:QuickMove"],"picked":"sneckomod:Unknown2Cost+1","floor":13},{"not_picked":["sneckomod:WideSting","sneckomod:UnknownCommonSkill+1"],"picked":"sneckomod:Unknown2Cost+1","floor":14},{"not_picked":["sneckomod:UnknownX+1","sneckomod:SoulDraw","sneckomod:WideSting"],"picked":"SKIP","floor":15},{"not_picked":["sneckomod:SerpentMind","sneckomod:DangerNoodle"],"picked":"sneckomod:Unknown3Cost+1","floor":16},{"not_picked":["sneckomod:SlitherStrike","sneckomod:SoulDraw","sneckomod:UnknownStrike+1"],"picked":"SKIP","floor":19},{"not_picked":["sneckomod:UnknownCommonSkill+1","sneckomod:ImprovisedGuard+1","sneckomod:Unknown1Cost+1"],"picked":"SKIP","floor":21},{"not_picked":["sneckomod:UnknownCommonSkill+1","sneckomod:MasterEye","sneckomod:UnknownBlock+1"],"picked":"SKIP","floor":23},{"not_picked":["sneckomod:ImprovisedAttack","sneckomod:TrashToTreasure"],"picked":"sneckomod:UnknownRarePower+1","floor":26},{"not_picked":["sneckomod:SoulRoll","sneckomod:Unknown2Cost+1","sneckomod:UnknownExhaust+1"],"picked":"SKIP","floor":27},{"not_picked":["sneckomod:DiceBlock","sneckomod:IronFang","sneckomod:SnakeSap"],"picked":"SKIP","floor":28},{"not_picked":["sneckomod:DiceBlock+1","sneckomod:UnknownBlock+1","sneckomod:SnekBeam"],"picked":"Singing Bowl","floor":29},{"not_picked":["sneckomod:UnknownClassRED+1","sneckomod:UnknownStrike+1","sneckomod:Unknown1Cost+1"],"picked":"Singing Bowl","floor":30},{"not_picked":["sneckomod:UnknownBlock+1","sneckomod:UnknownClassTHE_CHAMP_GRAY+1"],"picked":"sneckomod:UnknownRareSkill+1","floor":31},{"not_picked":["sneckomod:Unknown1Cost+1","sneckomod:UnknownBlock+1","sneckomod:QuickBite"],"picked":"Singing Bowl","floor":32},{"not_picked":["sneckomod:Unknown3Cost+1","sneckomod:SerpentMind"],"picked":"sneckomod:UnknownRarePower+1","floor":33},{"not_picked":["sneckomod:UnknownStrike+1"],"picked":"Singing Bowl","floor":36},{"not_picked":["sneckomod:UnknownStrike+1"],"picked":"Singing Bowl","floor":37},{"not_picked":[],"picked":"expansioncontent:TimeRipple","floor":38},{"not_picked":["expansioncontent:GuardianWhirl"],"picked":"Singing Bowl","floor":38},{"not_picked":["sneckomod:UnknownClassSLIMEBOUND+1"],"picked":"Singing Bowl","floor":42},{"not_picked":["sneckomod:ImprovisedGuard"],"picked":"Singing Bowl","floor":44},{"not_picked":["sneckomod:CheapStock"],"picked":"Singing Bowl","floor":46},{"not_picked":[],"picked":"sneckomod:QuickBite+1","floor":49},{"not_picked":["sneckomod:UnknownBlock+1"],"picked":"Singing Bowl","floor":52}],"player_experience":822727,"relics_obtained":[{"floor":3,"key":"Potion Belt"},{"floor":7,"key":"PreservedInsect"},{"floor":8,"key":"sneckomod:UnknownEgg"},{"floor":10,"key":"Bag of Preparation"},{"floor":12,"key":"downfall:GremlinWheel"},{"floor":13,"key":"Peace Pipe"},{"floor":26,"key":"Boot"},{"floor":29,"key":"Singing Bowl"},{"floor":31,"key":"White Beast Statue"},{"floor":41,"key":"Strawberry"},{"floor":42,"key":"Anchor"},{"floor":46,"key":"Turnip"},{"floor":48,"key":"Meat on the Bone"},{"floor":52,"key":"Bronze Scales"}],"event_choices":[{"damage_healed":0,"gold_gain":0,"cards_transformed":["sneckomod:Strike"],"player_choice":"Transformed","damage_taken":0,"max_hp_gain":0,"max_hp_loss":0,"event_name":"Transmorgrifier","floor":20,"gold_loss":0,"cards_obtained":["sneckomod:UnknownRarePower"]},{"damage_healed":0,"gold_gain":0,"player_choice":"Ignored","damage_taken":0,"max_hp_gain":0,"max_hp_loss":0,"event_name":"Ghosts","floor":22,"gold_loss":0},{"damage_healed":0,"gold_gain":0,"player_choice":"Fight","damage_taken":0,"max_hp_gain":0,"max_hp_loss":0,"event_name":"Mysterious Sphere","floor":46,"gold_loss":0}],"is_beta":false,"boss_relics":[{"not_picked":["SlaversCollar","Philosopher\u0027s Stone"],"picked":"Snecko Eye"},{"not_picked":["Runic Dome","Pandora\u0027s Box"],"picked":"Busted Crown"}],"items_purged_floors":[],"is_endless":false,"potions_floor_spawned":[2,8,12,13,16,23,29,32,33,36,37,42,44,46,49,52],"ascension_level":0}}