{"host":"08rs57m62bs23aen","time":1609621920,"event":{"mods":["AchievementEnabler","BaseMod","Beaked The Cultist","Best Route Mod","BetterRewards","Challenge The Spire","Colored Map","Colored Powertips","Conspire","Downfall","GifTheSpireLib","Googly Eyes","Gremlin Mod","Highlight Path","Hubris","Jedi Mod","Jorbs\u0027s Wanderer Trilogy","Marisa????????","Minty Spire (QoL Compilation)","Permanent Neow","Quick Restart","Spikes Relics","StSLib","The Blackbeard","The Bladedancer","The Construct","The Cursed","The Disciple","The Forsaken","The IronCluck","The Jungle","egg","vexMod"],"gold_per_floor":[99,115,134,160,180,199,199,230,155,179,179,202,270,296,320,320,320,320],"floor_reached":16,"playtime":1028,"items_purged":[],"score":156,"play_id":"750ac02e-c578-49e7-b3de-4a6ed5961bfb","local_time":"20210102141200","is_ascension_mode":false,"campfire_choices":[{"data":"hexamod:TimeWarp","floor":1.0,"key":"SMITH"},{"data":"hexamod:Rewind","floor":9,"key":"SMITH"}],"circlet_count":0,"master_deck":["conspire:GhostlyStrike","conspire:GhostlyStrike","conspire:GhostlyStrike","conspire:GhostlyStrike","conspire:GhostlyDefend","conspire:GhostlyDefend","conspire:GhostlyDefend","conspire:GhostlyDefend","hexamod:Sear","hexamod:Float","hexamod:TimeWarp+1","hexamod:NightmareGuise","hexamod:Rewind+1","hexamod:SecondSeal","hexamod:Haunt","hexamod:FirstSeal"],"relics":["hexamod:SpiritBrand","Boot","SnailShell","SpikesRelics:DaevaFist","downfall:HeartBlessingGreen","hubris:MysteriousPyramids"],"acts_visited":["Exordium"],"potions_floor_usage":[13,16,16],"damage_taken":[{"damage":0.0,"enemies":"Cultist","floor":2.0,"turns":3.0},{"damage":0,"enemies":"Jaw Worm","floor":3,"turns":3},{"damage":0,"enemies":"Small Slimes","floor":5,"turns":3},{"damage":16,"enemies":"Exordium Thugs","floor":6,"turns":5},{"damage":4,"enemies":"3 Sentries","floor":8,"turns":12},{"damage":2,"enemies":"conspire:2 RoseBushes","floor":10,"turns":4},{"damage":0,"enemies":"2 Fungi Beasts","floor":12,"turns":3},{"damage":0,"enemies":"Gremlin Nob","floor":13,"turns":3},{"damage":0,"enemies":"Gremlin Gang","floor":14,"turns":3},{"damage":0,"enemies":"3 Louse","floor":15,"turns":3},{"damage":56,"enemies":"downfall:Watcher","floor":16,"turns":7}],"seed_played":"-3965956247192664306","potions_obtained":[{"floor":2.0,"key":"LiquidBronze"},{"floor":3,"key":"SteroidPotion"},{"floor":5,"key":"SneckoOil"},{"floor":15,"key":"ColorlessPotion"}],"is_trial":false,"path_per_floor":["R","M","M","T","M","M","T","E","R","M","?","M","?","M","M","B"],"character_chosen":"THE_SPIRIT","items_purchased":[],"campfire_rested":0,"item_purchase_floors":[],"current_hp_per_floor":[70,70,70,70,70,54,54,50,50,48,48,48,48,55,55,0,0,0],"gold":320,"neow_bonus":"ONE_RANDOM_RARE_CARD","is_daily":false,"chose_seed":false,"campfire_upgraded":2,"win_rate":0.0,"timestamp":1609621920,"path_taken":["R","M","?","?","?","M","T","E","R","M","?","M","?","?","M","BOSS"],"items_purchased_type":[],"build_version":"2020-12-22","purchased_purges":0,"victory":false,"max_hp_per_floor":[70,70,70,70,70,70,70,70,70,70,70,70,70,70,70,70,70,70],"card_choices":[{"not_picked":["hexamod:BurningTouch","hexamod:Haunt","hexamod:GhostLash"],"picked":"SKIP","floor":2.0},{"not_picked":["hexamod:BurningTouch","hexamod:Haunt","hexamod:GhostLash"],"picked":"SKIP","floor":2.0},{"not_picked":["hexamod:GhostLash","hexamod:ThermalTransfer"],"picked":"hexamod:NightmareGuise","floor":3},{"not_picked":["hexamod:ThermalTransfer","hexamod:GhostOfSpirePresent","hexamod:CatchUp"],"picked":"SKIP","floor":5},{"not_picked":["hexamod:GhostOfSpirePresent","hexamod:HexaLevel"],"picked":"hexamod:Rewind","floor":6},{"not_picked":["hexamod:HauntingEcho","hexamod:ThermalTransfer"],"picked":"hexamod:SecondSeal","floor":8},{"not_picked":["hexamod:SpectersWail","hexamod:EmpoweredFlame","hexamod:RetreatToShadows"],"picked":"SKIP","floor":10},{"not_picked":["hexamod:NightmareGuise","hexamod:GhostShield"],"picked":"hexamod:Haunt","floor":12},{"not_picked":["hexamod:GhostShield","hexamod:BurningTouch"],"picked":"hexamod:FirstSeal","floor":13},{"not_picked":["hexamod:NightmareGuise","hexamod:GhostOfSpireFuture","hexamod:InspiringFlames"],"picked":"SKIP","floor":14},{"not_picked":["hexamod:HeatCrush","hexamod:Again","hexamod:GhostOfSpirePresent"],"picked":"SKIP","floor":15}],"player_experience":804449,"relics_obtained":[{"floor":4,"key":"Boot"},{"floor":7,"key":"SnailShell"},{"floor":8,"key":"SpikesRelics:DaevaFist"}],"event_choices":[{"damage_healed":0,"gold_gain":0,"player_choice":"Agree","damage_taken":0,"max_hp_gain":0,"max_hp_loss":0,"event_name":"conspire:LoneGhost","floor":11,"gold_loss":0}],"is_beta":false,"boss_relics":[],"items_purged_floors":[],"is_endless":false,"potions_floor_spawned":[2,3,5,8,12,15],"killed_by":"downfall:Watcher","ascension_level":0}}