{"host":"vsdszi3rnxsdp24p","time":1609609937,"event":{"mods":["AchievementEnabler","BaseMod","Colored Map","Colored Powertips","Hermit","Highlight Path","Minty Spire (QoL Compilation)","Quick Restart","Relic Sorter","Relic Stats","StSLib","SuperFastMode","Synergy Search","The Cursed","The Mystic"],"gold_per_floor":[110,120,120,195,1,1,1,20,20,49,64,64,83,83,83,203,203,219,22,45,45,45,59,84,98,147,72,95,110,110,2,2,130,130,154,154,3,19,40,40,40],"floor_reached":40,"playtime":1465,"items_purged":[],"score":415,"play_id":"20f72847-03ff-4865-b290-b048064510aa","local_time":"20210102185217","is_ascension_mode":false,"campfire_choices":[{"data":"Static Discharge","floor":6,"key":"SMITH"},{"data":"Dualcast","floor":12,"key":"SMITH"},{"floor":15,"key":"REST"},{"floor":30,"key":"REST"},{"floor":32,"key":"REST"}],"circlet_count":0,"master_deck":["Defend_B","Defend_B","Defend_B","Defend_B","Zap","Dualcast+1","Enlightenment","Ball Lightning","Gash","Static Discharge+1","Doom and Gloom","Rip and Tear","Electrodynamics","Doom and Gloom","Loop+1","BootSequence","Injury","Echo Form+1","CurseOfTheBell","Hello World+1","Force Field","Static Discharge+1","Gash","Capacitor+1","Beam Cell","Thunder Strike","Heatsinks+1","Coolheaded","Chaos","Defragment+1","Amplify","Hologram+1","Pain","Hello World+1","Melter","Ball Lightning","Genetic Algorithm","Glacier+1"],"relics":["Cracked Core","Frozen Egg 2","Bottled Tornado","Golden Idol","Calling Bell","Vajra","Darkstone Periapt","TungstenRod","Nunchaku","Juzu Bracelet","Empty Cage","WarpedTongs"],"acts_visited":["Exordium","TheCity","TheBeyond"],"potions_floor_usage":[10,10,11,25,28,28,29,29,29,29,29,29,39],"damage_taken":[{"damage":10,"enemies":"Small Slimes","floor":1,"turns":3},{"damage":0,"enemies":"2 Louse","floor":2,"turns":2},{"damage":6,"enemies":"Jaw Worm","floor":8,"turns":2},{"damage":16,"enemies":"Lagavulin","floor":10,"turns":4},{"damage":5,"enemies":"Gremlin Gang","floor":11,"turns":1},{"damage":5,"enemies":"Looter","floor":13,"turns":3},{"damage":40,"enemies":"The Guardian","floor":16,"turns":7},{"damage":0,"enemies":"3 Byrds","floor":18,"turns":2},{"damage":9,"enemies":"Spheric Guardian","floor":20,"turns":3},{"damage":12,"enemies":"Snake Plant","floor":23,"turns":3},{"damage":15,"enemies":"3 Cultists","floor":24,"turns":3},{"damage":8,"enemies":"Cultist and Chosen","floor":25,"turns":4},{"damage":27,"enemies":"Shelled Parasite and Fungi","floor":28,"turns":3},{"damage":6,"enemies":"Snake Plant","floor":29,"turns":3},{"damage":29,"enemies":"Collector","floor":33,"turns":8},{"damage":4,"enemies":"3 Shapes","floor":35,"turns":4},{"damage":22,"enemies":"3 Darklings","floor":38,"turns":5},{"damage":49,"enemies":"Transient","floor":39,"turns":5},{"damage":12,"enemies":"Reptomancer","floor":40,"turns":2}],"seed_played":"7233623345207631481","potions_obtained":[{"floor":1,"key":"Ancient Potion"},{"floor":8,"key":"Weak Potion"},{"floor":10,"key":"Explosive Potion"},{"floor":23,"key":"Regen Potion"},{"floor":25,"key":"FearPotion"},{"floor":28,"key":"EntropicBrew"},{"floor":35,"key":"SkillPotion"}],"is_trial":false,"path_per_floor":["M","M","?","?","$","R","?","M","T","E","M","R","M","?","R","B",null,"M","$","M","?","?","M","M","M","T","?","M","M","R","$","R","B",null,"M","?","$","M","M","E"],"character_chosen":"DEFECT","items_purchased":["Static Discharge","Doom and Gloom","Rip and Tear","Force Field","Static Discharge+1","Gash","Chaos","Defragment+1","Hello World+1","Melter","Ball Lightning"],"campfire_rested":3,"item_purchase_floors":[5,5,5,19,19,19,31,31,37,37,37],"current_hp_per_floor":[65,65,65,54,54,54,54,48,48,32,27,27,22,22,44,4,75,75,75,66,66,66,54,39,40,40,40,13,7,29,29,51,22,75,71,77,77,55,6,0,0],"gold":40,"neow_bonus":"RANDOM_COLORLESS","is_daily":false,"chose_seed":false,"campfire_upgraded":2,"win_rate":0.0,"timestamp":1609609937,"path_taken":["M","M","?","?","$","R","?","M","T","E","?","R","M","?","R","BOSS","M","$","M","?","?","M","M","?","T","?","M","M","R","$","R","BOSS","M","?","?","M","M","E"],"items_purchased_type":["Card","Card","Card","Card","Card","Card","Card","Card","Card","Card","Card"],"build_version":"2020-12-22","purchased_purges":0,"victory":false,"max_hp_per_floor":[75,75,75,75,75,75,75,75,75,75,75,75,75,75,75,75,75,75,75,75,75,75,75,75,75,75,75,75,75,75,75,75,75,75,75,81,81,81,81,81,81],"relic_stats":{"Darkstone Periapt":6,"Nunchaku":[5],"counters":[19,67],"Golden Idol":89,"Juzu Bracelet":0,"obtain_stats":[{"Calling Bell":17,"Darkstone Periapt":17,"Nunchaku":21,"Golden Idol":14,"Vajra":17,"Juzu Bracelet":26,"Frozen Egg 2":9,"Bottled Tornado":10,"Cracked Core":0,"Empty Cage":34,"TungstenRod":17,"WarpedTongs":36},{"Calling Bell":7,"Darkstone Periapt":7,"Nunchaku":9,"Golden Idol":6,"Vajra":7,"Juzu Bracelet":12,"Frozen Egg 2":3,"Bottled Tornado":4,"Cracked Core":0,"Empty Cage":15,"TungstenRod":7,"WarpedTongs":16},{"Calling Bell":22,"Darkstone Periapt":22,"Nunchaku":27,"Golden Idol":15,"Vajra":22,"Juzu Bracelet":37,"Frozen Egg 2":7,"Bottled Tornado":11,"Cracked Core":0,"Empty Cage":51,"TungstenRod":22,"WarpedTongs":55}],"TungstenRod":31,"WarpedTongs":[12]},"card_choices":[{"not_picked":["Purity","Flash of Steel"],"picked":"Enlightenment","floor":0},{"not_picked":["Gash","Compile Driver"],"picked":"Ball Lightning","floor":1},{"not_picked":["Reprogram","Streamline"],"picked":"Gash","floor":2},{"not_picked":["Rebound","Auto Shields"],"picked":"Electrodynamics","floor":8},{"not_picked":["Rebound","Heatsinks+1"],"picked":"Doom and Gloom","floor":10},{"not_picked":["Beam Cell","Barrage"],"picked":"Loop+1","floor":11},{"not_picked":["Barrage","Steam"],"picked":"BootSequence","floor":13},{"not_picked":["Seek","Core Surge"],"picked":"Echo Form+1","floor":16},{"not_picked":["Heatsinks+1","Beam Cell"],"picked":"Hello World+1","floor":18},{"not_picked":["Hologram+1","Turbo+1"],"picked":"Capacitor+1","floor":20},{"not_picked":["Rebound","Hologram"],"picked":"Beam Cell","floor":23},{"not_picked":["Cold Snap","Coolheaded+1"],"picked":"Thunder Strike","floor":24},{"not_picked":["FTL+1","Conserve Battery"],"picked":"Heatsinks+1","floor":25},{"not_picked":["Steam+1","Hologram"],"picked":"Coolheaded","floor":28},{"not_picked":["Stack","Doom and Gloom","Compile Driver+1"],"picked":"SKIP","floor":29},{"not_picked":["Thunder Strike","Multi-Cast"],"picked":"Amplify","floor":33},{"not_picked":["Go for the Eyes","Skim"],"picked":"Hologram+1","floor":35},{"not_picked":["Turbo+1","Coolheaded"],"picked":"Genetic Algorithm","floor":38},{"not_picked":["Gash+1","Barrage+1"],"picked":"Glacier+1","floor":39}],"player_experience":117490,"relics_obtained":[{"floor":9,"key":"Frozen Egg 2"},{"floor":10,"key":"Bottled Tornado"},{"floor":17,"key":"Vajra"},{"floor":17,"key":"Darkstone Periapt"},{"floor":17,"key":"TungstenRod"},{"floor":26,"key":"Juzu Bracelet"}],"event_choices":[{"damage_healed":0,"gold_gain":0,"player_choice":"Leave","damage_taken":0,"max_hp_gain":0,"max_hp_loss":0,"event_name":"The Cleric","floor":3,"gold_loss":0},{"damage_healed":0,"gold_gain":75,"player_choice":"Gather Gold","damage_taken":11,"max_hp_gain":0,"max_hp_loss":0,"event_name":"World of Goop","floor":4,"gold_loss":0},{"cards_removed":["Strike_B"],"damage_healed":0,"gold_gain":0,"player_choice":"Purged","damage_taken":0,"max_hp_gain":0,"max_hp_loss":0,"event_name":"Purifier","floor":7,"gold_loss":0},{"damage_healed":0,"gold_gain":0,"player_choice":"Take Wound","damage_taken":0,"relics_obtained":["Golden Idol"],"max_hp_gain":0,"max_hp_loss":0,"event_name":"Golden Idol","floor":14,"gold_loss":0,"cards_obtained":["Injury"]},{"damage_healed":0,"gold_gain":0,"player_choice":"Opened","damage_taken":0,"relics_obtained":["Nunchaku"],"max_hp_gain":0,"max_hp_loss":0,"event_name":"The Mausoleum","floor":21,"gold_loss":0},{"damage_healed":0,"gold_gain":0,"player_choice":"Ignored","damage_taken":0,"max_hp_gain":0,"max_hp_loss":0,"event_name":"WeMeetAgain","floor":22,"gold_loss":0},{"cards_removed":["Strike_B"],"damage_healed":0,"gold_gain":0,"player_choice":"Gave Gold","damage_taken":0,"max_hp_gain":0,"max_hp_loss":0,"event_name":"Beggar","floor":27,"gold_loss":75},{"damage_healed":0,"gold_gain":0,"player_choice":"Rummage","damage_taken":0,"relics_obtained":["WarpedTongs"],"max_hp_gain":0,"max_hp_loss":0,"event_name":"Accursed Blacksmith","floor":36,"gold_loss":0,"cards_obtained":["Pain"]}],"is_beta":false,"boss_relics":[{"not_picked":["Snecko Eye","Runic Pyramid"],"picked":"Calling Bell"},{"not_picked":["Philosopher\u0027s Stone","Sozu"],"picked":"Empty Cage"}],"items_purged_floors":[],"is_endless":false,"potions_floor_spawned":[1,8,10,23,25,28,35],"killed_by":"Reptomancer","ascension_level":0}}