{"host":"37dk0reb6x0du8wx","time":1609583715,"event":{"mods":["BaseMod","Colored Map","DeckTracker","Minty Spire (QoL Compilation)","Quick Restart","StSLib","The Dragon Tamer"],"gold_per_floor":[110,110,110,185,203,203,237,254,254,254,271,10,10,45,45,168,168,193,193,48,64,64,64,108,124,170,170,170,170],"floor_reached":28,"playtime":750,"items_purged":[],"score":296,"play_id":"ff554842-1df4-48f4-9b25-f949d6ba5760","local_time":"20210102193515","is_ascension_mode":true,"campfire_choices":[{"data":"Zap","floor":6,"key":"SMITH"},{"data":"Conserve Battery","floor":10,"key":"SMITH"},{"floor":15,"key":"REST"},{"data":"Consume","floor":23,"key":"SMITH"},{"floor":27,"key":"REST"}],"circlet_count":0,"master_deck":["Strike_B","Strike_B","Strike_B","Defend_B","Defend_B","Defend_B","Defend_B","Zap+1","Dualcast","Ball Lightning","Self Repair","Conserve Battery+1","BootSequence","Reinforced Body","Fission","Consume+1","Consume","Conserve Battery","Zap+1"],"relics":["Cracked Core","NeowsBlessing","Eternal Feather","Sundial","Bag of Marbles","Cables","Golden Idol","Mummified Hand","Sozu","DollysMirror","Meat on the Bone","Smiling Mask"],"acts_visited":["Exordium","TheCity"],"potions_floor_usage":[14,24,24],"damage_taken":[{"damage":0,"enemies":"Cultist","floor":1,"turns":1},{"damage":0,"enemies":"2 Louse","floor":5,"turns":1},{"damage":0,"enemies":"3 Sentries","floor":7,"turns":1},{"damage":2,"enemies":"Jaw Worm","floor":8,"turns":3},{"damage":0,"enemies":"Blue Slaver","floor":11,"turns":3},{"damage":22,"enemies":"Lagavulin","floor":14,"turns":7},{"damage":41,"enemies":"Hexaghost","floor":16,"turns":12},{"damage":20,"enemies":"Shell Parasite","floor":18,"turns":5},{"damage":24,"enemies":"3 Byrds","floor":21,"turns":5},{"damage":11,"enemies":"Slavers","floor":24,"turns":5},{"damage":20,"enemies":"Snecko","floor":25,"turns":5},{"damage":82,"enemies":"Gremlin Leader","floor":28,"turns":7}],"seed_played":"-6102865511897777817","potions_obtained":[{"floor":7,"key":"FearPotion"},{"floor":14,"key":"BlessingOfTheForge"},{"floor":16,"key":"AttackPotion"}],"is_trial":false,"path_per_floor":["M","?","?","?","M","R","E","M","T","R","M","$","?","E","R","B",null,"M","?","$","M","?","R","E","M","T","R","E"],"character_chosen":"DEFECT","items_purchased":["Cables","DollysMirror"],"campfire_rested":2,"item_purchase_floors":[12,20],"current_hp_per_floor":[75,75,72,61,61,67,67,72,72,75,75,75,57,42,70,36,75,62,62,62,45,45,54,50,49,49,75,0,0],"gold":170,"neow_bonus":"THREE_ENEMY_KILL","is_daily":false,"chose_seed":false,"campfire_upgraded":3,"win_rate":0.0,"timestamp":1609583715,"path_taken":["M","?","?","?","M","R","E","M","T","R","?","$","?","E","R","BOSS","M","?","$","?","?","R","E","M","T","R","E"],"items_purchased_type":["Relic","Relic"],"build_version":"2020-12-22","purchased_purges":0,"victory":false,"max_hp_per_floor":[75,75,75,75,75,75,75,75,75,75,75,75,75,75,75,75,75,75,75,75,75,75,75,75,75,75,75,75,75],"card_choices":[{"not_picked":["Barrage","Recycle"],"picked":"Ball Lightning","floor":1},{"not_picked":["Chaos","FTL"],"picked":"Self Repair","floor":5},{"not_picked":["Barrage","Thunder Strike","Gash"],"picked":"SKIP","floor":7},{"not_picked":["Streamline","Coolheaded"],"picked":"Conserve Battery","floor":8},{"not_picked":["Streamline","Gash"],"picked":"BootSequence","floor":11},{"not_picked":["Compile Driver","Recycle"],"picked":"Reinforced Body","floor":14},{"not_picked":["Hologram+1","Static Discharge","Chaos+1"],"picked":"SKIP","floor":18},{"not_picked":["Rebound+1","Force Field"],"picked":"Conserve Battery","floor":21},{"not_picked":["Rebound","Reprogram","Ball Lightning"],"picked":"SKIP","floor":24},{"not_picked":["Aggregate","Beam Cell","Sweeping Beam"],"picked":"SKIP","floor":25}],"player_experience":117148,"relics_obtained":[{"floor":7,"key":"Sundial"},{"floor":9,"key":"Bag of Marbles"},{"floor":14,"key":"Mummified Hand"},{"floor":24,"key":"Meat on the Bone"},{"floor":26,"key":"Smiling Mask"}],"event_choices":[{"cards_removed":["Strike_B"],"damage_healed":0,"gold_gain":0,"player_choice":"Forget","damage_taken":0,"max_hp_gain":0,"max_hp_loss":0,"event_name":"Living Wall","floor":2,"gold_loss":0},{"damage_healed":0,"gold_gain":0,"player_choice":"Success","damage_taken":3,"relics_obtained":["Eternal Feather"],"max_hp_gain":0,"max_hp_loss":0,"event_name":"Scrap Ooze","floor":3,"gold_loss":0},{"damage_healed":0,"gold_gain":75,"player_choice":"Gather Gold","damage_taken":11,"max_hp_gain":0,"max_hp_loss":0,"event_name":"World of Goop","floor":4,"gold_loss":0},{"damage_healed":0,"gold_gain":0,"player_choice":"Take Damage","damage_taken":18,"relics_obtained":["Golden Idol"],"max_hp_gain":0,"max_hp_loss":0,"event_name":"Golden Idol","floor":13,"gold_loss":0},{"damage_healed":0,"gold_gain":0,"player_choice":"2 cards matched","damage_taken":0,"max_hp_gain":0,"max_hp_loss":0,"event_name":"Match and Keep!","floor":19,"gold_loss":0,"cards_obtained":["Fission","Consume"]},{"damage_healed":0,"gold_gain":0,"player_choice":"Copied","damage_taken":0,"max_hp_gain":0,"max_hp_loss":0,"event_name":"Duplicator","floor":22,"gold_loss":0,"cards_obtained":["Zap"]}],"is_beta":false,"boss_relics":[{"not_picked":["Busted Crown","Ectoplasm"],"picked":"Sozu"}],"items_purged_floors":[],"is_endless":false,"potions_floor_spawned":[7,14,16],"killed_by":"Gremlin Leader","ascension_level":2}}