{"host":"5dk97cf2ubw2v967","time":1609558449,"event":{"mods":["AlwaysNeverKeys","BaseMod","Better Altar","Better Vampires","Block Reminder","Colored Powertips","Downfall","Googly Eyes","Highlight Path","Minty Spire (QoL Compilation)","Permanent Neow","Potion Indicator Mod","Quick Restart","Relic Filter","Relic Stats","Say the Spire","Spicy Shops","StSLib","Waifu the Spire","everything is the same but u backflip on backflip"],"gold_per_floor":[111,127,142,156,168,168,168,168,168,168,168,168],"floor_reached":11,"playtime":314,"items_purged":[],"score":134,"play_id":"2635d42b-cafd-4bfb-9f9d-4853ec575f21","local_time":"20210102033409","is_ascension_mode":true,"campfire_choices":[{"floor":6,"key":"REST"},{"data":"Juggernaut","floor":8,"key":"SMITH"},{"data":"Entrench","floor":10,"key":"SMITH"}],"circlet_count":0,"master_deck":["AscendersBane","Strike_R","Strike_R","Strike_R","Strike_R","Strike_R","Defend_R","Defend_R","Defend_R","Defend_R","Bash","Injury","Juggernaut+1","Entrench+1","Havoc"],"relics":["Burning Blood","Nunchaku"],"acts_visited":["Exordium"],"potions_floor_usage":[3,5,7],"damage_taken":[{"damage":10,"enemies":"Small Slimes","floor":1,"turns":4},{"damage":14,"enemies":"Jaw Worm","floor":2,"turns":4},{"damage":7,"enemies":"2 Louse","floor":3,"turns":4},{"damage":29,"enemies":"Red Slaver","floor":4,"turns":4},{"damage":17,"enemies":"Lots of Slimes","floor":5,"turns":6},{"damage":0,"enemies":"Large Slime","floor":7,"turns":2},{"damage":44,"enemies":"Lagavulin","floor":11,"turns":8}],"seed_played":"3472713852867836944","potions_obtained":[{"floor":1,"key":"Energy Potion"},{"floor":2,"key":"SteroidPotion"},{"floor":5,"key":"SmokeBomb"}],"is_trial":false,"path_per_floor":["M","M","M","M","M","R","M","R","T","R","E"],"character_chosen":"IRONCLAD","items_purchased":[],"campfire_rested":1,"item_purchase_floors":[],"current_hp_per_floor":[64,56,55,32,21,43,49,49,49,49,5,5],"gold":168,"neow_bonus":"THREE_RARE_CARDS","is_daily":false,"chose_seed":false,"campfire_upgraded":2,"win_rate":0.0,"timestamp":1609558449,"path_taken":["M","M","M","M","M","R","M","R","T","R","E"],"items_purchased_type":[],"build_version":"2020-12-22","purchased_purges":0,"victory":false,"max_hp_per_floor":[75,75,75,75,75,75,75,75,75,75,75,75],"relic_stats":{"Nunchaku":[0],"counters":[7,32],"obtain_stats":[{"Nunchaku":9,"Burning Blood":0},{"Nunchaku":6,"Burning Blood":0},{"Nunchaku":24,"Burning Blood":0}],"Burning Blood":36},"card_choices":[{"not_picked":["Barricade","Offering"],"picked":"Juggernaut","floor":0},{"not_picked":["Pummel","Iron Wave"],"picked":"Entrench","floor":1},{"not_picked":["Pommel Strike","True Grit"],"picked":"Havoc","floor":2},{"not_picked":["Clothesline","Thunderclap","Headbutt"],"picked":"SKIP","floor":3},{"not_picked":["Havoc","Body Slam","Anger"],"picked":"SKIP","floor":4},{"not_picked":["Exhume","Clothesline","Rampage"],"picked":"SKIP","floor":5}],"player_experience":1277030,"relics_obtained":[{"floor":9,"key":"Nunchaku"}],"event_choices":[],"is_beta":false,"boss_relics":[],"items_purged_floors":[],"is_endless":false,"potions_floor_spawned":[1,2,5],"killed_by":"Lagavulin","ascension_level":20}}