{"host":"if46sxignvy4ka0k","time":1609565631,"event":{"mods":["BaseMod","Minty Spire (QoL Compilation)","StSLib","The Cursed"],"gold_per_floor":[119,69,83,129,204,229,160,160,160,172,189,189,207,242,242,343,343,354,354,279,293,18,18,47,64,64,64,95,109,109,120,120,219,219,234,249,249,260,180,180,180,47,74,105,105,131,148,34,34,34],"floor_reached":51,"playtime":2620,"items_purged":[],"score":828,"play_id":"3c99f225-c451-435c-9672-47839aa414ad","local_time":"20210101233351","is_ascension_mode":false,"campfire_choices":[{"floor":12,"key":"REST"},{"data":"1","floor":15,"key":"LIFT"},{"data":"2","floor":23,"key":"LIFT"},{"floor":32,"key":"REST"},{"floor":40,"key":"REST"},{"floor":45,"key":"REST"},{"data":"3","floor":49,"key":"LIFT"}],"circlet_count":0,"master_deck":["TheCursedMod:Strike_TheCursed+1","TheCursedMod:Strike_TheCursed","TheCursedMod:Strike_TheCursed+1","TheCursedMod:Defend_TheCursed","TheCursedMod:Defend_TheCursed","TheCursedMod:CursedWand","TheCursedMod:CleanUpWorkshop","TheCursedMod:Dregs","Flash of Steel","TheCursedMod:WearCloak","TheCursedMod:CursedBlade","TheCursedMod:Hemoplague","TheCursedMod:Hemoplague","TheCursedMod:FleshFromBone","TheCursedMod:CursedStaff","TheCursedMod:AbyssShockwave","TheCursedMod:Stigma","TheCursedMod:VoidForm","TheCursedMod:FleshFromBone","TheCursedMod:CircleOfFocus","Apotheosis","TheCursedMod:ReleasedStrength+1","TheCursedMod:HellfireBreathing","TheCursedMod:LuckyCharm","TheCursedMod:SoulCrush+1","TheCursedMod:ReleasedStrength+1","TheCursedMod:VoidForm","TheCursedMod:Obscuration","TheCursedMod:CircleOfFocus+1","TheCursedMod:SpitefulPlan+1","Mayhem","TheCursedMod:Wield+1","TheCursedMod:NeowsMight","TheCursedMod:CircleOfFlame"],"relics":["TheCursedMod:BlackMagic101","Blood Vial","Omamori","FaceOfCleric","The Courier","Girya","TheCursedMod:OminousMark","Anchor","Mummified Hand","Gambling Chip","Letter Opener","Nunchaku","WarpedTongs","TheCursedMod:FourLeafCloverCharm","Vajra","Whetstone","Bag of Marbles","Juzu Bracelet"],"acts_visited":["Exordium","TheCity","TheBeyond"],"potions_floor_usage":[14,14,21,33,38,38,50,50,50,50],"damage_taken":[{"damage":5,"enemies":"Small Slimes","floor":1,"turns":3},{"damage":0,"enemies":"Jaw Worm","floor":3,"turns":3},{"damage":32,"enemies":"Lagavulin","floor":6,"turns":8},{"damage":8,"enemies":"2 Louse","floor":10,"turns":2},{"damage":6,"enemies":"Large Slime","floor":11,"turns":7},{"damage":0,"enemies":"Lots of Slimes","floor":13,"turns":3},{"damage":1,"enemies":"3 Sentries","floor":14,"turns":4},{"damage":33,"enemies":"The Guardian","floor":16,"turns":9},{"damage":5,"enemies":"3 Byrds","floor":18,"turns":4},{"damage":2,"enemies":"Shell Parasite","floor":21,"turns":2},{"damage":26,"enemies":"Slavers","floor":24,"turns":4},{"damage":32,"enemies":"Cultist and Chosen","floor":25,"turns":6},{"damage":34,"enemies":"Gremlin Leader","floor":28,"turns":5},{"damage":20,"enemies":"Snecko","floor":29,"turns":5},{"damage":0,"enemies":"Sentry and Sphere","floor":31,"turns":3},{"damage":38,"enemies":"Champ","floor":33,"turns":8},{"damage":44,"enemies":"3 Darklings","floor":35,"turns":5},{"damage":28,"enemies":"Orb Walker","floor":36,"turns":5},{"damage":36,"enemies":"Spire Growth","floor":38,"turns":5},{"damage":45,"enemies":"Nemesis","floor":44,"turns":7},{"damage":0,"enemies":"Giant Head","floor":46,"turns":6},{"damage":5,"enemies":"Jaw Worm Horde","floor":47,"turns":3},{"damage":45,"enemies":"Awakened One","floor":50,"turns":8}],"seed_played":"-2799786849746052582","potions_obtained":[{"floor":10,"key":"AttackPotion"},{"floor":11,"key":"SteroidPotion"},{"floor":16,"key":"FearPotion"},{"floor":24,"key":"FairyPotion"},{"floor":29,"key":"Fire Potion"},{"floor":31,"key":"SpeedPotion"},{"floor":33,"key":"FairyPotion"},{"floor":36,"key":"Dexterity Potion"},{"floor":38,"key":"Energy Potion"}],"is_trial":false,"path_per_floor":["M","?","M","T","?","E","$","?","T","M","M","R","M","E","R","B",null,"M","?","?","M","$","R","E","M","T","T","E","M","?","M","R","B",null,"M","M","?","M","$","R","?","$","T","E","R","E","M","$","R","B",null],"character_chosen":"THE_CURSED","items_purchased":["TheCursedMod:Hemoplague","Apotheosis","Anchor","EntropicBrew","Mayhem","Juzu Bracelet"],"campfire_rested":4,"item_purchase_floors":[7,22,22,39,42,48],"current_hp_per_floor":[70,70,70,70,59,29,29,29,29,24,21,44,47,49,49,19,80,76,76,76,77,77,77,54,25,25,25,26,9,9,12,38,3,88,45,20,43,10,10,37,37,37,37,27,54,57,55,55,55,13],"gold":34,"neow_bonus":"RANDOM_COLORLESS","is_daily":false,"chose_seed":false,"campfire_upgraded":0,"win_rate":0.0,"timestamp":1609565631,"path_taken":["M","?","M","?","?","E","$","?","T","M","?","R","M","E","R","BOSS","M","?","?","M","?","R","E","M","T","?","E","?","?","?","R","BOSS","M","M","?","M","$","R","?","?","T","E","R","E","M","$","R","BOSS"],"items_purchased_type":["Card","Card","Relic","Potion","Card","Relic"],"build_version":"2020-12-22","purchased_purges":0,"victory":true,"max_hp_per_floor":[75,75,75,75,75,75,75,75,75,76,77,77,78,79,79,80,80,81,81,81,82,82,82,83,84,84,84,85,86,86,87,87,88,88,89,90,90,91,91,91,91,91,91,92,92,93,94,94,94,95],"card_choices":[{"not_picked":["Purity","Jack Of All Trades"],"picked":"Flash of Steel","floor":0},{"not_picked":["TheCursedMod:CursedBoomerang","TheCursedMod:Evocation"],"picked":"TheCursedMod:WearCloak","floor":1},{"not_picked":["TheCursedMod:CircleOfCorruption","TheCursedMod:EmpowerCircles"],"picked":"TheCursedMod:CursedBlade","floor":3},{"not_picked":["TheCursedMod:SpitefulStrike","TheCursedMod:AbyssShockwave"],"picked":"TheCursedMod:Hemoplague","floor":6},{"not_picked":["TheCursedMod:RavingStaff","TheCursedMod:TacticalStrike"],"picked":"TheCursedMod:FleshFromBone","floor":10},{"not_picked":["TheCursedMod:CursedShiv","TheCursedMod:SpitefulStrike"],"picked":"TheCursedMod:CursedStaff","floor":11},{"not_picked":["TheCursedMod:Wield","TheCursedMod:CursedBlade"],"picked":"TheCursedMod:AbyssShockwave","floor":13},{"not_picked":["TheCursedMod:Stretching","TheCursedMod:CursedArmor"],"picked":"TheCursedMod:Stigma","floor":14},{"not_picked":["TheCursedMod:CircleOfAbyss","TheCursedMod:CollectTribute"],"picked":"TheCursedMod:VoidForm","floor":16},{"not_picked":["TheCursedMod:CursedBoomerang+1","TheCursedMod:CursedSpellbook"],"picked":"TheCursedMod:FleshFromBone","floor":18},{"not_picked":["TheCursedMod:CursedBoomerang","TheCursedMod:CursedBlade"],"picked":"TheCursedMod:CircleOfFocus","floor":21},{"not_picked":["TheCursedMod:RapidMovement+1","TheCursedMod:CursedShiv"],"picked":"TheCursedMod:ReleasedStrength+1","floor":24},{"not_picked":["TheCursedMod:PrepareRite","TheCursedMod:DoubleShield"],"picked":"TheCursedMod:HellfireBreathing","floor":25},{"not_picked":["TheCursedMod:Stretching","TheCursedMod:CircleOfCorruption"],"picked":"TheCursedMod:LuckyCharm","floor":28},{"not_picked":["TheCursedMod:ReleasedKnowledge+1","TheCursedMod:Neurasthenia"],"picked":"TheCursedMod:SoulCrush+1","floor":29},{"not_picked":["TheCursedMod:RavingStaff+1","TheCursedMod:SpitefulStrike"],"picked":"TheCursedMod:ReleasedStrength+1","floor":31},{"not_picked":["TheCursedMod:ForbiddenAlchemy","TheCursedMod:OutForBlood"],"picked":"TheCursedMod:VoidForm","floor":33},{"not_picked":["TheCursedMod:ReleasedKnowledge","TheCursedMod:Stigma"],"picked":"TheCursedMod:Obscuration","floor":35},{"not_picked":["TheCursedMod:CircleOfWindfury+1","TheCursedMod:ManaBullet"],"picked":"TheCursedMod:CircleOfFocus+1","floor":36},{"not_picked":["TheCursedMod:SurpriseAttack+1","TheCursedMod:SaltUponWound"],"picked":"TheCursedMod:SpitefulPlan+1","floor":38},{"not_picked":["TheCursedMod:SmokeScreen","TheCursedMod:Torture"],"picked":"TheCursedMod:Wield+1","floor":44},{"not_picked":["TheCursedMod:SoulCrush+1","TheCursedMod:CursedShiv+1"],"picked":"TheCursedMod:NeowsMight","floor":46},{"not_picked":["TheCursedMod:FleshFromBone","TheCursedMod:AbyssShockwave+1"],"picked":"TheCursedMod:CircleOfFlame","floor":47}],"player_experience":2107691,"relics_obtained":[{"floor":4,"key":"Blood Vial"},{"floor":6,"key":"Omamori"},{"floor":9,"key":"The Courier"},{"floor":14,"key":"Girya"},{"floor":24,"key":"Mummified Hand"},{"floor":26,"key":"Gambling Chip"},{"floor":27,"key":"Letter Opener"},{"floor":28,"key":"Nunchaku"},{"floor":43,"key":"Vajra"},{"floor":44,"key":"Whetstone"},{"floor":46,"key":"Bag of Marbles"}],"event_choices":[{"cards_removed":["TheCursedMod:Defend_TheCursed"],"damage_healed":0,"gold_gain":0,"player_choice":"Card Removal","damage_taken":0,"max_hp_gain":0,"max_hp_loss":0,"event_name":"The Cleric","floor":2,"gold_loss":50},{"damage_healed":0,"gold_gain":75,"player_choice":"Gather Gold","damage_taken":11,"max_hp_gain":0,"max_hp_loss":0,"event_name":"World of Goop","floor":5,"gold_loss":0},{"damage_healed":0,"gold_gain":0,"player_choice":"Trade","damage_taken":0,"relics_obtained":["FaceOfCleric"],"max_hp_gain":0,"max_hp_loss":0,"event_name":"FaceTrader","floor":8,"gold_loss":0},{"damage_healed":0,"gold_gain":0,"player_choice":"Ignored","damage_taken":0,"max_hp_gain":0,"max_hp_loss":0,"event_name":"Ghosts","floor":19,"gold_loss":0},{"cards_removed":["TheCursedMod:Strike_TheCursed"],"damage_healed":0,"gold_gain":0,"player_choice":"Gave Gold","damage_taken":0,"max_hp_gain":0,"max_hp_loss":0,"event_name":"Beggar","floor":20,"gold_loss":75},{"damage_healed":0,"gold_gain":0,"player_choice":"Rummage","damage_taken":0,"relics_obtained":["WarpedTongs"],"max_hp_gain":0,"max_hp_loss":0,"event_name":"Accursed Blacksmith","floor":30,"gold_loss":0,"cards_obtained":["Pain"]},{"damage_healed":23,"gold_gain":0,"player_choice":"Writhe","damage_taken":0,"max_hp_gain":0,"max_hp_loss":0,"event_name":"Winding Halls","floor":37,"gold_loss":0,"cards_obtained":["Writhe"]},{"cards_removed":["TheCursedMod:Defend_TheCursed"],"damage_healed":0,"gold_gain":0,"player_choice":"Removed Skill","damage_taken":0,"max_hp_gain":0,"max_hp_loss":0,"event_name":"Falling","floor":41,"gold_loss":0}],"is_beta":false,"boss_relics":[{"not_picked":["Velvet Choker","Runic Dome"],"picked":"TheCursedMod:OminousMark"},{"not_picked":["Runic Pyramid","Philosopher\u0027s Stone"],"picked":"TheCursedMod:FourLeafCloverCharm"}],"items_purged_floors":[],"is_endless":false,"potions_floor_spawned":[10,11,16,24,29,31,33,36,38],"ascension_level":0}}