{"host":"36mulxq349byzoa2","time":1609557394,"event":{"mods":["AchievementEnabler","BaseMod","Better Match","Block Reminder","Colored Map","Colored Powertips","Minty Spire (QoL Compilation)","Rare Cards Sparkle","StSLib","SuperFastMode"],"gold_per_floor":[119,194,214,214,231,258,258,271,297,297,297],"floor_reached":10,"playtime":139,"items_purged":[],"score":129,"play_id":"0fb5bb46-1865-481b-a6fc-582e26bd31ae","local_time":"20210101221634","is_ascension_mode":true,"campfire_choices":[{"data":"Unload","floor":7,"key":"SMITH"}],"circlet_count":0,"master_deck":["AscendersBane","Strike_G","Strike_G","Strike_G","Strike_G","Strike_G","Defend_G","Defend_G","Defend_G","Defend_G","Defend_G","Survivor","Neutralize","Poisoned Stab","Bane","Dagger Spray","Unload+1"],"relics":["Ring of the Snake","NeowsBlessing","Anchor","Lantern"],"acts_visited":["Exordium"],"potions_floor_usage":[6],"damage_taken":[{"damage":0,"enemies":"Jaw Worm","floor":1,"turns":1},{"damage":0,"enemies":"2 Louse","floor":3,"turns":1},{"damage":0,"enemies":"Small Slimes","floor":5,"turns":1},{"damage":25,"enemies":"Lagavulin","floor":6,"turns":5},{"damage":0,"enemies":"2 Fungi Beasts","floor":8,"turns":3},{"damage":26,"enemies":"Gremlin Nob","floor":10,"turns":3}],"seed_played":"-5430734419113990650","potions_obtained":[{"floor":1,"key":"Fire Potion"},{"floor":6,"key":"SkillPotion"}],"is_trial":false,"path_per_floor":["M","?","M","?","M","E","R","M","T","E"],"character_chosen":"THE_SILENT","items_purchased":[],"campfire_rested":0,"item_purchase_floors":[],"current_hp_per_floor":[59,48,48,48,48,23,23,23,23,0,0],"gold":297,"neow_bonus":"THREE_ENEMY_KILL","is_daily":false,"chose_seed":false,"campfire_upgraded":1,"win_rate":0.0,"timestamp":1609557394,"path_taken":["M","?","M","?","M","E","R","M","T","E"],"items_purchased_type":[],"build_version":"2020-12-22","purchased_purges":0,"victory":false,"max_hp_per_floor":[66,66,66,66,66,66,66,66,66,66,66],"card_choices":[{"not_picked":["Predator","Slice"],"picked":"Poisoned Stab","floor":1},{"not_picked":["Outmaneuver","Acrobatics"],"picked":"Bane","floor":3},{"not_picked":["Outmaneuver","Infinite Blades"],"picked":"Dagger Spray","floor":5},{"not_picked":["All Out Attack","Terror"],"picked":"Unload","floor":6},{"not_picked":["Blade Dance","Sucker Punch","Dagger Spray"],"picked":"SKIP","floor":8}],"player_experience":993480,"relics_obtained":[{"floor":6,"key":"Anchor"},{"floor":9,"key":"Lantern"}],"event_choices":[{"damage_healed":0,"gold_gain":75,"player_choice":"Gather Gold","damage_taken":11,"max_hp_gain":0,"max_hp_loss":0,"event_name":"World of Goop","floor":2,"gold_loss":0},{"damage_healed":0,"gold_gain":0,"player_choice":"Ignored","damage_taken":0,"max_hp_gain":0,"max_hp_loss":0,"event_name":"Liars Game","floor":4,"gold_loss":0}],"is_beta":false,"boss_relics":[],"items_purged_floors":[],"is_endless":false,"potions_floor_spawned":[1,6],"killed_by":"Gremlin Nob","ascension_level":18}}