{"host":"vumwfieg2b2mnrfl","time":1609562153,"event":{"mods":["AchievementEnabler","BaseMod","Minty Spire (QoL Compilation)","Rare Cards Sparkle","Relic Stats"],"gold_per_floor":[117,41,116,116,127,127,157,157,202,220,220,232,246,278,278,383,383,399,324,245,255,267,293,293,393,474,493,522,522,555,212,212,316,316,332,128,139,151,76,104,104,129,129,56,83,96,96,148,148,148,148],"floor_reached":50,"playtime":2134,"items_purged":["Strike_P"],"score":678,"play_id":"4d234599-dc27-4b2a-ae89-0b6665be5d6d","local_time":"20210101223553","is_ascension_mode":true,"campfire_choices":[{"data":"Crescendo","floor":6.0,"key":"SMITH"},{"data":"Eruption","floor":8.0,"key":"SMITH"},{"data":"Perseverance","floor":11.0,"key":"SMITH"},{"data":"Vigilance","floor":15.0,"key":"SMITH"},{"data":"ConjureBlade","floor":24.0,"key":"SMITH"},{"floor":29.0,"key":"REST"},{"data":"MentalFortress","floor":32.0,"key":"SMITH"},{"floor":47,"key":"RECALL"},{"floor":49,"key":"REST"}],"circlet_count":0,"master_deck":["Strike_P+1","Strike_P","Strike_P","Defend_P","Defend_P","Defend_P","Defend_P","Eruption+1","Vigilance+1","SignatureMove","Meditate","EmptyFist","Perseverance+1","Wallop+1","Wallop","Tantrum","ConjureBlade+1","Vengeance","MentalFortress+1","WindmillStrike+1","SandsOfTime","InnerPeace+1","Consecrate","Omniscience","FlurryOfBlows+1","Regret","Adaptation","Vault"],"relics":["PureWater","NeowsBlessing","Letter Opener","Anchor","Blood Vial","Snecko Eye","Regal Pillow","Darkstone Periapt","Dream Catcher","Torii","Membership Card","Shovel","Cursed Key","Pantograph","Strange Spoon","PreservedInsect","Meat on the Bone","Whetstone","Toxic Egg 2","TungstenRod"],"acts_visited":["Exordium","TheCity","TheBeyond"],"potions_floor_usage":[48,48,50],"damage_taken":[{"damage":0.0,"enemies":"Jaw Worm","floor":1.0,"turns":1.0},{"damage":0.0,"enemies":"Small Slimes","floor":5.0,"turns":1.0},{"damage":0.0,"enemies":"3 Sentries","floor":7.0,"turns":1.0},{"damage":0.0,"enemies":"2 Louse","floor":10.0,"turns":3.0},{"damage":0.0,"enemies":"Blue Slaver","floor":12.0,"turns":1.0},{"damage":1.0,"enemies":"Lots of Slimes","floor":13.0,"turns":3.0},{"damage":14.0,"enemies":"Gremlin Nob","floor":14.0,"turns":3.0},{"damage":27.0,"enemies":"The Guardian","floor":16.0,"turns":10.0},{"damage":1.0,"enemies":"3 Byrds","floor":18.0,"turns":4.0},{"damage":0.0,"enemies":"Spheric Guardian","floor":21.0,"turns":3.0},{"damage":0.0,"enemies":"Snecko","floor":22.0,"turns":3.0},{"damage":19.0,"enemies":"Gremlin Leader","floor":23.0,"turns":5.0},{"damage":9.0,"enemies":"Snake Plant","floor":27.0,"turns":3.0},{"damage":13.0,"enemies":"Slavers","floor":28.0,"turns":4.0},{"damage":22.0,"enemies":"Gremlin Leader","floor":30.0,"turns":4.0},{"damage":26.0,"enemies":"Automaton","floor":33.0,"turns":7.0},{"damage":1.0,"enemies":"Orb Walker","floor":35.0,"turns":3.0},{"damage":0.0,"enemies":"3 Darklings","floor":37.0,"turns":2.0},{"damage":1.0,"enemies":"Sphere and 2 Shapes","floor":38.0,"turns":5.0},{"damage":16.0,"enemies":"Nemesis","floor":40.0,"turns":5.0},{"damage":21.0,"enemies":"Giant Head","floor":42.0,"turns":6.0},{"damage":6,"enemies":"Nemesis","floor":45,"turns":4},{"damage":12,"enemies":"Jaw Worm Horde","floor":46,"turns":4},{"damage":20,"enemies":"2 Orb Walkers","floor":48,"turns":4},{"damage":139,"enemies":"Awakened One","floor":50,"turns":14}],"seed_played":"1924892714075156702","potions_obtained":[{"floor":1.0,"key":"SteroidPotion"},{"floor":13.0,"key":"AttackPotion"},{"floor":21.0,"key":"FairyPotion"},{"floor":23.0,"key":"GamblersBrew"},{"floor":33.0,"key":"LiquidMemories"},{"floor":40.0,"key":"AttackPotion"},{"floor":48,"key":"AttackPotion"}],"is_trial":false,"path_per_floor":["M","$","?","?","M","R","E","R","T","M","R","M","M","E","R","B",null,"M","?","$","M","M","E","R","?","T","M","E","R","E","$","R","B",null,"M","$","M","M","$","E","?","E","T","$","E","M","R","?","R","B"],"character_chosen":"WATCHER","items_purchased":["Meditate","MentalFortress","Membership Card","Shovel","Pantograph","Strange Spoon","PreservedInsect","Adaptation","Vault"],"campfire_rested":2,"item_purchase_floors":[2,20,31,31,36,36,39,44,44],"current_hp_per_floor":[72,72,61,61,61,61,61,61,61,61,61,61,60,46,46,21,72,71,71,71,72,72,53,53,53,53,46,35,71,50,50,50,26,72,71,71,72,71,71,56,56,37,43,43,51,41,41,35,73,0,0],"gold":148,"neow_bonus":"THREE_ENEMY_KILL","is_daily":false,"chose_seed":false,"campfire_upgraded":6,"win_rate":0.0,"timestamp":1609562153,"path_taken":["M","$","?","?","M","R","E","R","T","M","R","M","M","E","R","BOSS","M","?","$","M","M","E","R","?","T","?","E","R","E","$","R","BOSS","M","$","?","M","$","E","?","E","T","$","E","M","R","?","R","BOSS"],"items_purchased_type":["Card","Card","Relic","Relic","Relic","Relic","Relic","Card","Card"],"build_version":"2020-12-22","purchased_purges":1,"victory":false,"max_hp_per_floor":[72,72,72,72,72,72,72,72,72,72,72,72,72,72,72,72,72,72,72,72,72,72,72,72,72,72,72,72,72,72,72,72,72,72,72,72,72,72,72,72,72,72,78,78,78,78,78,78,78,78,78],"relic_stats":{"Darkstone Periapt":6,"Regal Pillow":30,"Torii":13,"counters":[25,103],"PreservedInsect":219,"Letter Opener":[60],"Whetstone":["Wallop","Strike_P"],"Cursed Key":1,"Blood Vial":20,"Strange Spoon":[9],"Dream Catcher":2,"Shovel":0,"Pantograph":5,"Snecko Eye":[127,144,134,138],"obtain_stats":[{"Darkstone Periapt":26,"Regal Pillow":23,"NeowsBlessing":0,"Torii":30,"PreservedInsect":39,"Letter Opener":7,"Whetstone":42,"Cursed Key":34,"Blood Vial":14,"Strange Spoon":36,"Anchor":9,"Dream Catcher":28,"Shovel":31,"Pantograph":36,"Snecko Eye":17,"Membership Card":31,"PureWater":0,"Toxic Egg 2":45,"TungstenRod":48,"Meat on the Bone":40},{"Darkstone Periapt":12,"Regal Pillow":12,"NeowsBlessing":0,"Torii":15,"PreservedInsect":19,"Letter Opener":3,"Whetstone":21,"Cursed Key":16,"Blood Vial":7,"Strange Spoon":17,"Anchor":3,"Dream Catcher":14,"Shovel":15,"Pantograph":17,"Snecko Eye":8,"Membership Card":15,"PureWater":0,"Toxic Egg 2":22,"TungstenRod":24,"Meat on the Bone":20},{"Darkstone Periapt":38,"Regal Pillow":38,"NeowsBlessing":0,"Torii":49,"PreservedInsect":66,"Letter Opener":3,"Whetstone":77,"Cursed Key":56,"Blood Vial":13,"Strange Spoon":59,"Anchor":3,"Dream Catcher":45,"Shovel":49,"Pantograph":59,"Snecko Eye":23,"Membership Card":49,"PureWater":0,"Toxic Egg 2":81,"TungstenRod":89,"Meat on the Bone":71}],"TungstenRod":15,"Meat on the Bone":24},"card_choices":[{"not_picked":["EmptyBody","JustLucky"],"picked":"SignatureMove","floor":1.0},{"not_picked":["SashWhip","Halt"],"picked":"Crescendo","floor":5.0},{"not_picked":["Study","Collect"],"picked":"EmptyFist","floor":7.0},{"not_picked":["Indignation","Wireheading"],"picked":"Perseverance","floor":10.0},{"not_picked":["PathToVictory","JustLucky"],"picked":"Wallop","floor":12.0},{"not_picked":["Swivel","Conclude"],"picked":"Wallop","floor":13.0},{"not_picked":["Conclude","PathToVictory"],"picked":"Tantrum","floor":14.0},{"not_picked":["Judgement","Devotion"],"picked":"ConjureBlade","floor":16.0},{"not_picked":["SashWhip+1","InnerPeace"],"picked":"Vengeance","floor":18.0},{"not_picked":["Consecrate","PathToVictory"],"picked":"WindmillStrike+1","floor":21.0},{"not_picked":["JustLucky","Nirvana"],"picked":"SandsOfTime","floor":22.0},{"not_picked":["ClearTheMind","CrushJoints"],"picked":"InnerPeace+1","floor":23.0},{"not_picked":["FlyingSleeves","Protect","ThirdEye"],"picked":"SKIP","floor":27.0},{"not_picked":["Halt","Weave+1"],"picked":"Consecrate","floor":28.0},{"not_picked":["ClearTheMind","ReachHeaven","BattleHymn"],"picked":"SKIP","floor":30.0},{"not_picked":["MasterReality","Alpha"],"picked":"Omniscience","floor":33.0},{"not_picked":["Consecrate+1","FollowUp","BattleHymn+1"],"picked":"SKIP","floor":35.0},{"not_picked":["PathToVictory+1","JustLucky","InnerPeace"],"picked":"SKIP","floor":37.0},{"not_picked":["EmptyBody+1","WheelKick+1"],"picked":"FlurryOfBlows+1","floor":38.0},{"not_picked":["Meditate","Judgement","Perseverance"],"picked":"SKIP","floor":40.0},{"not_picked":["Evaluate+1","JustLucky","ClearTheMind+1"],"picked":"SKIP","floor":42.0},{"not_picked":["Conclude","CrushJoints","Halt+1"],"picked":"SKIP","floor":45},{"not_picked":["ThirdEye+1","JustLucky","CarveReality"],"picked":"SKIP","floor":46}],"player_experience":352282,"relics_obtained":[{"floor":7.0,"key":"Letter Opener"},{"floor":9.0,"key":"Anchor"},{"floor":14.0,"key":"Blood Vial"},{"floor":23.0,"key":"Regal Pillow"},{"floor":26.0,"key":"Darkstone Periapt"},{"floor":28.0,"key":"Dream Catcher"},{"floor":30.0,"key":"Torii"},{"floor":40.0,"key":"Meat on the Bone"},{"floor":42.0,"key":"Whetstone"},{"floor":45,"key":"Toxic Egg 2"},{"floor":48,"key":"TungstenRod"}],"event_choices":[{"damage_healed":0.0,"max_hp_gain":0.0,"max_hp_loss":0.0,"gold_gain":75.0,"event_name":"World of Goop","player_choice":"Gather Gold","floor":3.0,"gold_loss":0.0,"damage_taken":11.0},{"damage_healed":0.0,"max_hp_gain":0.0,"max_hp_loss":0.0,"gold_gain":0.0,"event_name":"Scrap Ooze","player_choice":"Fled","floor":4.0,"gold_loss":0.0,"damage_taken":0.0},{"cards_removed":["Crescendo"],"damage_healed":0.0,"max_hp_gain":0.0,"max_hp_loss":0.0,"gold_gain":0.0,"event_name":"Beggar","player_choice":"Gave Gold","floor":19.0,"gold_loss":75.0,"damage_taken":0.0},{"damage_healed":0.0,"max_hp_gain":0.0,"max_hp_loss":0.0,"gold_gain":100.0,"event_name":"Golden Shrine","player_choice":"Pray","floor":25.0,"gold_loss":0.0,"damage_taken":0.0},{"damage_healed":0.0,"max_hp_gain":0.0,"max_hp_loss":0.0,"gold_gain":0.0,"event_name":"Tomb of Lord Red Mask","player_choice":"Ignored","floor":41.0,"gold_loss":0.0,"damage_taken":0.0},{"damage_healed":0,"gold_gain":0,"player_choice":"Fight","damage_taken":0,"max_hp_gain":0,"max_hp_loss":0,"event_name":"Mysterious Sphere","floor":48,"gold_loss":0}],"is_beta":false,"boss_relics":[{"not_picked":["Runic Dome","SacredBark"],"picked":"Snecko Eye"},{"not_picked":["SlaversCollar","HolyWater"],"picked":"Cursed Key"}],"items_purged_floors":[31],"is_endless":false,"potions_floor_spawned":[1,13,21,23,27,33,40,45,46,48],"killed_by":"Awakened One","ascension_level":1}}