{"host":"52zmxm0oht7x0uft","time":1609581514,"event":{"mods":["AchievementEnabler","BaseMod","Minty Spire (QoL Compilation)","Quick Restart"],"gold_per_floor":[110,110,123,123,48,76,76,109,109,109,33,43,55,90,90,90,90],"floor_reached":16,"playtime":519,"items_purged":["Strike_R"],"score":142,"play_id":"6eb6d93f-569c-4b98-8829-b5bf6fde76ca","local_time":"20210102105834","is_ascension_mode":true,"campfire_choices":[{"floor":7,"key":"RECALL"},{"floor":10,"key":"REST"},{"floor":15,"key":"REST"}],"circlet_count":0,"master_deck":["Strike_R","Strike_R","Strike_R","Strike_R","Defend_R","Defend_R","Defend_R","Defend_R","Bash","Spot Weakness+1","Ghostly Armor","Rampage","Flame Barrier"],"relics":["Burning Blood","Prayer Wheel","Centennial Puzzle","Blue Candle","Magic Flower"],"acts_visited":["Exordium"],"potions_floor_usage":[14,14],"damage_taken":[{"damage":10,"enemies":"Jaw Worm","floor":1,"turns":6},{"damage":0,"enemies":"Small Slimes","floor":3,"turns":3},{"damage":35,"enemies":"3 Sentries","floor":6,"turns":7},{"damage":40,"enemies":"Lagavulin","floor":8,"turns":7},{"damage":1,"enemies":"Cultist","floor":12,"turns":4},{"damage":5,"enemies":"Blue Slaver","floor":13,"turns":5},{"damage":32,"enemies":"Gremlin Nob","floor":14,"turns":5},{"damage":66,"enemies":"Slime Boss","floor":16,"turns":10}],"seed_played":"5619080428905837480","potions_obtained":[{"floor":1,"key":"PowerPotion"},{"floor":6,"key":"Fire Potion"},{"floor":8,"key":"BlessingOfTheForge"}],"is_trial":false,"path_per_floor":["M","?","M","?","$","E","R","E","T","R","$","M","M","E","R","B"],"character_chosen":"IRONCLAD","items_purchased":["Ghostly Armor"],"campfire_rested":2,"item_purchase_floors":[11],"current_hp_per_floor":[84,84,88,88,88,59,59,25,25,51,51,56,57,31,57,0,0],"gold":90,"neow_bonus":"TEN_PERCENT_HP_BONUS","is_daily":false,"chose_seed":false,"campfire_upgraded":0,"win_rate":0.0,"timestamp":1609581514,"path_taken":["M","?","M","?","$","E","R","E","T","R","$","?","M","E","R","BOSS"],"items_purchased_type":["Card"],"build_version":"2020-12-22","purchased_purges":1,"victory":false,"max_hp_per_floor":[88,88,88,88,88,88,88,88,88,88,88,88,88,88,88,88,88],"card_choices":[{"not_picked":["Wild Strike","Pommel Strike"],"picked":"Spot Weakness","floor":1},{"not_picked":["Bloodletting","Dropkick","Entrench"],"picked":"SKIP","floor":3},{"not_picked":["Seeing Red","Second Wind","Evolve"],"picked":"SKIP","floor":6},{"not_picked":["Shockwave","Headbutt","True Grit"],"picked":"SKIP","floor":8},{"not_picked":["Shrug It Off","Thunderclap"],"picked":"Rampage","floor":12},{"not_picked":["Flame Barrier","Heavy Blade","Sever Soul"],"picked":"SKIP","floor":12},{"not_picked":["Heavy Blade","Sever Soul"],"picked":"Flame Barrier","floor":12},{"not_picked":["Thunderclap","Cleave","Whirlwind"],"picked":"SKIP","floor":13},{"not_picked":["Iron Wave","Armaments","Dual Wield"],"picked":"SKIP","floor":13},{"not_picked":["Pommel Strike","Corruption","Entrench"],"picked":"SKIP","floor":14}],"player_experience":352822,"relics_obtained":[{"floor":6,"key":"Prayer Wheel"},{"floor":8,"key":"Centennial Puzzle"},{"floor":9,"key":"Blue Candle"},{"floor":14,"key":"Magic Flower"}],"event_choices":[{"damage_healed":0,"gold_gain":0,"player_choice":"Ignored","damage_taken":0,"max_hp_gain":0,"max_hp_loss":0,"event_name":"Liars Game","floor":2,"gold_loss":0},{"damage_healed":0,"gold_gain":0,"player_choice":"Upgraded","damage_taken":0,"max_hp_gain":0,"max_hp_loss":0,"event_name":"Upgrade Shrine","floor":4,"gold_loss":0,"cards_upgraded":["Spot Weakness"]}],"is_beta":false,"boss_relics":[],"items_purged_floors":[5],"is_endless":false,"potions_floor_spawned":[1,6,8],"killed_by":"Slime Boss","ascension_level":4}}