{"host":"98ajcw3do3zsggh8","time":1609589576,"event":{"mods":["BaseMod","Minty Spire (QoL Compilation)","Replay The Spire","StSLib"],"gold_per_floor":[110,110,110,123,140,140,167,182,182,182,208,208,51,65,65,168,168,182,192,202,202,202],"floor_reached":21,"playtime":709,"items_purged":[],"score":210,"play_id":"d84b745a-0c94-421d-8b67-d0bf38b4bce2","local_time":"20210102131256","is_ascension_mode":true,"campfire_choices":[{"data":"Masterful Stab","floor":10,"key":"SMITH"},{"data":"Finisher","floor":12,"key":"SMITH"},{"data":"Swift Strike","floor":15,"key":"SMITH"}],"circlet_count":0,"master_deck":["Strike_G","Strike_G","Strike_G","Strike_G","Strike_G","Defend_G","Defend_G","Defend_G","Defend_G","Defend_G+1","Survivor","Neutralize","Masterful Stab+1","Swift Strike+1","ReplayTheSpireMod:The Works","Pain","Finisher+1","Masterful Stab+1","Normality","Slice","Corpse Explosion"],"relics":["Cursed Key","WarpedTongs","Torii","Garlic","Shuriken","PreservedInsect","Painkiller Herb"],"acts_visited":["Exordium","TheCity"],"potions_floor_usage":[16,16,16,19,21],"damage_taken":[{"damage":0,"enemies":"2 Louse","floor":1,"turns":4},{"damage":0,"enemies":"Cultist","floor":4,"turns":2},{"damage":0,"enemies":"Small Slimes","floor":5,"turns":3},{"damage":26,"enemies":"Lagavulin","floor":7,"turns":9},{"damage":0,"enemies":"Looter","floor":8,"turns":2},{"damage":4,"enemies":"Replay:BlueRogue","floor":11,"turns":4},{"damage":1,"enemies":"Lots of Slimes","floor":14,"turns":4},{"damage":3,"enemies":"Hexaghost","floor":16,"turns":7},{"damage":3,"enemies":"Chosen","floor":18,"turns":4},{"damage":12,"enemies":"Shell Parasite","floor":19,"turns":4},{"damage":20,"enemies":"Snake Plant","floor":20,"turns":4},{"damage":22,"enemies":"Centurion and Healer","floor":21,"turns":4}],"seed_played":"-3208629006920848873","potions_obtained":[{"floor":1,"key":"ColorlessPotion"},{"floor":8,"key":"Poison Potion"},{"floor":11,"key":"Toxic Potion"},{"floor":16,"key":"Dexterity Potion"},{"floor":20,"key":"PowerPotion"}],"is_trial":false,"path_per_floor":["M","?","?","M","M","?","E","M","T","R","E","R","$","M","R","B",null,"?","?","?","?"],"character_chosen":"THE_SILENT","items_purchased":["PreservedInsect"],"campfire_rested":0,"item_purchase_floors":[13],"current_hp_per_floor":[70,56,56,56,56,56,30,30,30,30,26,26,26,25,25,22,70,67,55,35,13,13],"gold":202,"neow_bonus":"BOSS_RELIC","is_daily":false,"chose_seed":false,"campfire_upgraded":3,"win_rate":0.0,"timestamp":1609589576,"path_taken":["M","?","?","M","?","?","E","M","T","R","E","R","$","?","R","BOSS","?","?","?","?"],"items_purchased_type":["Relic"],"build_version":"2020-12-22","purchased_purges":0,"victory":false,"max_hp_per_floor":[70,70,70,70,70,70,70,70,70,70,70,70,70,70,70,70,70,70,70,70,70,70],"card_choices":[{"not_picked":["Draining Mist","Outmaneuver"],"picked":"Masterful Stab","floor":1},{"not_picked":["Leg Sweep","Dodge and Roll","Acrobatics"],"picked":"SKIP","floor":4},{"not_picked":["Underhanded Strike","Prepared"],"picked":"ReplayTheSpireMod:The Works","floor":5},{"not_picked":["Cloak And Dagger","Riddle With Holes"],"picked":"Finisher","floor":7},{"not_picked":["Sucker Punch","Quick Slash"],"picked":"Masterful Stab","floor":8},{"not_picked":["Expertise","Poisoned Stab"],"picked":"Slice","floor":11},{"not_picked":["Underhanded Strike","Replay:Bag of Tricks","PiercingWail"],"picked":"SKIP","floor":14},{"not_picked":["Glass Knife","After Image"],"picked":"Corpse Explosion","floor":16},{"not_picked":["ReplayTheSpireMod:Tripwire","PiercingWail","Sucker Punch+1"],"picked":"SKIP","floor":18},{"not_picked":["Dodge and Roll","Footwork","Fluid Movement"],"picked":"SKIP","floor":19},{"not_picked":["PiercingWail","Prepared","Slice"],"picked":"SKIP","floor":20}],"player_experience":292293,"relics_obtained":[{"floor":7,"key":"Torii"},{"floor":9,"key":"Garlic"},{"floor":11,"key":"Shuriken"}],"event_choices":[{"damage_healed":0,"gold_gain":0,"player_choice":"Entered Light","damage_taken":14,"max_hp_gain":0,"max_hp_loss":0,"event_name":"Shining Light","floor":2,"gold_loss":0,"cards_upgraded":["Masterful Stab","Defend_G"]},{"damage_healed":0,"gold_gain":0,"player_choice":"1 cards matched","damage_taken":0,"max_hp_gain":0,"max_hp_loss":0,"event_name":"Match and Keep!","floor":3,"gold_loss":0,"cards_obtained":["Swift Strike"]},{"damage_healed":0,"gold_gain":0,"player_choice":"Rummage","damage_taken":0,"relics_obtained":["WarpedTongs"],"max_hp_gain":0,"max_hp_loss":0,"event_name":"Accursed Blacksmith","floor":6,"gold_loss":0,"cards_obtained":["Pain"]}],"is_beta":false,"boss_relics":[{"not_picked":["Calling Bell","Fusion Hammer"],"picked":"Painkiller Herb"}],"items_purged_floors":[],"is_endless":false,"potions_floor_spawned":[1,8,11,16,20],"killed_by":"Centurion and Healer","ascension_level":2}}