{"host":"38maufg2dcy7va3m","time":1609611008,"event":{"mods":["Act Like it!","BaseMod","Downfall","Hubris","Infinite Spire","Minty Spire (QoL Compilation)","Replay The Spire","StSLib","The Bug Knight","The Cursed","The Hierophant"],"gold_per_floor":[17,34,53,53,69,69,69,21,21,21,21,45,57,33,115,115,115],"floor_reached":16,"playtime":648,"items_purged":[],"score":115,"play_id":"699727af-77ac-4e5c-885c-8f6dd8ea7da2","local_time":"20210102101008","is_ascension_mode":false,"campfire_choices":[{"data":"infinitespire:OneForAll","floor":6,"key":"SMITH"},{"data":"Anger","floor":11,"key":"SMITH"}],"circlet_count":0,"master_deck":["Strike_R","Strike_R","Strike_R","Strike_R","Strike_R","Defend_R","Defend_R","Defend_R","Defend_R","Bash","ReplayTheSpireMod:Corrosion Curse","ReplayTheSpireMod:Strike From Hell","infinitespire:OneForAll+1","Shrug It Off","Anger+1","Voices","Clash","Pommel Strike"],"relics":["Burning Blood","Shuriken","infinitespire:FocusingShard","Ring of Panic","ReplayTheSpireMod:Ring of Challenge","Pen Nib"],"acts_visited":["Exordium"],"potions_floor_usage":[5,13],"damage_taken":[{"damage":1,"enemies":"Jaw Worm","floor":1,"turns":6},{"damage":4,"enemies":"2 Louse","floor":2,"turns":3},{"damage":0,"enemies":"Small Slimes","floor":3,"turns":3},{"damage":7,"enemies":"Exordium Wildlife","floor":5,"turns":5},{"damage":8,"enemies":"Lots of Slimes","floor":13,"turns":4},{"damage":98,"enemies":"Hexaghost","floor":16,"turns":11}],"seed_played":"6546443441376295664","potions_obtained":[{"floor":1,"key":"Cursed Concoction"},{"floor":3,"key":"Strength Potion"}],"is_trial":false,"path_per_floor":["M","M","M","?","M","R","?","$","T","?","R","T","M","$","R","B"],"character_chosen":"IRONCLAD","items_purchased":["Anger","Pommel Strike"],"campfire_rested":0,"item_purchase_floors":[8,14],"current_hp_per_floor":[96,96,96,96,95,95,95,95,95,95,95,95,93,93,93,0,0],"gold":115,"neow_bonus":"TWENTY_PERCENT_HP_BONUS","is_daily":false,"chose_seed":false,"campfire_upgraded":2,"win_rate":0.0,"timestamp":1609611008,"path_taken":["M","M","M","?","M","R","?","$","T","?","R","?","M","$","R","BOSS"],"items_purchased_type":["Card","Card"],"build_version":"2020-12-22","purchased_purges":0,"victory":false,"max_hp_per_floor":[96,96,96,96,96,96,96,96,96,96,96,96,96,96,96,96,96],"card_choices":[{"not_picked":["Disarm","ReplayTheSpireMod:Muscle Training"],"picked":"ReplayTheSpireMod:Corrosion Curse","floor":1},{"not_picked":["Combust","True Grit"],"picked":"ReplayTheSpireMod:Strike From Hell","floor":2},{"not_picked":["Dropkick","Twin Strike"],"picked":"infinitespire:OneForAll","floor":3},{"not_picked":["Flex","Thunderclap"],"picked":"Shrug It Off","floor":5},{"not_picked":["True Grit","Clothesline"],"picked":"Clash","floor":13}],"player_experience":220100,"relics_obtained":[{"floor":9,"key":"infinitespire:FocusingShard"},{"floor":10,"key":"Ring of Panic"},{"floor":10,"key":"ReplayTheSpireMod:Ring of Challenge"},{"floor":12,"key":"Pen Nib"}],"event_choices":[{"damage_healed":0,"gold_gain":0,"player_choice":"Leave","damage_taken":0,"max_hp_gain":0,"max_hp_loss":0,"event_name":"The Cleric","floor":4,"gold_loss":0},{"damage_healed":0,"gold_gain":0,"player_choice":"Searched \u00272\u0027 times","damage_taken":0,"relics_obtained":["Shuriken"],"max_hp_gain":0,"max_hp_loss":0,"event_name":"Dead Adventurer","floor":7,"gold_loss":0}],"is_beta":false,"boss_relics":[],"items_purged_floors":[],"is_endless":false,"potions_floor_spawned":[1,3],"killed_by":"Hexaghost","ascension_level":0}}