{"host":"p08oqmr389b4tgxi","time":1609567269,"event":{"mods":["Act Like it!","BaseMod","Colored Powertips","Friendly Minions","Gensokyo","Hermit","Minty Spire (QoL Compilation)","Pale of the Ancients","Relic Stats","Replay The Spire","StSLib","The Alterego","The Marked","UnlockEverythingMod","Yakumo Yukari mod"],"gold_per_floor":[110,122,122,47,47,47,58,58,108,120,164,192,234,346,358,475,487,487,487,487,45,45,45,0,0,0],"floor_reached":25,"playtime":924,"items_purged":["theMarked:Strike"],"score":231,"play_id":"675db3f1-69ff-4719-b8ec-f6548b8fa4a0","local_time":"20210102140109","is_ascension_mode":false,"campfire_choices":[{"data":"theMarked:SoldierOfQuellstein","floor":6,"key":"SMITH"},{"floor":8,"key":"RECALL"}],"circlet_count":0,"master_deck":["theMarked:Strike+1","theMarked:Strike+1","theMarked:Defend","theMarked:Defend","theMarked:Defend","theMarked:Defend","theMarked:SoldierOfQuellstein+1","theMarked:ChainLightning","theMarked:Abjuration+1","theMarked:Overcharge","hermit:ImpendingDoom","Doubt","theMarked:LightningStrikesTwice","theMarked:FavorableWinds+1","theMarked:Polarize+1","theMarked:EmpowerWeapon"],"relics":["theMarked:ArtifactOfAir","NeowsBlessing","Ring of Misfortune","ReplayTheSpireMod:Ring of Collecting","Ring of Greed","theMarked:Gun","MawBank","MealTicket","Pen Nib","ReplayTheSpireMod:Lightbulb","Ectoplasm","Strawberry","Ice Cream","Mercury Hourglass"],"acts_visited":["Exordium","Gensokyo:Gensokyoer"],"potions_floor_usage":[],"damage_taken":[{"damage":0,"enemies":"2 Louse","floor":1,"turns":1},{"damage":0,"enemies":"Jaw Worm","floor":2,"turns":1},{"damage":0,"enemies":"Small Slimes","floor":7,"turns":1},{"damage":12,"enemies":"3 Sentries","floor":11,"turns":7},{"damage":8,"enemies":"Exordium Thugs","floor":12,"turns":4},{"damage":14,"enemies":"Gremlin Nob","floor":13,"turns":3},{"damage":19,"enemies":"Hexaghost","floor":16,"turns":7},{"damage":10,"enemies":"Gensokyo:3_Dogs","floor":18,"turns":3},{"damage":10,"enemies":"Gensokyo:CosmicMonolith","floor":19,"turns":4},{"damage":17,"enemies":"Gensokyo:Wraith","floor":20,"turns":4},{"damage":11,"enemies":"Gensokyo:Mirror_and_Dog","floor":22,"turns":4},{"damage":30,"enemies":"Gensokyo:Tenshi","floor":23,"turns":5},{"damage":15,"enemies":"Gensokyo:Reisen","floor":25,"turns":3}],"seed_played":"2596100025389988638","potions_obtained":[{"floor":11,"key":"Reflective Coating"},{"floor":13,"key":"Dexterity Potion"},{"floor":16,"key":"Strength Potion"}],"is_trial":false,"path_per_floor":["M","M","?","$","?","R","M","R","T","?","E","M","E","?","R","B",null,"M","M","M","$","M","E","?","E"],"character_chosen":"THE_DEFAULT","items_purchased":["Strawberry","Ice Cream"],"campfire_rested":0,"item_purchase_floors":[21,21],"current_hp_per_floor":[70,70,70,70,70,70,70,70,70,56,44,36,22,22,22,3,70,60,50,33,55,44,14,14,0,0],"gold":0,"neow_bonus":"THREE_ENEMY_KILL","is_daily":false,"chose_seed":false,"campfire_upgraded":1,"win_rate":0.0,"timestamp":1609567269,"path_taken":["M","M","?","$","?","R","M","R","T","?","E","M","E","?","R","BOSS","M","M","M","$","M","E","?","E"],"items_purchased_type":["Relic","Relic"],"build_version":"2020-12-22","purchased_purges":1,"victory":false,"max_hp_per_floor":[70,70,70,70,70,70,70,70,70,70,70,70,70,70,70,70,70,70,70,70,77,77,77,77,77,77],"relic_stats":{"counters":[13,47],"MealTicket":15,"Pen Nib":[7],"Ectoplasm":145,"MawBank":96,"obtain_stats":[{"Ice Cream":21,"theMarked:Gun":9,"NeowsBlessing":0,"Pen Nib":11,"Ring of Greed":9,"MawBank":9,"Mercury Hourglass":23,"theMarked:ArtifactOfAir":0,"Ring of Misfortune":5,"ReplayTheSpireMod:Ring of Collecting":5,"Strawberry":21,"MealTicket":9,"Ectoplasm":17,"ReplayTheSpireMod:Lightbulb":13},{"Ice Cream":10,"theMarked:Gun":3,"NeowsBlessing":0,"Pen Nib":4,"Ring of Greed":3,"MawBank":3,"Mercury Hourglass":12,"theMarked:ArtifactOfAir":0,"Ring of Misfortune":2,"ReplayTheSpireMod:Ring of Collecting":2,"Strawberry":10,"MealTicket":3,"Ectoplasm":7,"ReplayTheSpireMod:Lightbulb":6},{"Ice Cream":35,"theMarked:Gun":3,"NeowsBlessing":0,"Pen Nib":10,"Ring of Greed":3,"MawBank":3,"Mercury Hourglass":44,"theMarked:ArtifactOfAir":0,"Ring of Misfortune":2,"ReplayTheSpireMod:Ring of Collecting":2,"Strawberry":35,"MealTicket":3,"Ectoplasm":24,"ReplayTheSpireMod:Lightbulb":17}],"Mercury Hourglass":[21]},"card_choices":[{"not_picked":["theMarked:Electrify","theMarked:TwofoldDefense"],"picked":"theMarked:ChainLightning","floor":1},{"not_picked":["theMarked:ResourceFulStrike","theMarked:ChainLightning","theMarked:Static"],"picked":"SKIP","floor":2},{"not_picked":["theMarked:ComboAttacks","theMarked:CreepingChasm","theMarked:WardOff"],"picked":"SKIP","floor":7},{"not_picked":["theMarked:Snap","theMarked:Overthink","theMarked:HeightenedSenses"],"picked":"SKIP","floor":11},{"not_picked":["theMarked:WastefulAttack","theMarked:Parkour"],"picked":"theMarked:Overcharge","floor":12},{"not_picked":["theMarked:Frustration","theMarked:CreepingChasm","theMarked:TakeCover"],"picked":"SKIP","floor":13},{"not_picked":["theMarked:UnarmedFury","theMarked:TurnInvisible"],"picked":"theMarked:FavorableWinds","floor":16},{"not_picked":["theMarked:Generate","theMarked:ShockingTouch"],"picked":"theMarked:Polarize+1","floor":18},{"not_picked":["theMarked:WardOff","theMarked:TakeCover+1"],"picked":"theMarked:EmpowerWeapon","floor":19},{"not_picked":["theMarked:WastefulAttack","theMarked:HeightenedSenses","theMarked:ElectricStrings"],"picked":"SKIP","floor":20},{"not_picked":["theMarked:Parry","theMarked:Static+1","theMarked:TunnelVision+1"],"picked":"SKIP","floor":22},{"not_picked":["theMarked:Electrify","theMarked:CreepingChasm","theMarked:BanishingWave"],"picked":"SKIP","floor":23}],"player_experience":14129,"relics_obtained":[{"floor":5,"key":"Ring of Misfortune"},{"floor":5,"key":"ReplayTheSpireMod:Ring of Collecting"},{"floor":9,"key":"Ring of Greed"},{"floor":9,"key":"theMarked:Gun"},{"floor":9,"key":"MawBank"},{"floor":9,"key":"MealTicket"},{"floor":11,"key":"Pen Nib"},{"floor":13,"key":"ReplayTheSpireMod:Lightbulb"},{"floor":23,"key":"Mercury Hourglass"}],"event_choices":[{"damage_healed":0,"gold_gain":0,"player_choice":"Entered Light","damage_taken":14,"max_hp_gain":0,"max_hp_loss":0,"event_name":"Shining Light","floor":10,"gold_loss":0,"cards_upgraded":["theMarked:Strike","theMarked:Strike"]},{"damage_healed":0,"gold_gain":100,"player_choice":"Pray","damage_taken":0,"max_hp_gain":0,"max_hp_loss":0,"event_name":"Golden Shrine","floor":14,"gold_loss":0},{"damage_healed":0,"gold_gain":0,"cards_transformed":["theMarked:Strike"],"player_choice":"Transformed","damage_taken":0,"max_hp_gain":0,"max_hp_loss":0,"event_name":"Transmorgrifier","floor":15,"gold_loss":0,"cards_obtained":["theMarked:LightningStrikesTwice"]}],"is_beta":false,"boss_relics":[{"not_picked":["Black Star","Painkiller Herb"],"picked":"Ectoplasm"}],"items_purged_floors":[4],"is_endless":false,"potions_floor_spawned":[11,13,16,18,22],"killed_by":"Gensokyo:Reisen","ascension_level":0}}