{"host":"yks98ofmy52hj7my","time":1609620730,"event":{"mods":["BaseMod","Block Reminder","Colored Powertips","Halation","Hubris","Minty Spire (QoL Compilation)","Rare Cards Sparkle","Replay The Spire","StSLib"],"gold_per_floor":[113,113,113,188,207,234,250,285,285,299,327,402,402,402,402,402,402],"floor_reached":16,"playtime":444,"items_purged":[],"score":215,"play_id":"f9242572-9c42-4369-b41e-a2369dd70653","local_time":"20210102185210","is_ascension_mode":true,"campfire_choices":[{"floor":13,"key":"REST"},{"floor":15,"key":"RECALL"}],"circlet_count":0,"master_deck":["AscendersBane","Strike_R","Strike_R","Strike_R","Strike_R","Strike_R","Defend_R","Defend_R","Defend_R","Defend_R","Bash","Carnage+1","Run Through","Rampage","Cleave","hubris:CleavingFinish","Reaper","Abandon+1"],"relics":["Burning Blood","NeowsBlessing","Juzu Bracelet","Question Card","Regal Pillow","halation:VictoryRuler"],"acts_visited":["Exordium"],"potions_floor_usage":[16],"damage_taken":[{"damage":0,"enemies":"Jaw Worm","floor":1,"turns":1},{"damage":0,"enemies":"Small Slimes","floor":5,"turns":1},{"damage":0,"enemies":"Lagavulin","floor":6,"turns":1},{"damage":3,"enemies":"2 Louse","floor":7,"turns":2},{"damage":24,"enemies":"Gremlin Nob","floor":8,"turns":4},{"damage":6,"enemies":"Exordium Thugs","floor":10,"turns":4},{"damage":55,"enemies":"3 Sentries","floor":11,"turns":9},{"damage":73,"enemies":"Fading Forest","floor":16,"turns":7}],"seed_played":"-8604124107849572671","potions_obtained":[{"floor":6,"key":"SpeedPotion"},{"floor":11,"key":"EssenceOfSteel"}],"is_trial":false,"path_per_floor":["M","?","?","?","M","E","M","E","T","M","E","?","R","?","R","B"],"character_chosen":"IRONCLAD","items_purchased":[],"campfire_rested":1,"item_purchase_floors":[],"current_hp_per_floor":[78,78,78,67,73,79,80,62,62,62,13,13,52,52,52,0,0],"gold":402,"neow_bonus":"THREE_ENEMY_KILL","is_daily":false,"chose_seed":false,"campfire_upgraded":0,"win_rate":0.0,"timestamp":1609620730,"path_taken":["M","?","?","?","M","E","M","E","T","M","E","?","R","?","R","BOSS"],"items_purchased_type":[],"build_version":"2020-12-22","purchased_purges":0,"victory":false,"max_hp_per_floor":[80,80,80,80,80,80,80,80,80,80,80,80,80,80,80,80,80],"card_choices":[{"not_picked":["Replay:Undeath\u0027s Touch","Massacre"],"picked":"Carnage","floor":1},{"not_picked":["Body Slam","Havoc"],"picked":"Run Through","floor":5},{"not_picked":["Headbutt","ReplayTheSpireMod:Limb From Limb"],"picked":"Disarm","floor":6},{"not_picked":["Warcry","Dark Embrace"],"picked":"Rampage","floor":7},{"not_picked":["Pommel Strike","Seeing Red"],"picked":"Cleave","floor":8},{"not_picked":["Shrug It Off","Searing Blow","Hemokinesis"],"picked":"hubris:CleavingFinish","floor":10},{"not_picked":["Clash","Seeing Red","Heavy Blade"],"picked":"Reaper","floor":11}],"player_experience":464404,"relics_obtained":[{"floor":6,"key":"Juzu Bracelet"},{"floor":8,"key":"Question Card"},{"floor":9,"key":"Regal Pillow"},{"floor":11,"key":"halation:VictoryRuler"}],"event_choices":[{"damage_healed":0,"gold_gain":75,"player_choice":"Gather Gold","damage_taken":11,"max_hp_gain":0,"max_hp_loss":0,"event_name":"World of Goop","floor":4,"gold_loss":0},{"damage_healed":0,"gold_gain":75,"player_choice":"Gained Gold","damage_taken":0,"max_hp_gain":0,"max_hp_loss":0,"event_name":"Golden Wing","floor":12,"gold_loss":0}],"is_beta":false,"boss_relics":[],"items_purged_floors":[],"is_endless":false,"potions_floor_spawned":[6,11],"killed_by":"Fading Forest","ascension_level":10}}