{"host":"htqwg582tjjtn9p7","time":1609587474,"event":{"mods":["2.2 Compatiblity","AchievementEnabler","Act Like it!","Aspiration","BaseMod","Better Third Choice","Colored Map","Conspire","Curses Come First","Displayed Cursed Tome","Energized Spire","Force Act Four","GifTheSpireLib","Hermit","Highlight Path","JesterMod","Mad Scientist","Minty Spire (QoL Compilation)","Pale of the Ancients","Permanent Neow","Random Character Button","Relic Stats","Replay The Spire","Robot Space Explorer","Somnambulant","Spicy Shops","Spikes Relics","StSLib","Stuff the Spire","The Blue Laboratory","The Disciple","The Dragon Tamer","The Forsaken","The Gatherer","The Judge","The Jungle","The Marked","The Runesmith","The Servant 0.9.4"],"gold_per_floor":[114,132,57,57,57,90,90,105,105,105,133,147,172,182,182,182,182],"floor_reached":16,"playtime":625,"items_purged":["Strike_G"],"score":254,"play_id":"b509c9c1-8951-43b3-a15a-81f2a36b89d9","local_time":"20210102123754","daily_mods":["Heirloom","Diverse","Lethality"],"is_ascension_mode":true,"campfire_choices":[{"floor":7,"key":"REST"},{"data":"theForsaken:Tranquility","floor":10,"key":"SMITH"},{"floor":15,"key":"REST"}],"circlet_count":0,"master_deck":["AscendersBane","Strike_G","Strike_G","Strike_G","Strike_G+1","Defend_G","Defend_G","Defend_G","Defend_G","Defend_G","Survivor","Neutralize+1","Underhanded Strike","ReplayTheSpireMod:System Scan","Looming Evil","Neutralize+1","theForsaken:Tranquility+1","Self Repair","theForsaken:FuryStrikes","theForsaken:ScorchingSunlight"],"relics":["Ring of the Snake","ZombieTooth","Vampiric Spirits","Replay:Bottled Eggs","WizardHat","MiniBlackHole"],"acts_visited":["Exordium"],"potions_floor_usage":[13,13,16,16],"damage_taken":[{"damage":0,"enemies":"Small Slimes","floor":1,"turns":3},{"damage":0,"enemies":"2 Louse","floor":2,"turns":2},{"damage":31,"enemies":"Gremlin Nob","floor":6,"turns":5},{"damage":0,"enemies":"Cultist","floor":8,"turns":2},{"damage":45,"enemies":"3 Sentries","floor":11,"turns":9},{"damage":4,"enemies":"Large Slime","floor":12,"turns":7},{"damage":0,"enemies":"Lagavulin","floor":13,"turns":5},{"damage":0,"enemies":"Gremlin Gang","floor":14,"turns":4},{"damage":65,"enemies":"Slime Boss","floor":16,"turns":8}],"seed_played":"184043458717168543","potions_obtained":[{"floor":6,"key":"blueLaboratory:ExaltedPotion"},{"floor":12,"key":"Languid Potion"},{"floor":13,"key":"Block Potion"},{"floor":14,"key":"blueLaboratory:Virophage"}],"is_trial":true,"path_per_floor":["M","M","$","?","?","E","R","M","T","R","E","M","E","M","R","B"],"character_chosen":"THE_SILENT","items_purchased":[],"campfire_rested":2,"item_purchase_floors":[],"current_hp_per_floor":[59,59,59,59,59,28,47,55,55,55,10,17,24,27,46,0,0],"gold":182,"neow_bonus":"","is_daily":false,"chose_seed":false,"campfire_upgraded":1,"win_rate":0.0,"timestamp":1609587474,"path_taken":["M","M","$","?","?","E","R","M","T","R","E","?","E","M","R","BOSS"],"items_purchased_type":[],"build_version":"2020-12-22","purchased_purges":1,"victory":false,"max_hp_per_floor":[66,66,66,66,66,66,66,66,66,66,66,66,66,66,66,66,66],"relic_stats":{"counters":[9,45],"obtain_stats":[{"WizardHat":11,"ZombieTooth":0,"Vampiric Spirits":6,"MiniBlackHole":13,"Replay:Bottled Eggs":9,"Ring of the Snake":0},{"WizardHat":5,"ZombieTooth":0,"Vampiric Spirits":3,"MiniBlackHole":7,"Replay:Bottled Eggs":4,"Ring of the Snake":0},{"WizardHat":21,"ZombieTooth":0,"Vampiric Spirits":10,"MiniBlackHole":33,"Replay:Bottled Eggs":12,"Ring of the Snake":0}],"Ring of the Snake":[18]},"card_choices":[{"not_picked":["RobotSpaceExplorer:Smokescreen","jesterMod:SmokeScreen"],"picked":"Underhanded Strike","floor":1},{"not_picked":["MadScienceMod:OilDrum","jesterMod:Anticipation"],"picked":"ReplayTheSpireMod:System Scan","floor":2},{"not_picked":["DTMod:HeatWave","somnambulantmod: Harden"],"picked":"theForsaken:Tranquility","floor":6},{"not_picked":["theMarked:SwordAndMagic","DTMod:TauntingStrike","CarveReality"],"picked":"SKIP","floor":8},{"not_picked":["StuffTheSpire:Python","jesterMod:SmokeScreen"],"picked":"Self Repair","floor":11},{"not_picked":["Run Through","somnambulantmod: NightmareFuel","theForsaken:InspiringBlow"],"picked":"SKIP","floor":12},{"not_picked":["jesterMod:JackInTheBox","Runesmith:Retool"],"picked":"theForsaken:FuryStrikes","floor":13},{"not_picked":["somnambulantmod: Inspiration","Heel Hook"],"picked":"theForsaken:ScorchingSunlight","floor":14}],"player_experience":1858082,"relics_obtained":[{"floor":6,"key":"Vampiric Spirits"},{"floor":9,"key":"Replay:Bottled Eggs"},{"floor":11,"key":"WizardHat"},{"floor":13,"key":"MiniBlackHole"}],"event_choices":[{"damage_healed":0,"gold_gain":0,"player_choice":"2 cards matched","damage_taken":0,"max_hp_gain":0,"max_hp_loss":0,"event_name":"Match and Keep!","floor":5,"gold_loss":0,"cards_obtained":["Looming Evil","Neutralize"]}],"is_beta":false,"boss_relics":[],"items_purged_floors":[3],"is_endless":false,"potions_floor_spawned":[6,12,13,14],"killed_by":"Slime Boss","ascension_level":15}}