{"host":"qxeepl7ydvsgmfdb","time":1609596706,"event":{"mods":["AchievementEnabler","BaseMod","Colored Powertips","Minty Spire (QoL Compilation)","Quick Restart","slay the spire mod where everything is the same but ironclad has a cowboy hat"],"gold_per_floor":[112,130,130,149,159,159,159],"floor_reached":6,"playtime":223,"items_purged":[],"score":42,"play_id":"134eb743-8db7-4099-a04d-7e407ba72a1d","local_time":"20210102091146","is_ascension_mode":true,"campfire_choices":[],"circlet_count":0,"master_deck":["Strike_B","Strike_B","Strike_B","Strike_B","Defend_B","Defend_B","Defend_B","Defend_B","Zap","Dualcast","Coolheaded","Sweeping Beam"],"relics":["Cracked Core","Prayer Wheel"],"acts_visited":["Exordium"],"potions_floor_usage":[],"damage_taken":[{"damage":4,"enemies":"Small Slimes","floor":1,"turns":2},{"damage":4,"enemies":"2 Louse","floor":2,"turns":3},{"damage":7,"enemies":"Jaw Worm","floor":4,"turns":3},{"damage":19,"enemies":"3 Louse","floor":5,"turns":2},{"damage":60,"enemies":"Gremlin Nob","floor":6,"turns":4}],"seed_played":"-4708839283363824198","potions_obtained":[{"floor":2,"key":"FearPotion"}],"is_trial":false,"path_per_floor":["M","M","?","M","M","E"],"character_chosen":"DEFECT","items_purchased":[],"campfire_rested":0,"item_purchase_floors":[],"current_hp_per_floor":[64,60,53,46,27,0,0],"gold":159,"neow_bonus":"TWENTY_PERCENT_HP_BONUS","is_daily":false,"chose_seed":false,"campfire_upgraded":0,"win_rate":0.0,"timestamp":1609596706,"path_taken":["M","M","?","M","M","E"],"items_purchased_type":[],"build_version":"2020-12-22","purchased_purges":0,"victory":false,"max_hp_per_floor":[89,89,89,89,89,89,89],"card_choices":[{"not_picked":["Gash","Sweeping Beam"],"picked":"Coolheaded","floor":1},{"not_picked":["Reinforced Body","Stack","Storm"],"picked":"SKIP","floor":2},{"not_picked":["Barrage","Streamline"],"picked":"Sweeping Beam","floor":4},{"not_picked":["Streamline","Beam Cell","Reinforced Body"],"picked":"SKIP","floor":4},{"not_picked":["Beam Cell","Sunder","Steam"],"picked":"SKIP","floor":5},{"not_picked":["Stack","Steam","Seek"],"picked":"SKIP","floor":5}],"player_experience":358397,"relics_obtained":[],"event_choices":[{"damage_healed":0,"gold_gain":0,"player_choice":"Success","damage_taken":7,"relics_obtained":["Prayer Wheel"],"max_hp_gain":0,"max_hp_loss":0,"event_name":"Scrap Ooze","floor":3,"gold_loss":0}],"is_beta":false,"boss_relics":[],"items_purged_floors":[],"is_endless":false,"potions_floor_spawned":[2],"killed_by":"Gremlin Nob","ascension_level":2}}