{"host":"w9yruvs4bqht6bhw","time":1609618529,"event":{"mods":["BaseMod","Colored Powertips","Minty Spire (QoL Compilation)"],"gold_per_floor":[109,129,139,139,151,185,185,34,34,61,127,127,52,70,70,167,167,178,378,390,410,421,421,421,421],"floor_reached":24,"playtime":891,"items_purged":["Strike_R"],"score":267,"play_id":"fb874a5d-d7e2-413a-beab-b7c713ef1305","local_time":"20210102151529","is_ascension_mode":true,"campfire_choices":[{"data":"Flex","floor":7,"key":"SMITH"},{"data":"Seeing Red","floor":12,"key":"SMITH"},{"floor":15,"key":"REST"},{"floor":23,"key":"REST"}],"circlet_count":0,"master_deck":["Strike_R","Strike_R","Strike_R","Strike_R","Defend_R","Defend_R","Defend_R","Defend_R","Bash","Heavy Blade+1","Flex+1","Clothesline","Reaper","Seeing Red+1","Inflame","Limit Break"],"relics":["Black Blood","NeowsBlessing","Incense Burner","Regal Pillow","Odd Mushroom"],"acts_visited":["Exordium","TheCity"],"potions_floor_usage":[6,10,16,21,21],"damage_taken":[{"damage":0,"enemies":"2 Louse","floor":1,"turns":1},{"damage":0,"enemies":"Small Slimes","floor":2,"turns":1},{"damage":0,"enemies":"Cultist","floor":3,"turns":1},{"damage":10,"enemies":"Red Slaver","floor":5,"turns":4},{"damage":25,"enemies":"3 Sentries","floor":6,"turns":8},{"damage":28,"enemies":"The Mushroom Lair","floor":10,"turns":6},{"damage":18,"enemies":"3 Louse","floor":14,"turns":3},{"damage":61,"enemies":"Hexaghost","floor":16,"turns":10},{"damage":0,"enemies":"Spheric Guardian","floor":18,"turns":2},{"damage":52,"enemies":"3 Byrds","floor":20,"turns":8},{"damage":35,"enemies":"Centurion and Healer","floor":21,"turns":8},{"damage":47,"enemies":"Cultist and Chosen","floor":22,"turns":8},{"damage":93,"enemies":"Slavers","floor":24,"turns":5}],"seed_played":"783752454867188152","potions_obtained":[{"floor":5,"key":"SteroidPotion"},{"floor":6,"key":"EssenceOfSteel"},{"floor":14,"key":"Dexterity Potion"},{"floor":16,"key":"Ancient Potion"},{"floor":20,"key":"Swift Potion"}],"is_trial":false,"path_per_floor":["M","M","M","?","M","E","R","$","T","?","?","R","$","M","R","B",null,"M","?","M","M","M","R","E"],"character_chosen":"IRONCLAD","items_purchased":["Regal Pillow"],"campfire_rested":2,"item_purchase_floors":[8],"current_hp_per_floor":[78,80,80,80,76,63,63,63,63,53,53,53,53,53,80,25,66,78,78,50,43,24,63,0,0],"gold":421,"neow_bonus":"THREE_ENEMY_KILL","is_daily":false,"chose_seed":false,"campfire_upgraded":2,"win_rate":0.0,"timestamp":1609618529,"path_taken":["M","M","M","?","M","E","R","$","T","?","?","R","$","M","R","BOSS","M","?","M","M","?","R","E"],"items_purchased_type":["Relic"],"build_version":"2020-12-22","purchased_purges":1,"victory":false,"max_hp_per_floor":[80,80,80,80,80,80,80,80,80,80,80,80,80,80,80,80,80,80,80,80,80,80,80,80,80],"card_choices":[{"not_picked":["Twin Strike","Whirlwind"],"picked":"Heavy Blade","floor":1},{"not_picked":["Pummel","Armaments"],"picked":"Flex","floor":2},{"not_picked":["Wild Strike","Pommel Strike"],"picked":"Clothesline","floor":3},{"not_picked":["Heavy Blade","Perfected Strike"],"picked":"Reaper","floor":5},{"not_picked":["Power Through","Metallicize"],"picked":"Seeing Red","floor":6},{"not_picked":["Body Slam","Fire Breathing"],"picked":"Inflame","floor":14},{"not_picked":["Brutality","Demon Form"],"picked":"Limit Break","floor":16},{"not_picked":["Shockwave+1","Cleave","True Grit+1"],"picked":"SKIP","floor":18},{"not_picked":["Havoc","Body Slam","Perfected Strike"],"picked":"SKIP","floor":20},{"not_picked":["Clash","Twin Strike","Sword Boomerang"],"picked":"SKIP","floor":21},{"not_picked":["True Grit+1","Perfected Strike","Pommel Strike"],"picked":"SKIP","floor":22}],"player_experience":264258,"relics_obtained":[{"floor":6,"key":"Incense Burner"},{"floor":10,"key":"Odd Mushroom"}],"event_choices":[{"damage_healed":0,"gold_gain":0,"player_choice":"Grow","damage_taken":0,"max_hp_gain":0,"max_hp_loss":0,"event_name":"Living Wall","floor":4,"gold_loss":0,"cards_upgraded":["Heavy Blade"]},{"damage_healed":0,"gold_gain":0,"player_choice":"Fought Mushrooms","damage_taken":0,"max_hp_gain":0,"max_hp_loss":0,"event_name":"Mushrooms","floor":10,"gold_loss":0},{"damage_healed":0,"gold_gain":66,"player_choice":"Gained Gold","damage_taken":0,"max_hp_gain":0,"max_hp_loss":0,"event_name":"Golden Wing","floor":11,"gold_loss":0},{"damage_healed":0,"gold_gain":200,"player_choice":"Gold","damage_taken":0,"max_hp_gain":0,"max_hp_loss":0,"event_name":"Wheel of Change","floor":19,"gold_loss":0}],"is_beta":false,"boss_relics":[{"not_picked":["Busted Crown","Coffee Dripper"],"picked":"Black Blood"}],"items_purged_floors":[13],"is_endless":false,"potions_floor_spawned":[5,6,14,16,20],"killed_by":"Slavers","ascension_level":7}}