{"host":"2se5dq1do2gp0x9k","time":1609576473,"event":{"mods":["AchievementEnabler","BaseMod","Block Reminder","Colored Map","Colored Powertips","Minty Spire (QoL Compilation)","Relic Stats","StSLib","SuperFastMode"],"gold_per_floor":[112,132,81,98,98,98,125,125,150,163,196,222,244,286,298,409,421,445,470,482,290,302,302,302,302],"floor_reached":24,"playtime":827,"items_purged":["Strike_P"],"score":337,"play_id":"738b7acf-1500-4697-82b5-4c2ce9ac4e3f","local_time":"20210102003433","is_ascension_mode":true,"campfire_choices":[{"data":"Eruption","floor":6.0,"key":"SMITH"},{"data":"Halt","floor":8.0,"key":"SMITH"},{"floor":15.0,"key":"REST"},{"data":"ForeignInfluence","floor":23,"key":"SMITH"}],"circlet_count":0,"master_deck":["Strike_P","Strike_P","Strike_P","Defend_P","Defend_P","Defend_P","Defend_P","Eruption+1","Vigilance","FlurryOfBlows","Indignation","Halt+1","TalkToTheHand","FearNoEvil","Meditate","Fasting2","Halt","EmptyMind","Crescendo","Judgement","FearNoEvil","ClearTheMind+1","FlurryOfBlows","ForeignInfluence+1"],"relics":["PureWater","Ginger","Vajra","Toy Ornithopter","MawBank","Bird Faced Urn","SacredBark"],"acts_visited":["Exordium","TheCity"],"potions_floor_usage":[24],"damage_taken":[{"damage":0.0,"enemies":"Jaw Worm","floor":1.0,"turns":2.0},{"damage":0.0,"enemies":"Cultist","floor":2.0,"turns":2.0},{"damage":1.0,"enemies":"2 Louse","floor":4.0,"turns":2.0},{"damage":13.0,"enemies":"Gremlin Nob","floor":7.0,"turns":4.0},{"damage":0.0,"enemies":"Large Slime","floor":10.0,"turns":2.0},{"damage":27.0,"enemies":"Lagavulin","floor":11.0,"turns":7.0},{"damage":0.0,"enemies":"2 Fungi Beasts","floor":12.0,"turns":2.0},{"damage":5.0,"enemies":"Blue Slaver","floor":13.0,"turns":2.0},{"damage":0.0,"enemies":"Gremlin Nob","floor":14.0,"turns":2.0},{"damage":0.0,"enemies":"Slime Boss","floor":16.0,"turns":8.0},{"damage":10.0,"enemies":"Spheric Guardian","floor":18.0,"turns":3.0},{"damage":24.0,"enemies":"Shell Parasite","floor":19.0,"turns":5.0},{"damage":7,"enemies":"3 Cultists","floor":22,"turns":5},{"damage":42,"enemies":"Slavers","floor":24,"turns":2}],"seed_played":"-6248722065405739729","potions_obtained":[{"floor":1.0,"key":"ColorlessPotion"},{"floor":2.0,"key":"Block Potion"},{"floor":4.0,"key":"Strength Potion"},{"floor":16.0,"key":"LiquidBronze"}],"is_trial":false,"path_per_floor":["M","M","$","M","?","R","E","R","T","M","E","M","M","E","R","B",null,"M","M","?","$","M","R","E"],"character_chosen":"WATCHER","items_purchased":["Halt","FearPotion","Ancient Potion"],"campfire_rested":1,"item_purchase_floors":[3,21,21],"current_hp_per_floor":[51,51,51,50,50,50,37,37,37,37,10,10,5,10,31,33,72,62,40,40,40,33,33,0,0],"gold":302,"neow_bonus":"ONE_RARE_RELIC","is_daily":false,"chose_seed":false,"campfire_upgraded":3,"win_rate":0.0,"timestamp":1609576473,"path_taken":["M","M","$","M","?","R","E","R","T","M","E","M","M","E","R","BOSS","M","?","?","$","M","R","E"],"items_purchased_type":["Card","Potion","Potion"],"build_version":"2020-12-22","purchased_purges":1,"victory":false,"max_hp_per_floor":[72,72,72,72,72,72,72,72,72,72,72,72,72,72,72,72,72,72,72,72,72,72,72,72,72],"relic_stats":{"counters":[14,48],"Bird Faced Urn":[4],"Ginger":[0],"MawBank":120,"obtain_stats":[{"Bird Faced Urn":14,"SacredBark":17,"Vajra":7,"Ginger":0,"PureWater":0,"MawBank":11,"Toy Ornithopter":9},{"Bird Faced Urn":9,"SacredBark":10,"Vajra":4,"Ginger":0,"PureWater":0,"MawBank":6,"Toy Ornithopter":4},{"Bird Faced Urn":25,"SacredBark":33,"Vajra":10,"Ginger":0,"PureWater":0,"MawBank":19,"Toy Ornithopter":10}],"Toy Ornithopter":10},"card_choices":[{"not_picked":["ForeignInfluence","Fasting2"],"picked":"FlurryOfBlows","floor":1.0},{"not_picked":["ForeignInfluence","Pray"],"picked":"Indignation","floor":2.0},{"not_picked":["Conclude","FollowUp"],"picked":"TalkToTheHand","floor":4.0},{"not_picked":["Protect","Prostrate"],"picked":"FearNoEvil","floor":7.0},{"not_picked":["Protect","BowlingBash"],"picked":"Meditate","floor":10.0},{"not_picked":["BattleHymn","PathToVictory"],"picked":"Fasting2","floor":11.0},{"not_picked":["ThirdEye","DeceiveReality"],"picked":"Halt","floor":12.0},{"not_picked":["JustLucky","PathToVictory"],"picked":"EmptyMind","floor":13.0},{"not_picked":["Protect","Wish"],"picked":"Crescendo","floor":14.0},{"not_picked":["Omniscience","Blasphemy"],"picked":"Judgement","floor":16.0},{"not_picked":["SashWhip","BowlingBash"],"picked":"FearNoEvil","floor":18.0},{"not_picked":["Consecrate","BowlingBash"],"picked":"ClearTheMind+1","floor":19.0},{"not_picked":["Vengeance","SashWhip+1"],"picked":"ForeignInfluence","floor":22}],"player_experience":3708296,"relics_obtained":[{"floor":7.0,"key":"Vajra"},{"floor":9.0,"key":"Toy Ornithopter"},{"floor":11.0,"key":"MawBank"},{"floor":14.0,"key":"Bird Faced Urn"}],"event_choices":[{"damage_healed":0.0,"max_hp_gain":0.0,"max_hp_loss":0.0,"gold_gain":0.0,"event_name":"The Woman in Blue","player_choice":"Bought 0 Potions","floor":5.0,"gold_loss":0.0,"damage_taken":0.0},{"damage_healed":0.0,"max_hp_gain":0.0,"max_hp_loss":0.0,"gold_gain":0.0,"event_name":"The Library","player_choice":"Read","floor":20.0,"gold_loss":0.0,"damage_taken":0.0,"cards_obtained":["FlurryOfBlows"]}],"is_beta":false,"boss_relics":[{"not_picked":["SlaversCollar","Runic Dome"],"picked":"SacredBark"}],"items_purged_floors":[21],"is_endless":false,"potions_floor_spawned":[1,2,4,16,22],"killed_by":"Slavers","ascension_level":3}}