{"host":"2461dio7vetlq1z3","time":1609630775,"event":{"mods":["2.2 Compatiblity","AchievementEnabler","Aspiration","BaseMod","Better Third Choice","Friendly Minions","Hubris","Minty Spire (QoL Compilation)","Relic Stats","Replay The Spire","Spicy Shops","StSLib","Waifu the Spire"],"gold_per_floor":[12,22,22,45,59,59,73,73,73,73,85,103,113,141,141,216,216,234,248,248,248],"floor_reached":20,"playtime":783,"items_purged":[],"score":356,"play_id":"b240e969-3f41-46eb-a126-35e2dc56374a","local_time":"20210103003935","is_ascension_mode":true,"campfire_choices":[{"data":"Defragment","floor":6,"key":"SMITH"},{"floor":8,"key":"REST"},{"data":"Defragment","floor":10,"key":"SMITH"}],"circlet_count":0,"master_deck":["AscendersBane","Strike_B","Strike_B","Defend_B","Defend_B","Defend_B","Zap","Dualcast","Static Discharge","Panic Button","Time Bomb","Defragment+1","Chill","Defragment+1","hubris:PowerSurge","ReplayRNGCard","Leap","BasicCrystalCard","Cold Snap","hubris:DoWhile","Rainbow","Compile Driver+1"],"relics":["Cracked Core","hubris:Teleporter","hubris:TenFootPole","Snecko Eye"],"acts_visited":["Exordium","TheCity"],"potions_floor_usage":[14,16,20],"damage_taken":[{"damage":12,"enemies":"Jaw Worm","floor":1,"turns":3},{"damage":13,"enemies":"2 Louse","floor":2,"turns":3},{"damage":0,"enemies":"Cultist","floor":5,"turns":3},{"damage":6,"enemies":"Looter","floor":7,"turns":3},{"damage":0,"enemies":"3 Louse","floor":11,"turns":4},{"damage":1,"enemies":"2 Fungi Beasts","floor":12,"turns":2},{"damage":2,"enemies":"Looter","floor":13,"turns":3},{"damage":15,"enemies":"Lagavulin","floor":14,"turns":4},{"damage":16,"enemies":"Slime Boss","floor":16,"turns":8},{"damage":0,"enemies":"Spheric Guardian","floor":18,"turns":2},{"damage":8,"enemies":"2 Thieves","floor":19,"turns":4},{"damage":49,"enemies":"Masked Bandits","floor":20,"turns":3}],"seed_played":"2868403593103402737","potions_obtained":[{"floor":1,"key":"Elixir"},{"floor":4,"key":"PotionOfCapacity"},{"floor":4,"key":"Swift Potion"},{"floor":18,"key":"Block Potion"}],"is_trial":false,"path_per_floor":["M","M","?","?","M","R","M","R","T","R","M","M","M","E","R","B",null,"M","M","?"],"character_chosen":"DEFECT","items_purchased":[],"campfire_rested":1,"item_purchase_floors":[],"current_hp_per_floor":[52,39,43,20,20,20,14,35,35,35,35,34,32,17,17,1,54,54,46,0,0],"gold":248,"neow_bonus":"TRANSFORM_TWO_CARDS","is_daily":false,"chose_seed":false,"campfire_upgraded":2,"win_rate":0.0,"timestamp":1609630775,"path_taken":["M","M","?","?","M","R","M","R","T","R","M","M","M","E","R","BOSS","M","?","?"],"items_purchased_type":[],"build_version":"2020-12-22","purchased_purges":0,"victory":false,"max_hp_per_floor":[71,71,71,71,71,71,71,71,71,71,71,71,71,71,71,71,71,71,71,71,71],"relic_stats":{"counters":[12,42],"Snecko Eye":[17,16,15,13],"obtain_stats":[{"hubris:Teleporter":9,"Snecko Eye":17,"hubris:TenFootPole":14,"Cracked Core":0},{"hubris:Teleporter":4,"Snecko Eye":9,"hubris:TenFootPole":8,"Cracked Core":0},{"hubris:Teleporter":12,"Snecko Eye":33,"hubris:TenFootPole":25,"Cracked Core":0}]},"card_choices":[{"not_picked":["Heatsinks","Beam Cell"],"picked":"Time Bomb","floor":1},{"not_picked":["Leap","Genetic Algorithm"],"picked":"Defragment","floor":2},{"not_picked":["ReplaySolidLightProjector","Conserve Battery"],"picked":"Chill","floor":4},{"not_picked":["Turbo","Steam"],"picked":"Defragment","floor":5},{"not_picked":["Ball Lightning","Beam Cell"],"picked":"hubris:PowerSurge","floor":7},{"not_picked":["Panic Button","Cold Snap"],"picked":"ReplayRNGCard","floor":11},{"not_picked":["ReplayGash","Redo"],"picked":"Leap","floor":12},{"not_picked":["Double Energy","Streamline"],"picked":"BasicCrystalCard","floor":13},{"not_picked":["All For One","FTL"],"picked":"Cold Snap","floor":14},{"not_picked":["ReplayTheSpireMod:Omega Cannon","Hyperbeam"],"picked":"Rainbow","floor":16},{"not_picked":["Hologram","Storm"],"picked":"Compile Driver+1","floor":18},{"not_picked":["Steam","Aggregate+1","Panic Button"],"picked":"SKIP","floor":19}],"player_experience":1029279,"relics_obtained":[{"floor":9,"key":"hubris:Teleporter"},{"floor":14,"key":"hubris:TenFootPole"}],"event_choices":[{"damage_healed":0,"gold_gain":0,"player_choice":"Fought Bandits","damage_taken":0,"max_hp_gain":0,"max_hp_loss":0,"event_name":"Masked Bandits","floor":20,"gold_loss":0}],"is_beta":false,"boss_relics":[{"not_picked":["Honey Jar","Replay:Wanted Poster"],"picked":"Snecko Eye"}],"items_purged_floors":[],"is_endless":false,"potions_floor_spawned":[1,7,12,13,18],"killed_by":"Masked Bandits","ascension_level":20}}