{"host":"vmo6qas4tfa0p776","time":1609615854,"event":{"mods":["AchievementEnabler","BaseMod","Bestiary","Better Altar","Better Match","Better Note","Better Sensory Stone","Better Skull","Better Third Choice","Clawfect","Colored Map","Colored Powertips","Downfall","Googly Eyes","GungeonMod","Minty Spire (QoL Compilation)","Relic Stats","Robot Space Explorer","Spicy Shops","StSLib","Synergy Search","The Cursed","The Disciple","The Jungle","The Marked","Unceasing Turn Reminder","everything is the same but u backflip on backflip"],"gold_per_floor":[118,118,133,308,332,332,332],"floor_reached":6,"playtime":461,"items_purged":[],"score":88,"play_id":"63e577c1-d5d8-492a-9b5c-5505035f17e4","local_time":"20210102143054","daily_mods":["Draft","Heirloom","DeadlyEvents","Elite Swarm"],"is_ascension_mode":true,"campfire_choices":[],"circlet_count":0,"master_deck":["LockedMercury","Break","TickedOff","LockedWhetstone","LockedScales","PrimeTime","Parity","WindUp","Accruing","LockedWarPaint","VestedLegacy","ExoVibe","LockedBlood","LockedTornado","AlternateTimeline","LockedMercury","LockedUrn","Doubt"],"relics":["Chronometer","Unceasing Top","NlothsMask"],"acts_visited":["Exordium"],"potions_floor_usage":[6],"damage_taken":[{"damage":10,"enemies":"Jaw Worm","floor":1,"turns":5},{"damage":7,"enemies":"Cultist","floor":3,"turns":4},{"damage":68,"enemies":"Gremlin Nob","floor":6,"turns":5}],"seed_played":"-4521276092738299783","potions_obtained":[{"floor":1,"key":"DistilledChaos"}],"is_trial":true,"path_per_floor":["M","?","M","?","T","E"],"character_chosen":"CHRONO_CLASS","items_purchased":[],"campfire_rested":0,"item_purchase_floors":[],"current_hp_per_floor":[59,59,52,52,52,0,0],"gold":332,"neow_bonus":"","is_daily":false,"chose_seed":false,"campfire_upgraded":0,"win_rate":0.0,"timestamp":1609615854,"path_taken":["M","?","?","?","?","E"],"items_purchased_type":[],"build_version":"2020-12-22","purchased_purges":0,"victory":false,"max_hp_per_floor":[65,65,65,65,65,65,65],"relic_stats":{"counters":[3,14],"obtain_stats":[{"Chronometer":0,"DemoMod:GlassGuonStoneRelic":1,"Unceasing Top":0,"NlothsMask":2},{"Chronometer":0,"DemoMod:GlassGuonStoneRelic":1,"Unceasing Top":0,"NlothsMask":1},{"Chronometer":0,"DemoMod:GlassGuonStoneRelic":5,"Unceasing Top":0,"NlothsMask":5}],"Unceasing Top":[0]},"card_choices":[{"not_picked":["HandsUpB","ExoVibe"],"picked":"LockedMercury","floor":0},{"not_picked":["Parity","WakeUpCall"],"picked":"Break","floor":0},{"not_picked":["HandsUpC","Cuckoo"],"picked":"TickedOff","floor":0},{"not_picked":["Accruing","BlueShift"],"picked":"LockedWhetstone","floor":0},{"not_picked":["LockedMawBank","ShortSighted"],"picked":"LockedScales","floor":0},{"not_picked":["BiteCommand","LockedTornado"],"picked":"PrimeTime","floor":0},{"not_picked":["ExoVibe","LockedMercury"],"picked":"Parity","floor":0},{"not_picked":["Parity","PrimeTime"],"picked":"WindUp","floor":0},{"not_picked":["LockedMedicine","ExoVibe"],"picked":"Accruing","floor":0},{"not_picked":["Cuckoo","EscortCommand"],"picked":"LockedWarPaint","floor":0},{"not_picked":["BiteCommand","Stagnate"],"picked":"VestedLegacy","floor":0},{"not_picked":["WindUp","PrimeTime"],"picked":"ExoVibe","floor":0},{"not_picked":["Echoward","BlueShift"],"picked":"LockedBlood","floor":0},{"not_picked":["LockedScales","ReapSow"],"picked":"LockedTornado","floor":0},{"not_picked":["VestedLegacy","LockedMawBank"],"picked":"AlternateTimeline","floor":0},{"not_picked":["AlternateTimeline","VestedLegacy"],"picked":"LockedMercury","floor":1},{"not_picked":["ExoVibe","WindUp"],"picked":"LockedUrn","floor":3}],"player_experience":240331,"relics_obtained":[],"event_choices":[{"damage_healed":0,"gold_gain":0,"player_choice":"Trade","damage_taken":0,"relics_obtained":["NlothsMask"],"max_hp_gain":0,"max_hp_loss":0,"event_name":"FaceTrader","floor":2,"gold_loss":0},{"damage_healed":0,"gold_gain":175,"player_choice":"AGREE","damage_taken":133,"max_hp_gain":0,"max_hp_loss":0,"event_name":"betterThird:BetterSerpent","floor":4,"gold_loss":0}],"is_beta":false,"boss_relics":[],"items_purged_floors":[],"is_endless":true,"potions_floor_spawned":[1],"killed_by":"Gremlin Nob","ascension_level":1}}