{"host":"42xxsmacr0f6ikcz","time":1609619428,"event":{"mods":["AchievementEnabler","BaseMod","Block Reminder","Minty Spire (QoL Compilation)","Relic Stats","StSLib"],"gold_per_floor":[118,137,150,166,177,203,203,232,232,251,251,251],"floor_reached":11,"playtime":598,"items_purged":[],"score":137,"play_id":"287b4bea-3e73-497d-b158-9a8969a6bae3","local_time":"20210102153028","daily_mods":["Chimera","Diverse","DeadlyEvents","Elite Swarm"],"is_ascension_mode":false,"campfire_choices":[{"floor":7,"key":"REST"}],"circlet_count":0,"master_deck":["Bash","Survivor","Zap","Eruption","Strike_R","Strike_G","Strike_B","Defend_R","Defend_G","Defend_P","Noxious Fumes","Meditate","Scrawl","LikeWater","Malaise","Fiend Fire"],"relics":["Cracked Core","Smiling Mask","Kunai","Ornamental Fan"],"acts_visited":["Exordium"],"potions_floor_usage":[],"damage_taken":[{"damage":6,"enemies":"Cultist","floor":1,"turns":3},{"damage":1,"enemies":"2 Louse","floor":2,"turns":3},{"damage":0,"enemies":"Small Slimes","floor":3,"turns":3},{"damage":9,"enemies":"Blue Slaver","floor":4,"turns":4},{"damage":8,"enemies":"2 Fungi Beasts","floor":5,"turns":5},{"damage":32,"enemies":"3 Sentries","floor":6,"turns":6},{"damage":23,"enemies":"Gremlin Nob","floor":8,"turns":5},{"damage":10,"enemies":"Exordium Thugs","floor":10,"turns":6},{"damage":11,"enemies":"Lagavulin","floor":11,"turns":4}],"seed_played":"1430730792108953305","potions_obtained":[{"floor":3,"key":"AttackPotion"},{"floor":5,"key":"LiquidBronze"},{"floor":6,"key":"LiquidMemories"}],"is_trial":true,"path_per_floor":["M","M","M","M","M","E","R","E","T","M","E"],"character_chosen":"DEFECT","items_purchased":[],"campfire_rested":1,"item_purchase_floors":[],"current_hp_per_floor":[69,68,68,59,51,19,41,18,18,8,0,0],"gold":251,"neow_bonus":"","is_daily":false,"chose_seed":false,"campfire_upgraded":0,"win_rate":0.0,"timestamp":1609619428,"path_taken":["M","M","M","M","M","E","R","E","T","?","E"],"items_purchased_type":[],"build_version":"2020-12-22","purchased_purges":0,"victory":false,"max_hp_per_floor":[75,75,75,75,75,75,75,75,75,75,75,75],"relic_stats":{"counters":[9,39],"Ornamental Fan":[0],"Kunai":[0],"Smiling Mask":0,"obtain_stats":[{"Ornamental Fan":9,"Kunai":8,"Cracked Core":0,"Smiling Mask":6},{"Ornamental Fan":7,"Kunai":7,"Cracked Core":0,"Smiling Mask":6},{"Ornamental Fan":29,"Kunai":29,"Cracked Core":0,"Smiling Mask":24}]},"card_choices":[{"not_picked":["Underhanded Strike","Cleave"],"picked":"Noxious Fumes","floor":1},{"not_picked":["Sweeping Beam","Poisoned Stab"],"picked":"Meditate","floor":2},{"not_picked":["Gash","Sucker Punch"],"picked":"Scrawl","floor":3},{"not_picked":["Deflect","MentalFortress"],"picked":"LikeWater","floor":4},{"not_picked":["Iron Wave","Heavy Blade","Barrage"],"picked":"SKIP","floor":5},{"not_picked":["Brilliance","Vault"],"picked":"Malaise","floor":6},{"not_picked":["ConjureBlade","Bullet Time"],"picked":"Fiend Fire","floor":8},{"not_picked":["Poisoned Stab","Blood for Blood","FollowUp"],"picked":"SKIP","floor":10}],"player_experience":155653,"relics_obtained":[{"floor":6,"key":"Smiling Mask"},{"floor":8,"key":"Kunai"},{"floor":9,"key":"Ornamental Fan"}],"event_choices":[],"is_beta":false,"boss_relics":[],"items_purged_floors":[],"is_endless":true,"potions_floor_spawned":[3,5,6,8],"killed_by":"Lagavulin","ascension_level":0}}