{"host":"4lxzgdqpvzyot39g","time":1609558876,"event":{"mods":["Abigail Mod","Act Like it!","Aspiration","BaseMod","Beaked The Cultist","Better Altar","Better Match","Better Note","Better Sensory Stone","Better Skull","Better Third Choice","CCEM","Colored Map","Colored Powertips","Conspire","Displayed Cursed Tome","Dota2Spire","Energized Spire","Friendly Minions","Gensokyo","GifTheSpireLib","Halation","Hallownest","Hermit","Highlight Path","HololiveMod","Hubris","Infinite Spire","Jedi Mod","JesterMod","Mari Mod (Legacy)","Mari\u0027s V1 Patch","MarisaÅiñ∂âJÅ@ñÇóùçπÅj","Minty Spire (QoL Compilation)","Prisma Mod","Quarter Circle Forward PUNCH!","Relic Filter","Replay The Spire","Robot Space Explorer","SCP261 Mod","Small Relic Pack","Spicy Shops","Spikes Relics","StSLib","Stuff the Spire","The Alterego","The Blue Laboratory","The Bug Knight","The Cursed","The Fake Hero","The Servant 0.9.4","The Wild Card","Trackpad","Waifu the Spire","WarShipGirlsR/??è≠èóR mod","vexMod","Åy?ï®?îvÅzREMEMod"],"gold_per_floor":[514,532,372,436,26,57,74,113,136,156,187,201,201,226,226,326,326,346,346,346,359,36,68,68,100,100,115,127,158,158,170,170,268,268,283,11,27,81,0,35,35,35,35,66,80,100,120,152,152,152,152,152,2,35,35],"floor_reached":56,"playtime":5001,"items_purged":["luka_mod:Surrender","luka_mod:Edging","PrismaMod:IllyaInstallLancer","luka_mod:Guard"],"score":2140,"play_id":"83d91dec-1f21-4a99-93e1-1a2474f050bb","local_time":"20210101224116","is_ascension_mode":true,"campfire_choices":[{"data":"luka_mod:Sensitive","floor":13.0,"key":"SMITH"},{"data":"luka_mod:StrikeLukaFour","floor":15.0,"key":"SMITH"},{"data":"luka_mod:Request","floor":24.0,"key":"SMITH"},{"data":"luka_mod:PrayToIlias","floor":30.0,"key":"SMITH"},{"data":"luka_mod:StrikeLukaThree","floor":32.0,"key":"SMITH"},{"data":"luka_mod:NeverSurrender","floor":42.0,"key":"SMITH"},{"floor":49,"key":"RECALL"},{"data":"luka_mod:Request","floor":52,"key":"SMITH"}],"circlet_count":0,"master_deck":["luka_mod:StrikeLukaOne","luka_mod:StrikeLukaTwo","luka_mod:StrikeLukaThree+1","luka_mod:StrikeLukaFour+1","luka_mod:StrikeLukaFive","luka_mod:StrikeLukaSix+1","luka_mod:Salt","luka_mod:FlailWildly","luka_mod:Meditation","luka_mod:TouchFluffyTail","luka_mod:EndlessGuard","luka_mod:RestrictedStrike","luka_mod:Sensitive+1","luka_mod:Undine","luka_mod:Undine","luka_mod:SpoilerDance","luka_mod:Alice","luka_mod:CriticalHit","luka_mod:PrayToIlias+1","luka_mod:SmallBody","luka_mod:NotVerySharp+1","luka_mod:Undine+1","luka_mod:Daystar","luka_mod:Request+1","hubris:DuctTapeCard","luka_mod:Struggle+1"],"relics":["luka_mod:KeepsakeRing","REME_ComplimentaryCards","Nilry\u0027s Codex","trackpad:WritersBlock","Hololive_LightStick","ReplayTheSpireMod:Shallot","infinitespire:Golems Mask","White Beast Statue","Lantern","Replay:Bottled Flurry","qcfpunch:Combat_Fatigues","jedi:hotpepper","Dota2Spire:PowerTreads","vexMod:FocusSash","aspiration:ChemicalBlood","qcfpunch:Army_Boots","jedi:purplefairy","Akabeko","Dota2Spire:RefresherOrb","hubris:Zylophone","BicycleWheel","Red Mask","Replay:Rubber Ducky","halation:PapillonHeart","hubris:DuctTape","Dota2Spire:ShadowBlade","StuffTheSpire:GrapeVine","StrikeDummy"],"acts_visited":["Gensokyo:Gensokyo","Hallownest:CityofTears","TheBeyond","TheEnding"],"potions_floor_usage":[50,55,55,55],"damage_taken":[{"damage":13.0,"enemies":"Gensokyo:Gryphon","floor":1.0,"turns":4.0},{"damage":12.0,"enemies":"Gensokyo:Python","floor":2.0,"turns":4.0},{"damage":0.0,"enemies":"Gensokyo:Aya","floor":6.0,"turns":5.0},{"damage":0.0,"enemies":"Gensokyo:2_Kodama","floor":7.0,"turns":3.0},{"damage":14.0,"enemies":"Gensokyo:Cirno","floor":8.0,"turns":6.0},{"damage":0.0,"enemies":"Gensokyo:Gryphon_and_Rabbit","floor":10.0,"turns":4.0},{"damage":0.0,"enemies":"Gensokyo:Mamizou","floor":11.0,"turns":7.0},{"damage":0.0,"enemies":"Gensokyo:Python_and_Kodama","floor":12.0,"turns":3.0},{"damage":0.0,"enemies":"Gensokyo:Cirno","floor":14.0,"turns":5.0},{"damage":3.0,"enemies":"Gensokyo:Kokoro","floor":16.0,"turns":7.0},{"damage":10.0,"enemies":"Hallownest:Guard_and_Sentry","floor":18.0,"turns":6.0},{"damage":0.0,"enemies":"Hallownest:3_Youths","floor":21.0,"turns":3.0},{"damage":0.0,"enemies":"Hallownest:Nosk","floor":23.0,"turns":5.0},{"damage":0.0,"enemies":"Hallownest:eliteSoulWarrior","floor":25.0,"turns":4.0},{"damage":0.0,"enemies":"Hallownest:3_Mistakes","floor":27.0,"turns":5.0},{"damage":0.0,"enemies":"Hallownest:2_Flukemon","floor":28.0,"turns":5.0},{"damage":0.0,"enemies":"Hallownest:Nosk","floor":29.0,"turns":4.0},{"damage":0.0,"enemies":"Hallownest:monsterMisterMushroom","floor":31.0,"turns":4.0},{"damage":21.0,"enemies":"Hallownest:BossMantisLord","floor":33.0,"turns":5.0},{"damage":7.0,"enemies":"3 Darklings","floor":35.0,"turns":3.0},{"damage":0.0,"enemies":"Orb Walker","floor":37.0,"turns":2.0},{"damage":0.0,"enemies":"Mind Bloom Boss Battle","floor":38.0,"turns":3.0},{"damage":0.0,"enemies":"Nemesis","floor":40.0,"turns":3.0},{"damage":0.0,"enemies":"beaked:SuperParasite","floor":44.0,"turns":3.0},{"damage":0.0,"enemies":"Jaw Worm Horde","floor":45.0,"turns":3.0},{"damage":6.0,"enemies":"Sphere and 2 Shapes","floor":46.0,"turns":4.0},{"damage":18.0,"enemies":"4 Shapes","floor":47.0,"turns":2.0},{"damage":0,"enemies":"Reptomancer","floor":48,"turns":3},{"damage":6,"enemies":"Awakened One","floor":50,"turns":6},{"damage":0,"enemies":"Shield and Spear","floor":54,"turns":2},{"damage":0,"enemies":"The Heart","floor":55,"turns":5}],"seed_played":"-3523324758411838723","potions_obtained":[{"floor":2.0,"key":"blueLaboratory:HorrorPotion"},{"floor":4.0,"key":"blueLaboratory:ExaltedPotion"},{"floor":7.0,"key":"FearPotion"},{"floor":10.0,"key":"SCP261:DewritoBlazePotion"},{"floor":11.0,"key":"PowerPotion"},{"floor":14.0,"key":"Dota2Spire:Clarity"},{"floor":16.0,"key":"blueLaboratory:NullPotion"},{"floor":21.0,"key":"blueLaboratory:PhilterOfMotion"},{"floor":23.0,"key":"SCP261:GirlTearsPotion"},{"floor":27.0,"key":"blueLaboratory:FruitPunch"},{"floor":28.0,"key":"CultistPotion"},{"floor":33.0,"key":"Elixir"},{"floor":35.0,"key":"SCP261:EnergyGasPotion"},{"floor":35.0,"key":"blueLaboratory:FruitPunch"},{"floor":40.0,"key":"LiquidBronze"},{"floor":45.0,"key":"blueLaboratory:BottledHope"},{"floor":46.0,"key":"Adrenaline Potion"},{"floor":47.0,"key":"Flashbang"},{"floor":50,"key":"LifebloodPotion"}],"is_trial":false,"path_per_floor":["M","M","?","?","$","E","M","E","T","M","E","M","R","E","R","B",null,"M","?","?","M","$","E","R","E","T","M","M","E","R","M","R_BF","B",null,"M","$","M","?","?","E","?","R","T","E","M","M","M","E","R","B",null,"R","$","E","B",null],"character_chosen":"LUKA_CLASS","items_purchased":["Hololive_LightStick","ReplayTheSpireMod:Shallot","luka_mod:Request","aspiration:ChemicalBlood","luka_mod:CriticalHit","hubris:Zylophone"],"campfire_rested":0,"item_purchase_floors":[5,5,22,22,22,36],"current_hp_per_floor":[35,37,37,37,37,37,37,23,23,23,23,40,40,40,40,37,30,30,30,9,24,24,24,24,24,24,30,31,31,31,31,31,10,26,24,24,24,24,24,25,25,30,30,30,30,30,27,27,27,30,30,30,30,30,30],"gold":35,"neow_bonus":"TRANSFORM_CARD","is_daily":false,"chose_seed":false,"campfire_upgraded":7,"win_rate":0.0,"timestamp":1609558876,"path_taken":["M","M","?","?","$","E","M","E","T","?","E","M","R","E","R","BOSS","M","?","?","?","?","E","R","E","T","M","M","E","R","M","R_BF","BOSS","M","$","M","?","?","E","?","R","T","E","M","M","M","E","R","BOSS","R","$","E","BOSS"],"items_purchased_type":["Relic","Relic","Card","Relic","Card","Relic"],"build_version":"2020-12-22","purchased_purges":4,"victory":true,"max_hp_per_floor":[40,40,40,40,40,40,40,40,40,40,40,40,40,40,40,40,30,30,30,30,30,30,30,30,30,30,30,31,31,31,31,31,31,31,31,31,31,31,31,32,30,30,30,30,30,30,30,30,30,30,30,30,30,30,30],"card_choices":[{"not_picked":["luka_mod:StrikeLuka","luka_mod:FlashKill","luka_mod:HeroicStrike"],"picked":"SKIP","floor":1.0},{"not_picked":["luka_mod:DemonSkullBeheading","luka_mod:Overexert"],"picked":"luka_mod:EndlessGuard","floor":2.0},{"not_picked":["luka_mod:IliasesJudgement","luka_mod:NotVerySharp"],"picked":"luka_mod:RestrictedStrike","floor":4.0},{"not_picked":["luka_mod:StrikeLuka","luka_mod:Undine"],"picked":"luka_mod:Sensitive","floor":6.0},{"not_picked":["luka_mod:Struggle","luka_mod:FlashKill"],"picked":"luka_mod:Undine","floor":7.0},{"not_picked":["luka_mod:HeroicStrike","luka_mod:Cutscene","luka_mod:ThunderThrust"],"picked":"SKIP","floor":8.0},{"not_picked":["luka_mod:CriticalHit","luka_mod:PeacePreach"],"picked":"luka_mod:Undine","floor":10.0},{"not_picked":["luka_mod:GuardTraining","luka_mod:Optimistic","luka_mod:Struggle"],"picked":"SKIP","floor":11.0},{"not_picked":["luka_mod:EarthSlash","luka_mod:WindSlash","luka_mod:Overexert"],"picked":"SKIP","floor":12.0},{"not_picked":["luka_mod:IliasesJudgement","luka_mod:Struggle"],"picked":"luka_mod:SpoilerDance","floor":14.0},{"not_picked":["luka_mod:Daystar","luka_mod:NinefoldRakshasa"],"picked":"luka_mod:Alice","floor":16.0},{"not_picked":["luka_mod:PrayToIlias","luka_mod:IliasesJudgement","luka_mod:HeroicStrike"],"picked":"SKIP","floor":18.0},{"not_picked":["luka_mod:Intense","luka_mod:GuardedStrike","luka_mod:Feel"],"picked":"SKIP","floor":21.0},{"not_picked":["luka_mod:BladeOfStillWater","luka_mod:ThunderThrust"],"picked":"luka_mod:PrayToIlias","floor":23.0},{"not_picked":["luka_mod:WaterSlash+1","luka_mod:FlashKill+1"],"picked":"luka_mod:SmallBody","floor":25.0},{"not_picked":["luka_mod:Intense","luka_mod:StrikeLuka"],"picked":"luka_mod:NotVerySharp+1","floor":27.0},{"not_picked":["luka_mod:ThunderThrust+1","luka_mod:StressRelief+1"],"picked":"luka_mod:Undine+1","floor":28.0},{"not_picked":["luka_mod:EarthSlash","luka_mod:PeacePreach"],"picked":"luka_mod:NeverSurrender","floor":29.0},{"not_picked":["luka_mod:Struggle","luka_mod:AlicesGuard+1","luka_mod:IliasesJudgement"],"picked":"SKIP","floor":31.0},{"not_picked":["luka_mod:Alice","luka_mod:Ora"],"picked":"luka_mod:Daystar","floor":33.0},{"not_picked":["luka_mod:Calm","luka_mod:FireSlash+1","luka_mod:WindSlash+1"],"picked":"SKIP","floor":35.0},{"not_picked":["luka_mod:LightningSwordFlash+1","luka_mod:DemonDecapitation+1","luka_mod:EarthRumblingDecapitation+1"],"picked":"SKIP","floor":37.0},{"not_picked":["luka_mod:AlicesFist","luka_mod:EarthSlash+1","luka_mod:Ilias"],"picked":"SKIP","floor":40.0},{"not_picked":["luka_mod:PerfectTiming","luka_mod:HeavenlyDemonRevival","luka_mod:StrikeLuka+1"],"picked":"SKIP","floor":44.0},{"not_picked":["luka_mod:StrikeLuka","luka_mod:DemonDecapitation","luka_mod:Feel"],"picked":"SKIP","floor":45.0},{"not_picked":["luka_mod:Feel","luka_mod:TouchFluffyTail+1"],"picked":"luka_mod:Request","floor":46.0},{"not_picked":["luka_mod:RestrictedStrike","luka_mod:UnusedPoison+1","luka_mod:SereneDemonSword+1"],"picked":"SKIP","floor":47.0},{"not_picked":["luka_mod:RestrictedStrike","luka_mod:UnusedPoison+1","luka_mod:SereneDemonSword+1"],"picked":"SKIP","floor":47.0},{"not_picked":["luka_mod:RestrictedStrike","luka_mod:UnusedPoison+1","luka_mod:SereneDemonSword+1"],"picked":"SKIP","floor":47.0},{"not_picked":["luka_mod:PrayToIlias","luka_mod:PerfectTiming+1"],"picked":"luka_mod:Struggle+1","floor":48},{"not_picked":["luka_mod:ThunderThrust+1","luka_mod:EarthSlash+1","luka_mod:AlicesGuard+1"],"picked":"SKIP","floor":54}],"player_experience":1006143,"relics_obtained":[{"floor":4.0,"key":"trackpad:WritersBlock"},{"floor":6.0,"key":"infinitespire:Golems Mask"},{"floor":8.0,"key":"White Beast Statue"},{"floor":9.0,"key":"Lantern"},{"floor":11.0,"key":"Replay:Bottled Flurry"},{"floor":14.0,"key":"qcfpunch:Combat_Fatigues"},{"floor":23.0,"key":"qcfpunch:Army_Boots"},{"floor":25.0,"key":"jedi:purplefairy"},{"floor":29.0,"key":"Akabeko"},{"floor":38.0,"key":"BicycleWheel"},{"floor":40.0,"key":"Replay:Rubber Ducky"},{"floor":43.0,"key":"hubris:DuctTape"},{"floor":44.0,"key":"Dota2Spire:ShadowBlade"},{"floor":48,"key":"StuffTheSpire:GrapeVine"},{"floor":54,"key":"StrikeDummy"}],"event_choices":[{"damage_healed":0.0,"max_hp_gain":0.0,"max_hp_loss":0.0,"gold_gain":0.0,"event_name":"betterSkull:BetterSkull","player_choice":"RE UP RE ","floor":20.0,"gold_loss":0.0,"damage_taken":27.0,"cards_upgraded":["luka_mod:StrikeLukaSix"],"relics_obtained":["Dota2Spire:PowerTreads","vexMod:FocusSash"]},{"damage_healed":0.0,"max_hp_gain":0.0,"max_hp_loss":0.0,"gold_gain":0.0,"event_name":"MindBloom","player_choice":"Fight","floor":38.0,"gold_loss":0.0,"damage_taken":0.0},{"damage_healed":0.0,"max_hp_gain":0.0,"max_hp_loss":0.0,"gold_gain":0.0,"event_name":"Tomb of Lord Red Mask","player_choice":"Paid","floor":39.0,"gold_loss":81.0,"damage_taken":0.0,"relics_obtained":["Red Mask"]}],"is_beta":false,"boss_relics":[{"not_picked":["hubris:HollowSoul","halation:SmartPhone"],"picked":"jedi:hotpepper"},{"not_picked":["ReplayTheSpireMod:SealedPack","energizedSpire:OgreHead"],"picked":"Dota2Spire:RefresherOrb"}],"items_purged_floors":[5,22,36,53],"is_endless":false,"potions_floor_spawned":[2,7,10,11,12,14,16,18,21,23,25,27,28,29,31,33,35,37,38,40,44,45,46,47,48,54],"ascension_level":9}}