{"host":"tq7pufgtqftqw8yr","time":1609572702,"event":{"mods":["BaseMod","Downfall","Minty Spire (QoL Compilation)","StSLib"],"gold_per_floor":[99,113,113,124,124,159,159,176,351,33,33,51,68,29,40,40,40,40],"floor_reached":16,"playtime":1574,"items_purged":["Doubt"],"score":102,"play_id":"b0934898-cc91-427a-99f0-742254d223e8","local_time":"20210102153142","is_ascension_mode":false,"campfire_choices":[{"floor":1,"key":"RECALL"},{"floor":11,"key":"REST"}],"circlet_count":0,"master_deck":["Guardian:Strike_Guardian","Guardian:Strike_Guardian","Guardian:Strike_Guardian","Guardian:Strike_Guardian","Guardian:Defend_Guardian","Guardian:Defend_Guardian","Guardian:Defend_Guardian","Guardian:Defend_Guardian","Guardian:CurlUp","Guardian:TwinSlam","Guardian:Gem_Purple","Guardian:Gem_Green","Guardian:Gem_Crimson","Guardian:Gem_Red","Guardian:RevengeProtocol","Guardian:ChargeUp","Guardian:TemporalStrike","Bandage Up","Guardian:Planning","Guardian:PrismaticBarrier","Guardian:TemporalShield","Guardian:Gem_Cyan"],"relics":["Guardian:ModeShifter","Regal Pillow","Tiny Chest"],"acts_visited":["Exordium"],"potions_floor_usage":[8,13],"damage_taken":[{"damage":0,"enemies":"Small Slimes","floor":2,"turns":4},{"damage":1,"enemies":"Cultist","floor":4,"turns":4},{"damage":36,"enemies":"3 Sentries","floor":6,"turns":14},{"damage":0,"enemies":"2 Louse","floor":8,"turns":2},{"damage":2,"enemies":"downfall:FleeingMerchant","floor":10,"turns":4},{"damage":5,"enemies":"Blue Slaver","floor":12,"turns":4},{"damage":8,"enemies":"Gremlin Gang","floor":13,"turns":4},{"damage":0,"enemies":"downfall:FleeingMerchant","floor":14,"turns":4},{"damage":14,"enemies":"Exordium Thugs","floor":15,"turns":7},{"damage":71,"enemies":"downfall:Silent","floor":16,"turns":21}],"seed_played":"3301538915498175701","potions_obtained":[{"floor":2,"key":"BlessingOfTheForge"},{"floor":6,"key":"Fire Potion"},{"floor":8,"key":"AttackPotion"},{"floor":12,"key":"SpeedPotion"},{"floor":15,"key":"EssenceOfSteel"}],"is_trial":false,"path_per_floor":["R","M","?","M","?","E","T","M","?","$","R","M","M","$","M","B"],"character_chosen":"GUARDIAN","items_purchased":["Guardian:Gem_Orange","Bandage Up","Guardian:Gem_Cyan"],"campfire_rested":1,"item_purchase_floors":[10,10,14],"current_hp_per_floor":[80,80,80,79,79,43,43,43,43,41,80,75,71,75,65,0,0,0],"gold":40,"neow_bonus":"RANDOM_COMMON_RELIC","is_daily":false,"chose_seed":false,"campfire_upgraded":0,"win_rate":0.0,"timestamp":1609572702,"path_taken":["R","M","?","?","?","E","T","?","?","$","R","M","M","$","M","BOSS"],"items_purchased_type":["Card","Card","Card"],"build_version":"2020-12-22","purchased_purges":1,"victory":false,"max_hp_per_floor":[80,80,80,80,80,80,80,80,80,80,80,80,80,80,80,80,80,80],"card_choices":[{"not_picked":["Guardian:Gem_Lightblue","Guardian:Incinerate"],"picked":"Guardian:Gem_Cyan","floor":2},{"not_picked":["Guardian:ShieldCharger","Guardian:Incinerate"],"picked":"Guardian:Gem_Crimson","floor":4},{"not_picked":["Guardian:PrimingBeam","Guardian:PiercingHide"],"picked":"Guardian:ChargeUp","floor":6},{"not_picked":["Guardian:RollAttack","Guardian:ChargeCore"],"picked":"Guardian:TemporalStrike","floor":8},{"not_picked":["Guardian:CrystalBeam","Guardian:ChargeCore"],"picked":"Guardian:Gem_Cyan","floor":10},{"not_picked":["Guardian:Gem_White","Guardian:Gem_Cyan"],"picked":"Guardian:Planning","floor":12},{"not_picked":["Guardian:ChargeCore","Guardian:CrystalBeam"],"picked":"Guardian:PrismaticBarrier","floor":13},{"not_picked":["Guardian:WalkerClaw","Guardian:Recover"],"picked":"Guardian:TemporalShield","floor":14},{"not_picked":["Guardian:Emergency","Guardian:Recover","Guardian:GuardianWhirl"],"picked":"SKIP","floor":15}],"player_experience":812933,"relics_obtained":[{"floor":6,"key":"Tiny Chest"}],"event_choices":[],"is_beta":false,"boss_relics":[],"items_purged_floors":[10],"is_endless":false,"potions_floor_spawned":[2,6,8,12,15],"killed_by":"downfall:Silent","ascension_level":0}}