{"host":"3a1ypf1irl30q4k8","time":1609609542,"event":{"mods":["AchievementEnabler","BaseMod","Bestiary","Colored Map","Minty Spire (QoL Compilation)","Relic Stats"],"gold_per_floor":[115,132,148,148,48,48,48,48,48,48,81,102,136,161,161,289,289,313,331,352,366,39,39,54,85,140,140,161,161,197,220,220,340,403,427,450,54,154,177,177,221,221,301,19,39,77,93,8,8,8,8],"floor_reached":50,"playtime":5003,"items_purged":["Strike_P","Strike_P","Strike_P"],"score":685,"play_id":"c51db002-77a7-40d7-814d-f2a953a0a0ee","local_time":"20210102174542","is_ascension_mode":true,"campfire_choices":[{"data":"Eruption","floor":6,"key":"SMITH"},{"data":"Vigilance","floor":10,"key":"SMITH"},{"data":"FollowUp","floor":15,"key":"SMITH"},{"data":"Conclude","floor":23,"key":"SMITH"},{"data":"TalkToTheHand","floor":27,"key":"SMITH"},{"floor":32,"key":"REST"},{"data":"TalkToTheHand","floor":40,"key":"SMITH"},{"floor":42,"key":"REST"},{"floor":49,"key":"RECALL"}],"circlet_count":0,"master_deck":["Strike_P","Defend_P","Defend_P","Defend_P+1","Defend_P+1","Eruption+1","Vigilance+1","FollowUp+1","CutThroughFate+1","Halt","Conclude+1","CutThroughFate","BowlingBash","Adaptation","DeusExMachina","EmptyBody","ClearTheMind+1","Halt+1","SashWhip","TalkToTheHand+1","WaveOfTheHand","FearNoEvil","TalkToTheHand+1","MasterReality","Collect+1","ClearTheMind+1","TalkToTheHand","ClearTheMind+1","Purity"],"relics":["Sozu","Golden Idol","Question Card","Gremlin Horn","FossilizedHelix","Dead Branch","VioletLotus","Pantograph","Toy Ornithopter","Art of War","War Paint","Tiny House","ClockworkSouvenir","MealTicket","PreservedInsect","Lee\u0027s Waffle","Bottled Lightning"],"acts_visited":["Exordium","TheCity","TheBeyond"],"potions_floor_usage":[],"damage_taken":[{"damage":0,"enemies":"2 Louse","floor":1,"turns":1},{"damage":0,"enemies":"Cultist","floor":2,"turns":2},{"damage":0,"enemies":"Small Slimes","floor":3,"turns":1},{"damage":6,"enemies":"Lagavulin","floor":11,"turns":7},{"damage":0,"enemies":"2 Fungi Beasts","floor":12,"turns":2},{"damage":0,"enemies":"Gremlin Nob","floor":13,"turns":2},{"damage":0,"enemies":"Gremlin Gang","floor":14,"turns":1},{"damage":27,"enemies":"Hexaghost","floor":16,"turns":7},{"damage":0,"enemies":"Chosen","floor":18,"turns":2},{"damage":4,"enemies":"3 Byrds","floor":19,"turns":3},{"damage":0,"enemies":"Snecko","floor":20,"turns":6},{"damage":5,"enemies":"Cultist and Chosen","floor":21,"turns":4},{"damage":0,"enemies":"Shelled Parasite and Fungi","floor":24,"turns":5},{"damage":4,"enemies":"Gremlin Leader","floor":25,"turns":4},{"damage":14,"enemies":"Snake Plant","floor":28,"turns":4},{"damage":14,"enemies":"Book of Stabbing","floor":30,"turns":7},{"damage":2,"enemies":"Centurion and Healer","floor":31,"turns":6},{"damage":0,"enemies":"Collector","floor":33,"turns":6},{"damage":21,"enemies":"3 Darklings","floor":35,"turns":4},{"damage":0,"enemies":"Orb Walker","floor":36,"turns":3},{"damage":0,"enemies":"3 Darklings","floor":39,"turns":5},{"damage":19,"enemies":"Giant Head","floor":41,"turns":8},{"damage":25,"enemies":"Jaw Worm Horde","floor":45,"turns":3},{"damage":6,"enemies":"Nemesis","floor":46,"turns":8},{"damage":0,"enemies":"Transient","floor":47,"turns":5},{"damage":84,"enemies":"Time Eater","floor":50,"turns":11}],"seed_played":"-3552687563242330962","potions_obtained":[],"is_trial":false,"path_per_floor":["M","M","M","?","$","R","?","?","T","R","E","M","E","M","R","B",null,"M","M","M","M","$","R","M","E","T","R","M","?","E","M","R","B",null,"M","M","$","?","M","R","E","R","T","$","M","E","M","$","R","B"],"character_chosen":"WATCHER","items_purchased":["Halt","TalkToTheHand","Pantograph","ClockworkSouvenir","MealTicket","Lee\u0027s Waffle","Purity"],"campfire_rested":2,"item_purchase_floors":[5,22,22,37,37,44,48],"current_hp_per_floor":[72,72,72,67,67,67,67,67,67,67,61,61,61,61,61,34,67,67,63,63,58,58,58,58,54,54,54,40,24,10,8,28,53,72,51,51,51,51,51,51,32,53,53,79,54,48,48,63,63,0,0],"gold":8,"neow_bonus":"BOSS_RELIC","is_daily":false,"chose_seed":false,"campfire_upgraded":6,"win_rate":0.0,"timestamp":1609609542,"path_taken":["M","M","M","?","$","R","?","?","T","R","E","M","E","M","R","BOSS","M","M","?","M","$","R","?","E","T","R","M","?","E","M","R","BOSS","M","M","$","?","?","R","E","R","T","$","M","E","M","?","R","BOSS"],"items_purchased_type":["Card","Card","Relic","Relic","Relic","Relic","Card"],"build_version":"2020-12-22","purchased_purges":3,"victory":false,"max_hp_per_floor":[72,72,72,67,67,67,67,67,67,67,67,67,67,67,67,67,67,67,67,67,67,67,67,67,67,67,67,67,67,67,67,67,67,72,72,72,72,72,72,72,72,72,72,79,79,79,79,79,79,79,79],"relic_stats":{"Lee\u0027s Waffle":11,"Gremlin Horn":[18,17],"counters":[26,117],"Golden Idol":166,"Dead Branch":[147],"PreservedInsect":58,"War Paint":["Defend_P","ClearTheMind"],"Question Card":23,"Sozu":12,"Pantograph":41,"MealTicket":30,"VioletLotus":[22],"Art of War":[6],"obtain_stats":[{"Lee\u0027s Waffle":44,"Tiny House":34,"Gremlin Horn":9,"Golden Idol":4,"Dead Branch":13,"PreservedInsect":41,"War Paint":30,"Question Card":8,"ClockworkSouvenir":37,"Sozu":0,"Pantograph":22,"MealTicket":37,"VioletLotus":17,"Art of War":26,"Bottled Lightning":46,"PureWater":0,"FossilizedHelix":11,"Toy Ornithopter":25},{"Lee\u0027s Waffle":22,"Tiny House":18,"Gremlin Horn":3,"Golden Idol":3,"Dead Branch":6,"PreservedInsect":22,"War Paint":16,"Question Card":3,"ClockworkSouvenir":20,"Sozu":0,"Pantograph":12,"MealTicket":20,"VioletLotus":8,"Art of War":14,"Bottled Lightning":24,"PureWater":0,"FossilizedHelix":4,"Toy Ornithopter":14},{"Lee\u0027s Waffle":90,"Tiny House":70,"Gremlin Horn":4,"Golden Idol":4,"Dead Branch":15,"PreservedInsect":90,"War Paint":58,"Question Card":4,"ClockworkSouvenir":77,"Sozu":0,"Pantograph":38,"MealTicket":77,"VioletLotus":23,"Art of War":47,"Bottled Lightning":101,"PureWater":0,"FossilizedHelix":11,"Toy Ornithopter":47}],"Toy Ornithopter":0},"card_choices":[{"not_picked":["ThirdEye","Protect"],"picked":"FollowUp","floor":1},{"not_picked":["BattleHymn","FlurryOfBlows"],"picked":"CutThroughFate","floor":2},{"not_picked":["Weave","LikeWater"],"picked":"FlurryOfBlows","floor":3},{"not_picked":["BowlingBash","Worship","ThirdEye"],"picked":"Conclude","floor":11},{"not_picked":["Meditate","CarveReality","ThirdEye"],"picked":"CutThroughFate","floor":12},{"not_picked":["ConjureBlade","FlurryOfBlows","FollowUp"],"picked":"BowlingBash","floor":13},{"not_picked":["Crescendo","Halt","ClearTheMind"],"picked":"Adaptation","floor":14},{"not_picked":["Establishment","Judgement","ConjureBlade"],"picked":"DeusExMachina","floor":16},{"not_picked":["FollowUp","Indignation","Prostrate+1"],"picked":"EmptyBody","floor":18},{"not_picked":["Evaluate","InnerPeace","FollowUp"],"picked":"ClearTheMind","floor":19},{"not_picked":["FollowUp","Brilliance","WreathOfFlame"],"picked":"Halt+1","floor":20},{"not_picked":["Evaluate","Prostrate","Worship"],"picked":"SashWhip","floor":21},{"not_picked":["FollowUp","Evaluate","Swivel"],"picked":"WaveOfTheHand","floor":24},{"not_picked":["EmptyFist","PathToVictory","LikeWater"],"picked":"FearNoEvil","floor":25},{"not_picked":["BattleHymn","CarveReality","EmptyBody+1","Conclude+1"],"picked":"SKIP","floor":28},{"not_picked":["BowlingBash","InnerPeace","MasterReality"],"picked":"TalkToTheHand","floor":30},{"not_picked":["Halt","Sanctity","Study","Pray+1"],"picked":"SKIP","floor":31},{"not_picked":["Devotion","Scrawl","Wish"],"picked":"MasterReality","floor":33},{"not_picked":["Adaptation","Meditate+1","SashWhip+1"],"picked":"Collect+1","floor":35},{"not_picked":["CrushJoints","Consecrate","EmptyBody","SignatureMove+1"],"picked":"SKIP","floor":36},{"not_picked":["WheelKick","SandsOfTime+1","PathToVictory+1"],"picked":"ClearTheMind+1","floor":39},{"not_picked":["Brilliance","Prostrate+1","BattleHymn+1","Consecrate+1"],"picked":"SKIP","floor":41},{"not_picked":["Study+1","FlyingSleeves+1","CrushJoints+1","WaveOfTheHand"],"picked":"SKIP","floor":45},{"not_picked":["EmptyMind+1","FlurryOfBlows","JustLucky+1"],"picked":"TalkToTheHand","floor":46},{"not_picked":["Protect+1","Prostrate","Alpha"],"picked":"ClearTheMind+1","floor":47}],"player_experience":951087,"relics_obtained":[{"floor":9,"key":"Gremlin Horn"},{"floor":11,"key":"FossilizedHelix"},{"floor":13,"key":"Dead Branch"},{"floor":25,"key":"Toy Ornithopter"},{"floor":26,"key":"Art of War"},{"floor":30,"key":"War Paint"},{"floor":41,"key":"PreservedInsect"},{"floor":46,"key":"Bottled Lightning"}],"event_choices":[{"damage_healed":0,"gold_gain":0,"player_choice":"Lose Max HP","damage_taken":0,"relics_obtained":["Golden Idol"],"max_hp_gain":0,"max_hp_loss":5,"event_name":"Golden Idol","floor":4,"gold_loss":0},{"damage_healed":0,"gold_gain":0,"player_choice":"Grow","damage_taken":0,"max_hp_gain":0,"max_hp_loss":0,"event_name":"Living Wall","floor":7,"gold_loss":0,"cards_upgraded":["CutThroughFate"]},{"cards_removed":["FlurryOfBlows"],"damage_healed":0,"gold_gain":0,"player_choice":"Gave Card","damage_taken":0,"relics_obtained":["Question Card"],"max_hp_gain":0,"max_hp_loss":0,"event_name":"WeMeetAgain","floor":8,"gold_loss":0},{"damage_healed":0,"gold_gain":0,"player_choice":"Obtained Book","damage_taken":16,"max_hp_gain":0,"max_hp_loss":0,"event_name":"Cursed Tome","floor":29,"gold_loss":0},{"damage_healed":0,"gold_gain":100,"player_choice":"Pray","damage_taken":0,"max_hp_gain":0,"max_hp_loss":0,"event_name":"Golden Shrine","floor":38,"gold_loss":0}],"is_beta":false,"boss_relics":[{"not_picked":["SacredBark","Coffee Dripper"],"picked":"VioletLotus"},{"not_picked":["Fusion Hammer","Snecko Eye"],"picked":"Tiny House"}],"items_purged_floors":[5,37,44],"is_endless":false,"potions_floor_spawned":[2,13,14,16,18,20,21,28,36,39,41],"killed_by":"Time Eater","ascension_level":1}}