{"host":"yecadp3kwkksam5a","time":1609608770,"event":{"mods":["Arknights The Spire","BaseMod","Minty Spire (QoL Compilation)","StSLib","The Hierophant"],"gold_per_floor":[111,125,125,125,125,150,150,185,185,209,209,220,240,269,269,374,374,384,404,419,334,346,384,415,427,439,451,491,503,515,546,558,672,684,709,456,469,485,152,187,205,234,259,271,271,303,320,320,320,320,320,320,59,84,84],"floor_reached":56,"playtime":3368,"items_purged":["Dualcast","Sunder+1","Chill"],"score":2199,"play_id":"023243a6-67d1-42ad-8e93-47022ade71e3","local_time":"20210103023250","is_ascension_mode":true,"campfire_choices":[{"data":"Defend_B","floor":7.0,"key":"PURGE"},{"data":"Defend_B","floor":11.0,"key":"PURGE"},{"floor":15.0,"key":"RECALL"},{"data":"Coolheaded","floor":25.0,"key":"SMITH"},{"data":"Coolheaded","floor":27.0,"key":"SMITH"},{"data":"Fission","floor":29,"key":"SMITH"},{"data":"Ghostly","floor":32,"key":"SMITH"},{"data":"Parasite","floor":45,"key":"PURGE"},{"data":"Recycle","floor":49,"key":"SMITH"},{"data":"Ghostly","floor":52,"key":"SMITH"}],"circlet_count":0,"master_deck":["Echo Form+1","White Noise+1","Undo","Genetic Algorithm","Ball Lightning+1","Compile Driver+1","Turbo+1","Cold Snap","Go for the Eyes","Creative AI","Storm","Core Surge+1","Chaos+1","Reinforced Body","Ghostly+1","Ghostly+1","Ghostly+1","Ghostly+1","Ghostly+1","Fusion+1","Compile Driver+1","Glacier+1","Defragment+1","Multi-Cast","Stack+1","Coolheaded+1","Purity","Storm","Echo Form+1","Aggregate+1","Heatsinks+1","Biased Cognition+1","Loop+1","Coolheaded+1","Coolheaded+1","Fission+1","Capacitor+1","Coolheaded+1","Compile Driver+1","Coolheaded+1","Skim","Melter+1","Core Surge+1","Compile Driver+1","Turbo","Recycle+1","Thinking Ahead","Multi-Cast","Seek","Thunder Strike+1"],"relics":["Cracked Core","MawBank","Centennial Puzzle","Membership Card","Molten Egg 2","Inserter","Du-Vu Doll","Ornamental Fan","Prayer Wheel","Art of War","Sozu","Chemical X","Toy Ornithopter","Frozen Egg 2","Eternal Feather","Lantern","Torii","Peace Pipe","Boot","Matryoshka","Pen Nib","Blood Vial","Empty Cage","MawBank","Nilry\u0027s Codex","Tiny Chest","Bag of Marbles","Eternal Feather","Singing Bowl","Inserter","Orichalcum","Ancient Tea Set","OrangePellets","Chemical X","War Paint","Gambling Chip","Akabeko","Strawberry","Toy Ornithopter","Bottled Tornado","Whetstone","TungstenRod"],"acts_visited":["Exordium","TheCity","TheBeyond","TheEnding"],"potions_floor_usage":[],"damage_taken":[{"damage":0.0,"enemies":"2 Louse","floor":1.0,"turns":3.0},{"damage":1.0,"enemies":"Small Slimes","floor":2.0,"turns":2.0},{"damage":0.0,"enemies":"3 Sentries","floor":6.0,"turns":5.0},{"damage":0.0,"enemies":"Gremlin Nob","floor":8.0,"turns":4.0},{"damage":0.0,"enemies":"Cultist","floor":12.0,"turns":2.0},{"damage":9.0,"enemies":"Blue Slaver","floor":13.0,"turns":2.0},{"damage":1.0,"enemies":"3 Sentries","floor":14.0,"turns":3.0},{"damage":0.0,"enemies":"The Guardian","floor":16.0,"turns":4.0},{"damage":0.0,"enemies":"Chosen","floor":18.0,"turns":2.0},{"damage":0.0,"enemies":"2 Thieves","floor":19.0,"turns":1.0},{"damage":4.0,"enemies":"Snake Plant","floor":20.0,"turns":3.0},{"damage":1.0,"enemies":"Gremlin Leader","floor":23.0,"turns":4.0},{"damage":0.0,"enemies":"Snecko","floor":24.0,"turns":5.0},{"damage":11,"enemies":"Slavers","floor":28,"turns":6},{"damage":0,"enemies":"Shelled Parasite and Fungi","floor":31,"turns":4},{"damage":0,"enemies":"Champ","floor":33,"turns":5},{"damage":4,"enemies":"3 Darklings","floor":35,"turns":5},{"damage":1,"enemies":"Orb Walker","floor":37,"turns":5},{"damage":0,"enemies":"Sphere and 2 Shapes","floor":38,"turns":4},{"damage":0,"enemies":"Nemesis","floor":40,"turns":3},{"damage":0,"enemies":"Writhing Mass","floor":41,"turns":5},{"damage":0,"enemies":"Reptomancer","floor":42,"turns":5},{"damage":0,"enemies":"3 Darklings","floor":44,"turns":5},{"damage":0,"enemies":"Nemesis","floor":46,"turns":3},{"damage":0,"enemies":"Spire Growth","floor":47,"turns":1},{"damage":15,"enemies":"Time Eater","floor":50,"turns":7},{"damage":0,"enemies":"Shield and Spear","floor":54,"turns":3},{"damage":0,"enemies":"The Heart","floor":55,"turns":6}],"seed_played":"-6575574010640875661","potions_obtained":[],"is_trial":false,"path_per_floor":["M","M","?","?","?","E","R","E","T","T","R","M","M","E","R","B",null,"M","M","M","?","?","E","M","R","T","R","E","R","?","M","R","B",null,"M","$","M","M","$","E","M","E","T","M","R","E","M","?","R","B",null,"R","$","E","B",null],"character_chosen":"DEFECT","items_purchased":["Orichalcum","Ancient Tea Set","OrangePellets","Chemical X","War Paint","Recycle","Thinking Ahead","Bottled Tornado","Whetstone"],"campfire_rested":0,"item_purchase_floors":[36,36,36,39,39,39,39,53,53],"current_hp_per_floor":[46,45,45,45,50,50,51,51,51,51,51,51,42,41,51,51,51,51,51,47,47,31,32,34,51,51,51,42,53,53,57,57,57,57,55,55,60,64,64,65,69,71,78,82,79,79,83,79,79,64,75,79,79,79,79],"gold":84,"neow_bonus":"TEN_PERCENT_HP_BONUS","is_daily":false,"chose_seed":false,"campfire_upgraded":6,"win_rate":0.0,"timestamp":1609608770,"path_taken":["M","M","?","?","?","E","R","E","T","?","R","M","M","E","R","BOSS","M","?","M","?","?","E","M","R","T","R","E","R","?","M","R","BOSS","M","$","M","M","$","E","M","E","T","M","R","E","M","?","R","BOSS","R","$","E","BOSS"],"items_purchased_type":["Relic","Relic","Relic","Relic","Relic","Card","Card","Relic","Relic"],"build_version":"2020-12-22","purchased_purges":3,"victory":true,"max_hp_per_floor":[46,46,46,46,51,51,51,51,51,51,51,51,51,51,51,51,51,51,51,51,51,51,51,51,51,51,51,53,53,53,57,57,57,57,59,59,63,65,65,65,69,71,78,82,79,79,83,79,79,79,79,79,79,79,79],"card_choices":[{"not_picked":["Steam","Hologram","Rebound+1"],"picked":"SKIP","floor":1.0},{"not_picked":["Doom and Gloom+1","Redo","Conserve Battery"],"picked":"SKIP","floor":1.0},{"not_picked":["Barrage+1","Loop+1"],"picked":"Aggregate","floor":2.0},{"not_picked":["White Noise","Redo"],"picked":"Heatsinks+1","floor":2.0},{"not_picked":["Reinforced Body","Cold Snap+1"],"picked":"Biased Cognition+1","floor":6.0},{"not_picked":["Steam","Stack"],"picked":"Loop+1","floor":8.0},{"not_picked":["Streamline+1","Consume","Conserve Battery"],"picked":"SKIP","floor":12.0},{"not_picked":["Turbo","Conserve Battery","Beam Cell+1"],"picked":"SKIP","floor":12.0},{"not_picked":["Lockon+1","Leap"],"picked":"Coolheaded","floor":13.0},{"not_picked":["Recycle","Ball Lightning+1","Go for the Eyes+1"],"picked":"SKIP","floor":13.0},{"not_picked":["Barrage+1","Sweeping Beam+1"],"picked":"Coolheaded","floor":14.0},{"not_picked":["Amplify","Multi-Cast"],"picked":"Fission","floor":16.0},{"not_picked":["Turbo","Conserve Battery"],"picked":"Capacitor+1","floor":18.0},{"not_picked":["Cold Snap+1","Barrage+1"],"picked":"Coolheaded+1","floor":18.0},{"not_picked":["Leap","Conserve Battery"],"picked":"Compile Driver+1","floor":19.0},{"not_picked":["Rebound+1","Steam+1","Genetic Algorithm"],"picked":"SKIP","floor":19.0},{"not_picked":["BootSequence","Redo","Streamline+1"],"picked":"SKIP","floor":20.0},{"not_picked":["Hello World+1","Reinforced Body","Capacitor+1"],"picked":"SKIP","floor":20.0},{"not_picked":["Melter+1","Tempest"],"picked":"Coolheaded","floor":23.0},{"not_picked":["Double Energy","Rebound+1"],"picked":"Skim","floor":24.0},{"not_picked":["Cold Snap+1","Coolheaded","Rebound+1"],"picked":"SKIP","floor":24.0},{"not_picked":["Conserve Battery","Skim","Go for the Eyes+1"],"picked":"Singing Bowl","floor":28},{"not_picked":["Conserve Battery+1","Genetic Algorithm","Darkness+1"],"picked":"Singing Bowl","floor":31},{"not_picked":["Hologram","Go for the Eyes+1","Streamline+1"],"picked":"Singing Bowl","floor":31},{"not_picked":["Meteor Strike+1","Hyperbeam+1"],"picked":"Core Surge+1","floor":33},{"not_picked":["Steam+1","Turbo+1","Steam Power+1"],"picked":"Singing Bowl","floor":35},{"not_picked":["Streamline+1","Barrage+1"],"picked":"Compile Driver+1","floor":35},{"not_picked":["Stack+1","Reprogram","Go for the Eyes+1"],"picked":"Singing Bowl","floor":37},{"not_picked":["Darkness","Cold Snap+1","Blizzard+1"],"picked":"Singing Bowl","floor":37},{"not_picked":["Barrage+1","Lockon+1","Rebound+1"],"picked":"Singing Bowl","floor":38},{"not_picked":["Genetic Algorithm+1","Ball Lightning+1"],"picked":"Turbo","floor":38},{"not_picked":["Leap","Cold Snap+1"],"picked":"Multi-Cast","floor":40},{"not_picked":["Lockon+1","Beam Cell+1","Ball Lightning+1"],"picked":"Singing Bowl","floor":41},{"not_picked":["Tempest","Genetic Algorithm","Self Repair+1"],"picked":"Singing Bowl","floor":41},{"not_picked":["Capacitor+1","Conserve Battery","Compile Driver+1"],"picked":"Singing Bowl","floor":42},{"not_picked":["Recycle","Cold Snap+1","Redo"],"picked":"Singing Bowl","floor":44},{"not_picked":["Undo+1","Steam","Self Repair+1"],"picked":"Singing Bowl","floor":44},{"not_picked":["Leap+1","Glacier"],"picked":"Seek","floor":46},{"not_picked":["Go for the Eyes+1","Compile Driver+1","Aggregate"],"picked":"Singing Bowl","floor":47},{"not_picked":["Steam+1","Steam Power","Rip and Tear+1"],"picked":"Singing Bowl","floor":47},{"not_picked":["Stack","Doom and Gloom+1"],"picked":"Thunder Strike+1","floor":54}],"player_experience":336177,"relics_obtained":[{"floor":6.0,"key":"Peace Pipe"},{"floor":8.0,"key":"Boot"},{"floor":9.0,"key":"Matryoshka"},{"floor":10.0,"key":"Pen Nib"},{"floor":14.0,"key":"Blood Vial"},{"floor":22.0,"key":"Nilry\u0027s Codex"},{"floor":23.0,"key":"Tiny Chest"},{"floor":26.0,"key":"Bag of Marbles"},{"floor":26.0,"key":"Eternal Feather"},{"floor":28,"key":"Singing Bowl"},{"floor":40,"key":"Gambling Chip"},{"floor":42,"key":"Akabeko"},{"floor":43,"key":"Strawberry"},{"floor":46,"key":"Toy Ornithopter"},{"floor":54,"key":"TungstenRod"}],"event_choices":[{"damage_healed":0.0,"max_hp_gain":0.0,"max_hp_loss":0.0,"gold_gain":0.0,"event_name":"Liars Game","player_choice":"Ignored","floor":3.0,"gold_loss":0.0,"damage_taken":0.0},{"cards_removed":["Defend_B"],"damage_healed":0.0,"max_hp_gain":0.0,"max_hp_loss":0.0,"gold_gain":0.0,"event_name":"Living Wall","player_choice":"Forget","floor":4.0,"gold_loss":0.0,"damage_taken":0.0},{"damage_healed":0.0,"max_hp_gain":5.0,"max_hp_loss":0.0,"gold_gain":0.0,"event_name":"Big Fish","player_choice":"Donut","floor":5.0,"gold_loss":0.0,"damage_taken":0.0},{"damage_healed":0.0,"max_hp_gain":0.0,"max_hp_loss":0.0,"gold_gain":0.0,"event_name":"Addict","player_choice":"Obtained Relic","floor":21.0,"gold_loss":85.0,"damage_taken":0.0,"relics_obtained":["MawBank"]},{"damage_healed":0.0,"max_hp_gain":0.0,"max_hp_loss":0.0,"gold_gain":0.0,"event_name":"Cursed Tome","player_choice":"Obtained Book","floor":22.0,"gold_loss":0.0,"damage_taken":16.0},{"damage_healed":0,"gold_gain":0,"cards_transformed":["Barrage"],"player_choice":"Transformed","damage_taken":0,"max_hp_gain":0,"max_hp_loss":0,"event_name":"Transmorgrifier","floor":30,"gold_loss":0,"cards_obtained":["Melter"]},{"damage_healed":0,"gold_gain":0,"player_choice":"Max HP","damage_taken":0,"max_hp_gain":0,"max_hp_loss":4,"event_name":"Winding Halls","floor":48,"gold_loss":0}],"is_beta":false,"boss_relics":[{"not_picked":["Sozu","FrozenCore"],"picked":"Empty Cage"},{"not_picked":["Astrolabe","SacredBark"],"picked":"Inserter"}],"items_purged_floors":[36,39,53],"is_endless":false,"potions_floor_spawned":[2,12,13,16,19,23,28,31,37,42,47],"ascension_level":6}}