{"host":"wkcoec525dnrk4jw","time":1609585623,"event":{"mods":["BaseMod","Conspire","Minty Spire (QoL Compilation)","Quick Restart","Replay The Spire","Shop Mod","StSLib","TestMod","The Bug Knight","The Cursed","[IsaacMod]以撒尖塔"],"gold_per_floor":[114,3,18,33,33,63,63,93,93,136,136,156,197,49,49,184,184,216,216,66,466,487,487],"floor_reached":22,"playtime":1250,"items_purged":["BloodyBrimstone","Tools of the Trade"],"score":337,"play_id":"112d20c2-f011-41e2-ba03-107fbbf3ef1b","local_time":"20210102190703","daily_mods":["Shiny","ControlledChaos","Elite Swarm"],"is_ascension_mode":false,"campfire_choices":[{"floor":15.0,"key":"REST"}],"circlet_count":0,"master_deck":["ReplayTheSpireMod:Necrosis","Corpse Explosion","ReplayTheSpireMod:From All Sides","Adrenaline+1","Wraith Form v2","Venomology+1","Replay:Bag of Tricks","Malaise","Phantasmal Killer","Unload","Bullet Time","Grand Finale","Die Die Die","Atom Bomb","Envenom","Doppelganger","Burst","After Image","Poison Darts","A Thousand Cuts","Night Terror","Storm of Steel","Glass Knife","Masterful Stab","Infinite Blades","Dagger Spray","Blade Dance","Venomology","Die Die Die","Malaise","Deadly Poison","Adrenaline","Blade Dance","Adrenaline","Backstab"],"relics":["Ring of the Snake","Frozen Eye","HushsDoor","testmod-NegativeEmotionEnhancer","SatanicBible","GuppysPaw","Replay:Rubber Ducky","testmod-Acrobat","SalivaCoin","Bag of Marbles","testmod-Hope","conspire:SlowCooker","Guide Book"],"acts_visited":["Exordium","TheCity"],"potions_floor_usage":[],"damage_taken":[{"damage":8.0,"enemies":"conspire:RoseBush","floor":1.0,"turns":2.0},{"damage":3.0,"enemies":"Small Slimes","floor":3.0,"turns":2.0},{"damage":0.0,"enemies":"2 Louse","floor":4.0,"turns":1.0},{"damage":9.0,"enemies":"3 Sentries","floor":6.0,"turns":2.0},{"damage":0.0,"enemies":"Lagavulin","floor":8.0,"turns":2.0},{"damage":3.0,"enemies":"Gremlin Nob","floor":10.0,"turns":4.0},{"damage":0.0,"enemies":"Blue Slaver","floor":12.0,"turns":2.0},{"damage":9.0,"enemies":"3 Sentries","floor":13.0,"turns":2.0},{"damage":0.0,"enemies":"Fading Forest","floor":16.0,"turns":11.0},{"damage":6.0,"enemies":"Chosen","floor":18.0,"turns":3.0},{"damage":0.0,"enemies":"3 Byrds","floor":22.0,"turns":4.0}],"seed_played":"-2495295926900846280","potions_obtained":[{"floor":4.0,"key":"Poison Potion"},{"floor":10.0,"key":"LiquidMemories"},{"floor":18.0,"key":"Adrenaline Potion"},{"floor":22,"key":"FearPotion"}],"is_trial":false,"path_per_floor":["M","$","M","M","?","E","?","E","T","E","?","M","E","$","R","B",null,"M","?","$","?","M"],"character_chosen":"THE_SILENT","items_purchased":["Infinite Blades","Blade Dance","Guide Book"],"campfire_rested":1,"item_purchase_floors":[2,14,20],"current_hp_per_floor":[64,64,64,67,60,55,55,57,57,56,56,58,53,53,76,79,79,75,75,75,75,79,79],"gold":487,"neow_bonus":"","is_daily":true,"chose_seed":false,"campfire_upgraded":0,"win_rate":0.0,"timestamp":1609585623,"path_taken":["M","$","M","?","?","E","?","E","T","E","?","M","E","$","R","BOSS","M","?","$","?","M"],"items_purchased_type":["Card","Card","Relic"],"build_version":"2020-12-22","purchased_purges":2,"victory":false,"max_hp_per_floor":[71,71,72,73,73,74,74,75,75,76,76,77,78,78,78,79,79,80,80,80,80,81,81],"card_choices":[{"not_picked":[],"picked":"BloodyBrimstone","floor":0.0},{"not_picked":["Draining Mist","Sucker Punch"],"picked":"Masterful Stab","floor":1.0},{"not_picked":["Blur","Bane"],"picked":"Dagger Spray","floor":3.0},{"not_picked":["Sucker Punch","All Out Attack"],"picked":"Blade Dance","floor":4.0},{"not_picked":["Replay:Bag of Tricks","A Thousand Cuts"],"picked":"Venomology","floor":6.0},{"not_picked":["A Thousand Cuts","Tools of the Trade"],"picked":"Die Die Die","floor":8.0},{"not_picked":["A Thousand Cuts","Night Terror"],"picked":"Malaise","floor":10.0},{"not_picked":["Concentrate","Deflect"],"picked":"Deadly Poison","floor":12.0},{"not_picked":["Replay:Bag of Tricks","ReplayTheSpireMod:Necrosis"],"picked":"Adrenaline","floor":13.0},{"not_picked":["Doppelganger","ReplayTheSpireMod:Necrosis"],"picked":"Adrenaline","floor":16.0},{"not_picked":["Dodge and Roll","Dash"],"picked":"Backstab","floor":18.0}],"player_experience":188711,"relics_obtained":[{"floor":6.0,"key":"Replay:Rubber Ducky"},{"floor":8.0,"key":"testmod-Acrobat"},{"floor":9.0,"key":"SalivaCoin"},{"floor":10.0,"key":"Bag of Marbles"},{"floor":13.0,"key":"testmod-Hope"}],"event_choices":[{"damage_healed":0.0,"max_hp_gain":0.0,"max_hp_loss":0.0,"gold_gain":0.0,"event_name":"Scrap Ooze","player_choice":"Success","floor":5.0,"gold_loss":0.0,"damage_taken":7.0,"relics_obtained":["GuppysPaw"]},{"damage_healed":0.0,"max_hp_gain":0.0,"max_hp_loss":0.0,"gold_gain":0.0,"event_name":"The Cleric","player_choice":"Leave","floor":7.0,"gold_loss":0.0,"damage_taken":0.0},{"damage_healed":0.0,"max_hp_gain":0.0,"max_hp_loss":0.0,"gold_gain":0.0,"event_name":"Beggar","player_choice":"Ignored","floor":19.0,"gold_loss":0.0,"damage_taken":0.0},{"damage_healed":0.0,"max_hp_gain":0.0,"max_hp_loss":0.0,"gold_gain":400.0,"event_name":"恩洛斯的盘子","player_choice":"Sell","floor":21.0,"relics_lost":["testmod-TestBox"],"gold_loss":0.0,"damage_taken":0.0}],"is_beta":false,"boss_relics":[{"not_picked":["Ectoplasm","testmod-DreamHouse"],"picked":"conspire:SlowCooker"},{"not_picked":[]}],"items_purged_floors":[2,14],"is_endless":false,"potions_floor_spawned":[4,6,10,16,18,22],"killed_by":"3 Byrds","ascension_level":0}}