{"host":"2se5dq1do2gp0x9k","time":1609549769,"event":{"mods":["AchievementEnabler","BaseMod","Block Reminder","Colored Map","Colored Powertips","Minty Spire (QoL Compilation)","Relic Stats","StSLib","SuperFastMode"],"gold_per_floor":[110,121,0,0,12,12,47,47,47,61,122,153,164,193,193,298,298,316,415,415,432,54,54,87,106,106,21,33,45,69,110,122,236,248,271,335,358,384,396,422,491,503,515,377,415,427,459,471,483,495,507,519,21,46,46,46],"floor_reached":55,"playtime":2839,"items_purged":["Defend_P"],"score":1016,"play_id":"cce5e0dd-bd69-4e55-ba6e-57a344c27008","local_time":"20210101170929","is_ascension_mode":true,"campfire_choices":[{"data":"Fasting2","floor":6.0,"key":"SMITH"},{"data":"Eruption","floor":8.0,"key":"SMITH"},{"data":"TalkToTheHand","floor":15.0,"key":"SMITH"},{"data":"Apotheosis","floor":23.0,"key":"SMITH"},{"floor":28.0,"key":"RECALL"},{"data":"DeusExMachina","floor":32.0,"key":"SMITH"},{"data":"ConjureBlade","floor":46.0,"key":"SMITH"},{"floor":49.0,"key":"REST"},{"data":"Scrawl","floor":52.0,"key":"SMITH"}],"circlet_count":0,"master_deck":["Strike_P","Strike_P","Defend_P","Defend_P","Eruption+1","Vigilance","JustLucky","CutThroughFate","JustLucky","Crescendo","ClearTheMind","WheelKick","Fasting2+1","FlurryOfBlows","FollowUp","TalkToTheHand+1","Tantrum","Indignation","CutThroughFate","DeusExMachina+1","Halt","InnerPeace","DevaForm","Apotheosis+1","Scrawl+1","Collect+1","Ghostly","Ghostly","Ghostly","Ghostly","Ghostly","CrushJoints","Evaluate","ConjureBlade+1","DeceiveReality+1","MentalFortress+1","CutThroughFate+1","Wish","CutThroughFate+1","Swivel+1","Evaluate+1","Finesse","Blind","PanicButton","Discovery","Thinking Ahead","TalkToTheHand+1"],"relics":["HolyWater","NeowsBlessing","Bird Faced Urn","Question Card","Mango","Meat on the Bone","Bottled Flame","Bottled Tornado","Bottled Lightning","MawBank","Darkstone Periapt","VioletLotus","Torii","Akabeko","Juzu Bracelet","Du-Vu Doll","Pear","Gremlin Horn"],"acts_visited":["Exordium","TheCity","TheBeyond","TheEnding"],"potions_floor_usage":[],"damage_taken":[{"damage":0.0,"enemies":"Jaw Worm","floor":1.0,"turns":1.0},{"damage":0.0,"enemies":"Cultist","floor":2.0,"turns":1.0},{"damage":0.0,"enemies":"2 Louse","floor":5.0,"turns":1.0},{"damage":24.0,"enemies":"Lagavulin","floor":7.0,"turns":7.0},{"damage":3.0,"enemies":"Large Slime","floor":10.0,"turns":4.0},{"damage":2.0,"enemies":"Gremlin Nob","floor":11.0,"turns":3.0},{"damage":12.0,"enemies":"Gremlin Nob","floor":12.0,"turns":3.0},{"damage":5.0,"enemies":"Gremlin Gang","floor":13.0,"turns":3.0},{"damage":0.0,"enemies":"Lagavulin","floor":14.0,"turns":4.0},{"damage":45.0,"enemies":"The Guardian","floor":16.0,"turns":11.0},{"damage":0.0,"enemies":"3 Byrds","floor":18.0,"turns":3.0},{"damage":1.0,"enemies":"Spheric Guardian","floor":21.0,"turns":3.0},{"damage":16.0,"enemies":"Book of Stabbing","floor":24.0,"turns":5.0},{"damage":0.0,"enemies":"3 Cultists","floor":25.0,"turns":3.0},{"damage":2.0,"enemies":"Sentry and Sphere","floor":30.0,"turns":4.0},{"damage":0.0,"enemies":"Slavers","floor":31.0,"turns":3.0},{"damage":12.0,"enemies":"Champ","floor":33.0,"turns":7.0},{"damage":12.0,"enemies":"3 Shapes","floor":35.0,"turns":7.0},{"damage":3.0,"enemies":"2 Orb Walkers","floor":36.0,"turns":3.0},{"damage":10.0,"enemies":"3 Darklings","floor":37.0,"turns":4.0},{"damage":0.0,"enemies":"Maw","floor":38.0,"turns":5.0},{"damage":0.0,"enemies":"Spire Growth","floor":40.0,"turns":5.0},{"damage":0.0,"enemies":"Nemesis","floor":41.0,"turns":3.0},{"damage":2.0,"enemies":"Reptomancer","floor":45.0,"turns":4.0},{"damage":22.0,"enemies":"4 Shapes","floor":47.0,"turns":5.0},{"damage":2.0,"enemies":"Time Eater","floor":50.0,"turns":9.0},{"damage":33,"enemies":"Shield and Spear","floor":54,"turns":5},{"damage":42,"enemies":"The Heart","floor":55,"turns":9}],"seed_played":"-6838475787477178917","potions_obtained":[{"floor":1.0,"key":"SkillPotion"},{"floor":5.0,"key":"AttackPotion"},{"floor":7.0,"key":"SteroidPotion"},{"floor":13.0,"key":"Dexterity Potion"},{"floor":18.0,"key":"ColorlessPotion"},{"floor":25.0,"key":"StancePotion"},{"floor":31.0,"key":"Dexterity Potion"},{"floor":36.0,"key":"GamblersBrew"},{"floor":38.0,"key":"LiquidMemories"},{"floor":41.0,"key":"LiquidMemories"}],"is_trial":false,"path_per_floor":["M","M","$","?","M","R","E","R","T","M","?","E","M","E","R","B",null,"M","?","?","M","$","R","E","M","T","?","R","?","M","E","R","B",null,"M","?","M","M","?","M","E","?","T","?","E","R","M","?","R","B",null,"R","$","E","B"],"character_chosen":"WATCHER","items_purchased":["JustLucky","Crescendo","ClearTheMind","DevaForm","Apotheosis","Discovery","Thinking Ahead","Pear"],"campfire_rested":1,"item_purchase_floors":[3,3,3,22,22,53,53,53],"current_hp_per_floor":[72,72,72,72,72,72,48,48,48,47,61,49,44,46,46,15,86,86,86,86,86,86,86,70,74,74,74,74,43,41,43,43,33,43,33,34,30,34,34,40,43,43,43,43,43,43,33,23,35,39,43,43,53,34,0,0],"gold":46,"neow_bonus":"THREE_ENEMY_KILL","is_daily":false,"chose_seed":false,"campfire_upgraded":7,"win_rate":0.0,"timestamp":1609549769,"path_taken":["M","M","$","?","M","R","E","R","T","?","?","E","M","E","R","BOSS","M","?","?","M","$","R","E","?","T","?","R","?","M","E","R","BOSS","M","?","M","M","?","?","E","?","T","?","E","R","M","?","R","BOSS","R","$","E","BOSS"],"items_purchased_type":["Card","Card","Card","Card","Card","Card","Card","Relic"],"build_version":"2020-12-22","purchased_purges":1,"victory":false,"max_hp_per_floor":[72,72,72,72,72,72,72,72,72,72,86,86,86,86,86,86,86,86,86,86,86,86,86,86,86,86,86,86,43,43,43,43,43,43,43,43,43,43,43,43,43,43,43,43,43,43,43,43,43,43,43,43,53,53,53,53],"relic_stats":{"Darkstone Periapt":0,"Torii":14,"Gremlin Horn":[0,0],"counters":[28,125],"Bird Faced Urn":[58],"VioletLotus":[14],"Juzu Bracelet":1,"Question Card":25,"MawBank":312,"obtain_stats":[{"Darkstone Periapt":31,"Pear":53,"NeowsBlessing":0,"Torii":36,"Gremlin Horn":54,"Mango":11,"Juzu Bracelet":44,"Bottled Tornado":24,"Question Card":9,"MawBank":27,"Akabeko":41,"Du-Vu Doll":45,"Bottled Flame":14,"Bird Faced Urn":7,"HolyWater":17,"VioletLotus":34,"Bottled Lightning":26,"PureWater":0,"Meat on the Bone":12},{"Darkstone Periapt":16,"Pear":26,"NeowsBlessing":0,"Torii":19,"Gremlin Horn":27,"Mango":6,"Juzu Bracelet":23,"Bottled Tornado":13,"Question Card":4,"MawBank":14,"Akabeko":23,"Du-Vu Doll":24,"Bottled Flame":9,"Bird Faced Urn":4,"HolyWater":10,"VioletLotus":17,"Bottled Lightning":14,"PureWater":0,"Meat on the Bone":7},{"Darkstone Periapt":59,"Pear":111,"NeowsBlessing":0,"Torii":76,"Gremlin Horn":116,"Mango":17,"Juzu Bracelet":93,"Bottled Tornado":49,"Question Card":10,"MawBank":52,"Akabeko":93,"Du-Vu Doll":97,"Bottled Flame":27,"Bird Faced Urn":10,"HolyWater":38,"VioletLotus":66,"Bottled Lightning":52,"PureWater":0,"Meat on the Bone":20}],"Meat on the Bone":36},"card_choices":[{"not_picked":["WreathOfFlame","Conclude"],"picked":"JustLucky","floor":1.0},{"not_picked":["Halt","MentalFortress"],"picked":"CutThroughFate","floor":2.0},{"not_picked":["BowlingBash","Swivel"],"picked":"Fasting2","floor":5.0},{"not_picked":["EmptyFist","Protect"],"picked":"FlurryOfBlows","floor":7.0},{"not_picked":["Fasting2","SashWhip","Conclude"],"picked":"FollowUp","floor":10.0},{"not_picked":["ThirdEye","SandsOfTime","ClearTheMind"],"picked":"TalkToTheHand","floor":11.0},{"not_picked":["CutThroughFate","FlyingSleeves","Consecrate"],"picked":"Tantrum","floor":12.0},{"not_picked":["Prostrate","Protect","Establishment"],"picked":"Indignation","floor":13.0},{"not_picked":["FlyingSleeves","Worship","Perseverance"],"picked":"CutThroughFate","floor":14.0},{"not_picked":["LessonLearned","Establishment","Vault"],"picked":"DeusExMachina","floor":16.0},{"not_picked":["CrushJoints","FlyingSleeves+1","CutThroughFate"],"picked":"Halt","floor":18.0},{"not_picked":["EmptyFist","Protect","CrushJoints"],"picked":"InnerPeace","floor":21.0},{"not_picked":["Crescendo","Establishment","Swivel"],"picked":"Scrawl","floor":24.0},{"not_picked":["Prostrate+1","FlurryOfBlows","CutThroughFate"],"picked":"Collect+1","floor":25.0},{"not_picked":["EmptyBody+1","Alpha","ForeignInfluence"],"picked":"CrushJoints","floor":30.0},{"not_picked":["PathToVictory","FollowUp","SashWhip"],"picked":"Evaluate","floor":31.0},{"not_picked":["SpiritShield","MasterReality","Devotion"],"picked":"ConjureBlade","floor":33.0},{"not_picked":["Evaluate","PathToVictory+1","FearNoEvil"],"picked":"DeceiveReality+1","floor":35.0},{"not_picked":["Consecrate","EmptyFist","JustLucky"],"picked":"MentalFortress+1","floor":36.0},{"not_picked":["Indignation","BattleHymn+1","FollowUp","JustLucky+1"],"picked":"SKIP","floor":37.0},{"not_picked":["Meditate","Conclude+1","FlurryOfBlows+1"],"picked":"CutThroughFate+1","floor":38.0},{"not_picked":["Conclude","Tantrum+1","BowlingBash"],"picked":"Wish","floor":40.0},{"not_picked":["EmptyBody+1","JustLucky+1","Wish"],"picked":"CutThroughFate+1","floor":41.0},{"not_picked":["FollowUp","Vengeance","EmptyFist"],"picked":"Swivel+1","floor":45.0},{"not_picked":["EmptyBody","BattleHymn+1","Vengeance"],"picked":"Evaluate+1","floor":47.0},{"not_picked":["Apotheosis","Impatience","Enlightenment"],"picked":"Finesse","floor":48.0},{"not_picked":["Magnetism","Master of Strategy","Good Instincts"],"picked":"Blind","floor":48.0},{"not_picked":["Dramatic Entrance","Blind","Master of Strategy"],"picked":"PanicButton","floor":48.0},{"not_picked":["ClearTheMind+1","Meditate","FollowUp"],"picked":"TalkToTheHand+1","floor":54}],"player_experience":3700478,"relics_obtained":[{"floor":7.0,"key":"Bird Faced Urn"},{"floor":9.0,"key":"Question Card"},{"floor":11.0,"key":"Mango"},{"floor":12.0,"key":"Meat on the Bone"},{"floor":14.0,"key":"Bottled Flame"},{"floor":24.0,"key":"Bottled Tornado"},{"floor":26.0,"key":"Bottled Lightning"},{"floor":31.0,"key":"Darkstone Periapt"},{"floor":36.0,"key":"Torii"},{"floor":41.0,"key":"Akabeko"},{"floor":45.0,"key":"Du-Vu Doll"},{"floor":54,"key":"Gremlin Horn"}],"event_choices":[{"damage_healed":0.0,"max_hp_gain":0.0,"max_hp_loss":0.0,"gold_gain":0.0,"cards_transformed":["Strike_P"],"event_name":"Transmorgrifier","player_choice":"Transformed","floor":4.0,"gold_loss":0.0,"damage_taken":0.0,"cards_obtained":["WheelKick"]},{"damage_healed":0.0,"max_hp_gain":0.0,"max_hp_loss":0.0,"gold_gain":30.0,"event_name":"Dead Adventurer","player_choice":"Searched \u00272\u0027 times","floor":11.0,"gold_loss":0.0,"damage_taken":0.0},{"damage_healed":0.0,"max_hp_gain":0.0,"max_hp_loss":0.0,"gold_gain":99.0,"event_name":"Nest","player_choice":"Stole From Cult","floor":19.0,"gold_loss":0.0,"damage_taken":0.0},{"cards_removed":["Strike_P"],"damage_healed":0.0,"max_hp_gain":0.0,"max_hp_loss":0.0,"gold_gain":0.0,"event_name":"Bonfire Elementals","player_choice":"Offered Basic","floor":20.0,"gold_loss":0.0,"damage_taken":0.0},{"damage_healed":0.0,"max_hp_gain":0.0,"max_hp_loss":0.0,"gold_gain":0.0,"event_name":"Addict","player_choice":"Obtained Relic","floor":27.0,"gold_loss":85.0,"damage_taken":0.0,"relics_obtained":["MawBank"]},{"damage_healed":0.0,"max_hp_gain":0.0,"max_hp_loss":43.0,"gold_gain":0.0,"event_name":"Ghosts","player_choice":"Became a Ghost","floor":29.0,"gold_loss":0.0,"damage_taken":0.0,"cards_obtained":["Ghostly","Ghostly","Ghostly","Ghostly","Ghostly"]},{"damage_healed":0.0,"max_hp_gain":0.0,"max_hp_loss":0.0,"gold_gain":0.0,"event_name":"Mysterious Sphere","player_choice":"Fight","floor":36.0,"gold_loss":0.0,"damage_taken":0.0},{"cards_removed":["Defend_P"],"damage_healed":0.0,"max_hp_gain":0.0,"max_hp_loss":0.0,"gold_gain":0.0,"event_name":"Purifier","player_choice":"Purged","floor":39.0,"gold_loss":0.0,"damage_taken":0.0},{"damage_healed":0.0,"max_hp_gain":0.0,"max_hp_loss":0.0,"gold_gain":0.0,"event_name":"Tomb of Lord Red Mask","player_choice":"Ignored","floor":42.0,"gold_loss":0.0,"damage_taken":0.0},{"damage_healed":0.0,"max_hp_gain":0.0,"max_hp_loss":0.0,"gold_gain":0.0,"event_name":"WeMeetAgain","player_choice":"Paid Gold","floor":44.0,"gold_loss":150.0,"damage_taken":0.0,"relics_obtained":["Juzu Bracelet"]},{"damage_healed":0.0,"max_hp_gain":0.0,"max_hp_loss":0.0,"gold_gain":0.0,"event_name":"SensoryStone","player_choice":"Memory 3","floor":48.0,"gold_loss":0.0,"damage_taken":10.0}],"is_beta":false,"boss_relics":[{"not_picked":["Philosopher\u0027s Stone","Coffee Dripper"],"picked":"HolyWater"},{"not_picked":["Astrolabe","Runic Dome"],"picked":"VioletLotus"}],"items_purged_floors":[22],"is_endless":false,"potions_floor_spawned":[1,5,7,12,13,18,25,30,31,36,38,40,41],"killed_by":"The Heart","ascension_level":2}}