{"host":"g01l53quoe6lrer0","time":1609609592,"event":{"mods":["2.2 Compatiblity","AchievementEnabler","BaseMod","Colored Map","Highlight Path","Keyboard Shortcuts","Minty Spire (QoL Compilation)","Permanent Neow","Quick Restart","StSLib","SuperFastMode","everything is the same but u backflip on backflip"],"gold_per_floor":[365,98,113,26,45,45,74,93,172,183,183,183,183,208,208,305,305,315,315,333,333,350,384,384,415,415,178,194,22,22,39,39,138,138,151,151,45,45,62,62,79,79,102,126,143,163,163,0,0,0],"floor_reached":51,"playtime":2210,"items_purged":["Strike_G","Strike_G","Strike_G","Strike_G","Slice"],"score":815,"play_id":"eaa10fd8-5bca-4a2a-8db6-78630244adfc","local_time":"20210103024632","is_ascension_mode":true,"campfire_choices":[{"data":"Caltrops","floor":6.0,"key":"SMITH"},{"floor":13.0,"key":"REST"},{"data":"Neutralize","floor":15.0,"key":"SMITH"},{"floor":24.0,"key":"REST"},{"floor":30.0,"key":"REST"},{"floor":32.0,"key":"REST"},{"data":"Footwork","floor":40.0,"key":"SMITH"},{"floor":42.0,"key":"REST"},{"floor":49.0,"key":"REST"}],"circlet_count":0,"master_deck":["Strike_G+1","Defend_G","Defend_G","Defend_G","Defend_G","Survivor","Neutralize+1","Caltrops+1","Flying Knee","Acrobatics","Outmaneuver","Backflip","All Out Attack+1","Prepared","Dagger Throw+1","Eviscerate","Footwork","Unload","Tactician","Adrenaline","Tactician","Madness","Madness","Footwork+1","PiercingWail","Underhanded Strike+1","Parasite","Purity"],"relics":["Ring of the Snake","Membership Card","Bronze Scales","Thread and Needle","Matryoshka","Boot","Tingsha","Juzu Bracelet","Runic Pyramid","Singing Bowl","StoneCalendar","Ninja Scroll","Whetstone","Anchor","Sozu","Centennial Puzzle","Strawberry","Smiling Mask","Red Mask"],"acts_visited":["Exordium","TheCity","TheBeyond"],"potions_floor_usage":[50],"damage_taken":[{"damage":2.0,"enemies":"Jaw Worm","floor":1.0,"turns":4.0},{"damage":4.0,"enemies":"Small Slimes","floor":3.0,"turns":3.0},{"damage":0.0,"enemies":"Cultist","floor":5.0,"turns":5.0},{"damage":10.0,"enemies":"Lagavulin","floor":7.0,"turns":10.0},{"damage":0.0,"enemies":"Blue Slaver","floor":8.0,"turns":4.0},{"damage":18.0,"enemies":"Exordium Wildlife","floor":10.0,"turns":5.0},{"damage":10.0,"enemies":"Gremlin Nob","floor":14.0,"turns":3.0},{"damage":0.0,"enemies":"Hexaghost","floor":16.0,"turns":8.0},{"damage":0.0,"enemies":"Shell Parasite","floor":18.0,"turns":6.0},{"damage":2.0,"enemies":"3 Byrds","floor":20.0,"turns":3.0},{"damage":12.0,"enemies":"Centurion and Healer","floor":22.0,"turns":7.0},{"damage":23.0,"enemies":"Gremlin Leader","floor":23.0,"turns":8.0},{"damage":31.0,"enemies":"Slavers","floor":25.0,"turns":5.0},{"damage":1.0,"enemies":"Shelled Parasite and Fungi","floor":28.0,"turns":4.0},{"damage":0.0,"enemies":"Snake Plant","floor":31.0,"turns":4.0},{"damage":18.0,"enemies":"Champ","floor":33.0,"turns":11.0},{"damage":0.0,"enemies":"Orb Walker","floor":35.0,"turns":2.0},{"damage":13.0,"enemies":"3 Darklings","floor":39.0,"turns":4.0},{"damage":19.0,"enemies":"Spire Growth","floor":41.0,"turns":5.0},{"damage":8.0,"enemies":"Maw","floor":45.0,"turns":7.0},{"damage":0.0,"enemies":"Writhing Mass","floor":46.0,"turns":4.0},{"damage":36,"enemies":"Awakened One","floor":50,"turns":17}],"seed_played":"-2650624183748191961","potions_obtained":[{"floor":1.0,"key":"SneckoOil"},{"floor":7.0,"key":"DuplicationPotion"},{"floor":8.0,"key":"PowerPotion"},{"floor":16.0,"key":"Strength Potion"},{"floor":18.0,"key":"GamblersBrew"},{"floor":23.0,"key":"LiquidMemories"},{"floor":28.0,"key":"SpeedPotion"}],"is_trial":false,"path_per_floor":["M","$","M","$","M","R","E","M","T","M","?","?","R","E","R","B",null,"M","?","M","?","M","E","R","E","T","$","M","$","R","M","R","B",null,"M","?","$","?","M","R","M","R","T","T","M","M","?","?","R","B",null],"character_chosen":"THE_SILENT","items_purchased":["Membership Card","Bronze Scales","Leg Sweep","Footwork","Whetstone","Unload","Explosive Potion","Anchor","Footwork"],"campfire_rested":6,"item_purchase_floors":[2,2,4,27,27,27,29,29,37],"current_hp_per_floor":[61,61,57,57,57,57,47,47,47,29,26,26,44,34,34,34,63,63,63,61,61,49,26,44,13,13,13,12,12,30,32,51,33,65,65,57,57,57,46,46,27,47,54,54,46,48,48,48,70,34],"gold":0,"neow_bonus":"TWO_FIFTY_GOLD","is_daily":false,"chose_seed":false,"campfire_upgraded":3,"win_rate":0.0,"timestamp":1609609592,"path_taken":["M","$","M","$","M","R","E","M","T","M","?","?","R","E","R","BOSS","M","?","M","?","M","E","R","E","T","$","M","$","R","M","R","BOSS","M","?","$","?","M","R","M","R","T","?","M","M","?","?","R","BOSS"],"items_purchased_type":["Relic","Relic","Card","Card","Relic","Card","Potion","Relic","Card"],"build_version":"2020-12-22","purchased_purges":5,"victory":true,"max_hp_per_floor":[63,63,63,63,63,63,63,63,63,63,63,63,63,63,63,63,63,63,63,63,63,63,63,63,63,63,63,63,63,63,65,65,65,65,65,65,65,65,67,67,67,67,74,74,74,76,76,76,76,76],"card_choices":[{"not_picked":["Distraction","Deflect"],"picked":"Slice","floor":1.0},{"not_picked":["Bane","Backstab"],"picked":"Caltrops","floor":3.0},{"not_picked":["All Out Attack","Poisoned Stab"],"picked":"Flying Knee","floor":5.0},{"not_picked":["Slice","Deadly Poison"],"picked":"Acrobatics","floor":7.0},{"not_picked":["Leg Sweep","Reflex","Heel Hook"],"picked":"SKIP","floor":8.0},{"not_picked":["Dagger Spray","Finisher"],"picked":"Outmaneuver","floor":10.0},{"not_picked":["Deflect","Bane"],"picked":"Backflip","floor":14.0},{"not_picked":["Deflect","Poisoned Stab"],"picked":"All Out Attack","floor":18.0},{"not_picked":["Eviscerate+1","Dodge and Roll"],"picked":"Prepared","floor":20.0},{"not_picked":["Expertise+1","Poisoned Stab","Sucker Punch"],"picked":"SKIP","floor":22.0},{"not_picked":["PiercingWail","Blade Dance"],"picked":"Dagger Throw+1","floor":23.0},{"not_picked":["Deflect","Endless Agony+1"],"picked":"Eviscerate","floor":25.0},{"not_picked":["Slice+1","Blade Dance"],"picked":"Tactician","floor":28.0},{"not_picked":["Flying Knee+1","Doppelganger","Dagger Throw"],"picked":"Singing Bowl","floor":31.0},{"not_picked":["Die Die Die","Glass Knife"],"picked":"Adrenaline","floor":33.0},{"not_picked":["Sucker Punch","Poisoned Stab"],"picked":"Tactician","floor":35.0},{"not_picked":["Distraction+1","Poisoned Stab","Dash"],"picked":"Singing Bowl","floor":39.0},{"not_picked":["Outmaneuver+1","All Out Attack+1"],"picked":"PiercingWail","floor":41.0},{"not_picked":["All Out Attack","Backflip"],"picked":"Underhanded Strike+1","floor":45.0},{"not_picked":["Quick Slash","Deadly Poison+1","Bouncing Flask"],"picked":"Singing Bowl","floor":46.0},{"not_picked":["Master of Strategy","Forethought"],"picked":"Purity","floor":47.0}],"player_experience":34419,"relics_obtained":[{"floor":7.0,"key":"Thread and Needle"},{"floor":9.0,"key":"Matryoshka"},{"floor":14.0,"key":"Juzu Bracelet"},{"floor":23.0,"key":"Singing Bowl"},{"floor":25.0,"key":"StoneCalendar"},{"floor":26.0,"key":"Ninja Scroll"},{"floor":43.0,"key":"Centennial Puzzle"},{"floor":43.0,"key":"Strawberry"},{"floor":44.0,"key":"Smiling Mask"}],"event_choices":[{"damage_healed":0.0,"max_hp_gain":0.0,"max_hp_loss":0.0,"gold_gain":0.0,"event_name":"Scrap Ooze","player_choice":"Success","floor":11.0,"gold_loss":0.0,"damage_taken":3.0,"relics_obtained":["Boot"]},{"cards_removed":["Leg Sweep"],"damage_healed":0.0,"max_hp_gain":0.0,"max_hp_loss":0.0,"gold_gain":0.0,"event_name":"WeMeetAgain","player_choice":"Gave Card","floor":12.0,"gold_loss":0.0,"damage_taken":0.0,"relics_obtained":["Tingsha"]},{"damage_healed":0.0,"max_hp_gain":0.0,"max_hp_loss":0.0,"gold_gain":0.0,"event_name":"Vampires","player_choice":"Ignored","floor":19.0,"gold_loss":0.0,"damage_taken":0.0},{"damage_healed":0.0,"max_hp_gain":0.0,"max_hp_loss":0.0,"gold_gain":0.0,"event_name":"Ghosts","player_choice":"Ignored","floor":21.0,"gold_loss":0.0,"damage_taken":0.0},{"damage_healed":0.0,"max_hp_gain":0.0,"max_hp_loss":0.0,"gold_gain":0.0,"event_name":"Winding Halls","player_choice":"Embrace Madness","floor":36.0,"gold_loss":0.0,"damage_taken":8.0,"cards_obtained":["Madness","Madness"]},{"cards_removed":["Defend_G"],"damage_healed":0.0,"max_hp_gain":0.0,"max_hp_loss":0.0,"gold_gain":0.0,"event_name":"Falling","player_choice":"Removed Skill","floor":38.0,"gold_loss":0.0,"damage_taken":0.0},{"damage_healed":0.0,"max_hp_gain":0.0,"max_hp_loss":0.0,"gold_gain":0.0,"event_name":"SensoryStone","player_choice":"Memory 1","floor":47.0,"gold_loss":0.0,"damage_taken":0.0},{"damage_healed":0.0,"max_hp_gain":0.0,"max_hp_loss":0.0,"gold_gain":0.0,"event_name":"Tomb of Lord Red Mask","player_choice":"Paid","floor":48.0,"gold_loss":163.0,"damage_taken":0.0,"relics_obtained":["Red Mask"]}],"is_beta":false,"boss_relics":[{"not_picked":["Empty Cage","Calling Bell"],"picked":"Runic Pyramid"},{"not_picked":["Runic Dome","Cursed Key"],"picked":"Sozu"}],"items_purged_floors":[2,4,27,29,37],"is_endless":false,"potions_floor_spawned":[1,7,8,16,18,23,28,35,39],"ascension_level":2}}