{"host":"b7j598ve05halrwk","time":1609567889,"event":{"mods":["2.2 Compatiblity","BaseMod","Block Reminder","DeckTracker","Minty Spire (QoL Compilation)","Relic Stats","Slay the Relics Exporter","StSLib","ojb\u0027s Info Mod"],"gold_per_floor":[167,178,178,13,30,30,59,89,89,89,64,79,4,32,32,32,32],"floor_reached":16,"playtime":631,"items_purged":["Strike_B"],"score":216,"play_id":"f51d5ddd-47cf-4e5e-bb82-5d25523c6248","local_time":"20210102011129","is_ascension_mode":true,"campfire_choices":[{"data":"Doom and Gloom","floor":6.0,"key":"SMITH"},{"floor":15,"key":"REST"}],"circlet_count":0,"master_deck":["AscendersBane","Strike_B","Strike_B","Strike_B","Defend_B+1","Defend_B","Defend_B","Defend_B","Zap","Dualcast","Sweeping Beam","Sweeping Beam","Hello World","Doom and Gloom+1","Defragment","Static Discharge","Buffer","Go for the Eyes","Steam","Hologram","Machine Learning"],"relics":["Tiny House","Ornamental Fan","Toy Ornithopter","Odd Mushroom","Centennial Puzzle","Oddly Smooth Stone"],"acts_visited":["Exordium"],"potions_floor_usage":[14],"damage_taken":[{"damage":2.0,"enemies":"Jaw Worm","floor":1.0,"turns":4.0},{"damage":0.0,"enemies":"Small Slimes","floor":2.0,"turns":2.0},{"damage":4.0,"enemies":"Cultist","floor":5.0,"turns":4.0},{"damage":22.0,"enemies":"3 Sentries","floor":7.0,"turns":4.0},{"damage":17.0,"enemies":"The Mushroom Lair","floor":8.0,"turns":3.0},{"damage":6.0,"enemies":"Exordium Thugs","floor":12.0,"turns":3.0},{"damage":24,"enemies":"Gremlin Nob","floor":14,"turns":5},{"damage":0,"enemies":"Slime Boss","floor":16,"turns":1}],"seed_played":"7271725605847248676","potions_obtained":[{"floor":0.0,"key":"Fire Potion"},{"floor":5.0,"key":"Fruit Juice"},{"floor":8.0,"key":"SteroidPotion"},{"floor":10.0,"key":"EntropicBrew"},{"floor":10.0,"key":"Fire Potion"},{"floor":12.0,"key":"Explosive Potion"},{"floor":14,"key":"Block Potion"}],"is_trial":false,"path_per_floor":["M","M","?","$","M","R","E","?","T","?","$","M","$","E","R","B"],"character_chosen":"DEFECT","items_purchased":["Doom and Gloom","Defragment","Steam"],"campfire_rested":1,"item_purchase_floors":[4,4,11],"current_hp_per_floor":[67,67,49,49,45,45,23,16,16,21,21,20,20,1,25,25,25],"gold":32,"neow_bonus":"BOSS_RELIC","is_daily":false,"chose_seed":false,"campfire_upgraded":1,"win_rate":0.0,"timestamp":1609567889,"path_taken":["M","M","?","$","M","R","E","?","T","?","$","?","?","E","R","BOSS"],"items_purchased_type":["Card","Card","Card"],"build_version":"2020-12-22","purchased_purges":1,"victory":false,"max_hp_per_floor":[76,76,76,76,76,76,76,81,81,81,81,81,81,81,81,81,81],"relic_stats":{"Centennial Puzzle":[6],"counters":[8,26],"Ornamental Fan":[4],"obtain_stats":[{"Centennial Puzzle":9,"Tiny House":0,"Ornamental Fan":3,"Oddly Smooth Stone":14,"Odd Mushroom":8,"Cracked Core":0,"Toy Ornithopter":7},{"Centennial Puzzle":5,"Tiny House":0,"Ornamental Fan":2,"Oddly Smooth Stone":7,"Odd Mushroom":5,"Cracked Core":0,"Toy Ornithopter":4},{"Centennial Puzzle":17,"Tiny House":0,"Ornamental Fan":6,"Oddly Smooth Stone":25,"Odd Mushroom":17,"Cracked Core":0,"Toy Ornithopter":14}],"Toy Ornithopter":20},"card_choices":[{"not_picked":["Conserve Battery","Leap"],"picked":"Sweeping Beam","floor":0.0},{"not_picked":["Force Field","Steam"],"picked":"Sweeping Beam","floor":1.0},{"not_picked":["Go for the Eyes","Steam"],"picked":"Hello World","floor":2.0},{"not_picked":["Stack","Go for the Eyes"],"picked":"Static Discharge","floor":5.0},{"not_picked":["Doom and Gloom","Barrage"],"picked":"Buffer","floor":7.0},{"not_picked":["Redo","White Noise"],"picked":"Go for the Eyes","floor":8.0},{"not_picked":["Static Discharge","Compile Driver"],"picked":"Hologram","floor":12.0},{"not_picked":["Steam","Ball Lightning"],"picked":"Machine Learning","floor":14}],"player_experience":763496,"relics_obtained":[{"floor":7.0,"key":"Toy Ornithopter"},{"floor":8.0,"key":"Odd Mushroom"},{"floor":9.0,"key":"Centennial Puzzle"},{"floor":14,"key":"Oddly Smooth Stone"}],"event_choices":[{"damage_healed":0.0,"max_hp_gain":0.0,"max_hp_loss":0.0,"gold_gain":0.0,"event_name":"Scrap Ooze","player_choice":"Success","floor":3.0,"gold_loss":0.0,"damage_taken":18.0,"relics_obtained":["Ornamental Fan"]},{"damage_healed":0.0,"max_hp_gain":0.0,"max_hp_loss":0.0,"gold_gain":0.0,"event_name":"Mushrooms","player_choice":"Fought Mushrooms","floor":8.0,"gold_loss":0.0,"damage_taken":0.0},{"damage_healed":0.0,"max_hp_gain":0.0,"max_hp_loss":0.0,"gold_gain":0.0,"event_name":"Lab","player_choice":"Got Potions","floor":10.0,"gold_loss":0.0,"damage_taken":0.0}],"is_beta":false,"boss_relics":[],"items_purged_floors":[13],"is_endless":false,"potions_floor_spawned":[5,8,12,14],"killed_by":"Slime Boss","ascension_level":20}}