{"host":"2461dio7vetlq1z3","time":1609627440,"event":{"mods":["2.2 Compatiblity","AchievementEnabler","Aspiration","BaseMod","Better Third Choice","Friendly Minions","Hubris","Minty Spire (QoL Compilation)","Relic Stats","Replay The Spire","Spicy Shops","StSLib","Waifu the Spire"],"gold_per_floor":[119,135,60,77,90,90,122,142,142,142,153,182,182,202,202,276,276,287,3,14,14,14,48,48,48,48,67,67,93,93,123,123,200,200,200],"floor_reached":34,"playtime":3307,"items_purged":["Strike_B"],"score":1090,"play_id":"3990a532-6818-4a69-bd69-fdefbc252af5","local_time":"20210102234400","is_ascension_mode":true,"campfire_choices":[{"data":"Double Energy","floor":6,"key":"SMITH"},{"data":"Loop","floor":10,"key":"SMITH"},{"floor":15,"key":"REST"},{"data":"Darkness","floor":25,"key":"SMITH"},{"data":"Creative AI","floor":28,"key":"SMITH"},{"data":"Strike_B","floor":32,"key":"PURGE"}],"circlet_count":0,"master_deck":["AscendersBane","Defend_B","Defend_B","Defend_B","Dualcast","Beam Cell+1","Loop+1","Double Energy+1","Go for the Eyes","Turbo","Ball Lightning","Creative AI+1","Darkness+1","Machine Learning","FTL","Doom and Gloom+1","Hyperbeam+1","Melter+1"],"relics":["Replay:Drink Me","hubris:DeckOfHolding","Quantum Egg","Mercury Hourglass","Coffee Dripper","Sundial","hubris:BottledHeart","Meat on the Bone","Singing Bowl","Replay:Accelerometer","Eternal Feather","Astrolabe"],"acts_visited":["Exordium","TheCity","TheBeyond"],"potions_floor_usage":[7,7,20,29],"damage_taken":[{"damage":2,"enemies":"Cultist","floor":1,"turns":5},{"damage":4,"enemies":"2 Louse","floor":2,"turns":4},{"damage":0,"enemies":"Small Slimes","floor":4,"turns":6},{"damage":4,"enemies":"Blue Slaver","floor":5,"turns":6},{"damage":11,"enemies":"3 Sentries","floor":7,"turns":7},{"damage":0,"enemies":"Looter","floor":8,"turns":3},{"damage":5,"enemies":"Red Slaver","floor":11,"turns":3},{"damage":19,"enemies":"Gremlin Nob","floor":12,"turns":4},{"damage":0,"enemies":"Exordium Wildlife","floor":14,"turns":2},{"damage":1,"enemies":"Hexaghost","floor":16,"turns":6},{"damage":12,"enemies":"Spheric Guardian","floor":18,"turns":4},{"damage":0,"enemies":"3 Byrds","floor":20,"turns":3},{"damage":0,"enemies":"Gremlin Leader","floor":23,"turns":8},{"damage":0,"enemies":"3 Cultists","floor":27,"turns":4},{"damage":0,"enemies":"Slavers","floor":29,"turns":3},{"damage":0,"enemies":"Book of Stabbing","floor":31,"turns":4},{"damage":0,"enemies":"Champ","floor":33,"turns":10}],"seed_played":"-7265421516349557179","potions_obtained":[{"floor":1,"key":"AttackPotion"},{"floor":4,"key":"SpeedPotion"},{"floor":5,"key":"BlessingOfTheForge"},{"floor":16,"key":"Explosive Potion"},{"floor":20,"key":"Swift Potion"},{"floor":29,"key":"Ancient Potion"},{"floor":31,"key":"Fire Potion"}],"is_trial":false,"path_per_floor":["M","M","$","M","M","R","E","M","T","R","M","E","?","M","R","B",null,"M","$","M","?","?","E","$","R","T","M","R","E","?","E","R","B",null],"character_chosen":"DEFECT","items_purchased":["Sundial"],"campfire_rested":1,"item_purchase_floors":[19],"current_hp_per_floor":[52,48,48,48,44,44,33,33,33,33,28,9,9,9,25,24,47,35,35,35,1,1,1,1,1,1,1,1,1,1,1,1,1,1,1],"gold":200,"neow_bonus":"BOSS_RELIC","is_daily":false,"chose_seed":false,"campfire_upgraded":4,"win_rate":0.0,"timestamp":1609627440,"path_taken":["M","M","$","?","M","R","E","M","T","R","M","E","?","M","R","BOSS","M","$","M","?","?","E","?","R","T","M","R","E","?","E","R","BOSS"],"items_purchased_type":["Relic"],"build_version":"2020-12-22","purchased_purges":1,"victory":false,"max_hp_per_floor":[54,54,54,54,54,54,54,54,54,54,54,54,54,54,54,54,54,54,54,54,1,1,1,1,1,1,1,1,1,1,1,1,1,1,1],"relic_stats":{"Singing Bowl":8,"counters":[17,80],"Sundial":[10],"Astrolabe":["Doom and Gloom","Hyperbeam","Melter"],"Eternal Feather":0,"obtain_stats":[{"Replay:Accelerometer":29,"Singing Bowl":26,"Quantum Egg":9,"Astrolabe":34,"Eternal Feather":31,"Mercury Hourglass":12,"Sundial":19,"hubris:BottledHeart":21,"hubris:DeckOfHolding":7,"Coffee Dripper":17,"Cracked Core":0,"Replay:Drink Me":0,"Meat on the Bone":23},{"Replay:Accelerometer":15,"Singing Bowl":13,"Quantum Egg":6,"Astrolabe":17,"Eternal Feather":16,"Mercury Hourglass":8,"Sundial":11,"hubris:BottledHeart":12,"hubris:DeckOfHolding":5,"Coffee Dripper":10,"Cracked Core":0,"Replay:Drink Me":0,"Meat on the Bone":13},{"Replay:Accelerometer":66,"Singing Bowl":60,"Quantum Egg":31,"Astrolabe":80,"Eternal Feather":70,"Mercury Hourglass":38,"Sundial":49,"hubris:BottledHeart":52,"hubris:DeckOfHolding":28,"Coffee Dripper":46,"Cracked Core":0,"Replay:Drink Me":0,"Meat on the Bone":60}],"Mercury Hourglass":[151],"Meat on the Bone":0},"card_choices":[{"not_picked":["Heatsinks","Coolheaded"],"picked":"Beam Cell","floor":1},{"not_picked":["Barrage","Coolheaded"],"picked":"Loop","floor":2},{"not_picked":["Ball Lightning","Loop"],"picked":"Double Energy","floor":4},{"not_picked":["Rebound","Conserve Battery"],"picked":"Go for the Eyes","floor":5},{"not_picked":["Doom and Gloom","Rip and Tear"],"picked":"Turbo","floor":7},{"not_picked":["Coolheaded","Beam Cell","hubris:Ukulele"],"picked":"SKIP","floor":8},{"not_picked":["hubris:Prefetch","Sweeping Beam"],"picked":"hubris:Ukulele","floor":11},{"not_picked":["hubris:Ukulele","Cold Snap"],"picked":"Ball Lightning","floor":12},{"not_picked":["Rebound","Beam Cell","Barrage"],"picked":"SKIP","floor":14},{"not_picked":["Rebound","Beam Cell","Barrage"],"picked":"SKIP","floor":14},{"not_picked":["Electrodynamics","ReplayTheSpireMod:Omega Cannon"],"picked":"Creative AI","floor":16},{"not_picked":["Panic Button+1","Rebound","Auto Shields"],"picked":"SKIP","floor":18},{"not_picked":["Leap","Rebound+1"],"picked":"Darkness","floor":20},{"not_picked":["Panic Button","Stack"],"picked":"Machine Learning","floor":23},{"not_picked":["Compile Driver","Barrage","Ball Lightning"],"picked":"Singing Bowl","floor":27},{"not_picked":["Rip and Tear","Lockon","Panic Button"],"picked":"Singing Bowl","floor":29},{"not_picked":["Compile Driver","Streamline","Genetic Algorithm"],"picked":"Singing Bowl","floor":31},{"not_picked":["Hyperbeam","Machine Learning","Fission"],"picked":"Singing Bowl","floor":33}],"player_experience":1023488,"relics_obtained":[{"floor":7,"key":"hubris:DeckOfHolding"},{"floor":9,"key":"Quantum Egg"},{"floor":12,"key":"Mercury Hourglass"},{"floor":23,"key":"Meat on the Bone"},{"floor":26,"key":"Singing Bowl"},{"floor":29,"key":"Replay:Accelerometer"},{"floor":31,"key":"Eternal Feather"}],"event_choices":[{"damage_healed":0,"gold_gain":0,"player_choice":"Forge","damage_taken":0,"max_hp_gain":0,"max_hp_loss":0,"event_name":"Accursed Blacksmith","floor":13,"gold_loss":0,"cards_upgraded":["Beam Cell"]},{"damage_healed":0,"gold_gain":0,"player_choice":"2 cards matched","damage_taken":0,"max_hp_gain":0,"max_hp_loss":0,"event_name":"Match and Keep!","floor":30,"gold_loss":0,"cards_obtained":["Zap","FTL"]}],"is_beta":false,"boss_relics":[{"not_picked":["Velvet Choker","Snecko Heart"],"picked":"Coffee Dripper"},{"not_picked":["Busted Crown","Honey Jar"],"picked":"Astrolabe"}],"items_purged_floors":[3],"is_endless":false,"potions_floor_spawned":[1,4,5,16,20,29,31],"ascension_level":20}}