{"host":"11g01tw13uj1d3ik","time":1609553577,"event":{"mods":["BaseMod","Colored Map","DeckTracker","Googly Eyes","Hermit","Hubris","Mimic Mod","Minty Spire (QoL Compilation)","Replay The Spire","StSLib","SuperFastMode","The Alterego","The Factory","Waifu the Spire","everything is the same but u backflip on backflip","slay the spire mod where everything is the same but ironclad has a cowboy hat"],"gold_per_floor":[111,123,141,153,165,165,115,143,143,163,175,175,202,216,216,311,311,322,322,322,337,252,284,299,299,299,299,310,310,345,359,359,456,456,473,62,62,77,77,77,87,113,113,171,171,203,203,203,203,213,213,213,213,213,15,50,50],"floor_reached":58,"playtime":6247,"items_purged":[],"score":1294,"play_id":"76918925-7568-4d3c-8d27-008d7de7d089","local_time":"20210102031257","is_ascension_mode":false,"campfire_choices":[{"data":"alterego_mod:ChallengeComplete","floor":6.0,"key":"SMITH"},{"data":"alterego_mod:Swimsuit","floor":12.0,"key":"SMITH"},{"floor":15.0,"key":"DIG"},{"data":"alterego_mod:BrynhildrRomantia","floor":25.0,"key":"SMITH"},{"data":"alterego_mod:GoddessCore","floor":27.0,"key":"SMITH"},{"data":"hermit:Coalescence","floor":29.0,"key":"SMITH"},{"data":"alterego_mod:BreastValley","floor":32.0,"key":"SMITH"},{"data":"Apotheosis","floor":40,"key":"SMITH"},{"floor":45,"key":"REST"},{"data":"alterego_mod:RingBreak","floor":47,"key":"SMITH"},{"floor":51,"key":"RECALL"},{"data":"alterego_mod:Nekomimi","floor":54,"key":"SMITH"}],"circlet_count":0,"master_deck":["alterego_mod:Strike","alterego_mod:Strike","alterego_mod:Strike","alterego_mod:Defend","alterego_mod:Defend","alterego_mod:Defend","alterego_mod:Impale","alterego_mod:BigMeatyClaws","alterego_mod:BrynhildrsRune","Finesse","alterego_mod:ChallengeComplete+1","alterego_mod:MagicResistance","alterego_mod:Cooking","alterego_mod:Swimsuit+1","alterego_mod:BreastValley+1","alterego_mod:Pet","alterego_mod:GoddessCore+1","alterego_mod:BrynhildrRomantia+1","hermit:Coalescence+1","alterego_mod:Birthday+1","alterego_mod:Rake","alterego_mod:GachaTicket","Apotheosis+1","alterego_mod:Nekomimi+1","alterego_mod:PresenceConcealment+1","Parasite","alterego_mod:Mirror+1","alterego_mod:RingBreak+1","alterego_mod:Birthday+1","alterego_mod:Cushion"],"relics":["alterego_mod:MasochisticConstitution","ReplayTheSpireMod:TigerMarble","Sundial","FossilizedHelix","MealTicket","SlaversCollar","hubris:Icosahedron","Pen Nib","hubris:GlazedTorus","Centennial Puzzle","ReplayTheSpireMod:DimensionalGlitch","Ornamental Fan","hubris:ToyBattleship","Quantum Egg","Garlic","OrangePellets","Pet Ghost"],"acts_visited":["Exordium","TheCity","TheBeyond","TheEnding"],"potions_floor_usage":[46,50,56,57,57],"damage_taken":[{"damage":0.0,"enemies":"Jaw Worm","floor":1.0,"turns":7.0},{"damage":0.0,"enemies":"Small Slimes","floor":2.0,"turns":4.0},{"damage":0.0,"enemies":"2 Louse","floor":3.0,"turns":3.0},{"damage":1.0,"enemies":"Blue Slaver","floor":4.0,"turns":7.0},{"damage":3.0,"enemies":"Lots of Slimes","floor":5.0,"turns":5.0},{"damage":12.0,"enemies":"Lagavulin","floor":8.0,"turns":5.0},{"damage":0.0,"enemies":"Exordium Wildlife","floor":10.0,"turns":3.0},{"damage":1.0,"enemies":"2 Fungi Beasts","floor":11.0,"turns":4.0},{"damage":23.0,"enemies":"Gremlin Nob","floor":13.0,"turns":5.0},{"damage":15.0,"enemies":"Gremlin Gang","floor":14.0,"turns":5.0},{"damage":12.0,"enemies":"Fading Forest","floor":16.0,"turns":11.0},{"damage":9.0,"enemies":"Chosen","floor":18.0,"turns":11.0},{"damage":16.0,"enemies":"2 Thieves","floor":21.0,"turns":5.0},{"damage":66.0,"enemies":"Book of Stabbing","floor":23.0,"turns":10.0},{"damage":3.0,"enemies":"Chosen and Byrds","floor":24.0,"turns":9.0},{"damage":16.0,"enemies":"Shelled Parasite and Fungi","floor":28.0,"turns":7.0},{"damage":1.0,"enemies":"Replay:Snechameleon","floor":30.0,"turns":9.0},{"damage":0.0,"enemies":"Centurion and Healer","floor":31.0,"turns":9.0},{"damage":2,"enemies":"Automaton","floor":33,"turns":12},{"damage":10,"enemies":"Orb Walker","floor":35,"turns":4},{"damage":43,"enemies":"3 Darklings","floor":38,"turns":15},{"damage":20,"enemies":"Writhing Mass","floor":41,"turns":11},{"damage":5,"enemies":"Reptomancer","floor":42,"turns":11},{"damage":0,"enemies":"Giant Head","floor":46,"turns":10},{"damage":0,"enemies":"4 Shapes","floor":50,"turns":7},{"damage":33,"enemies":"Awakened One","floor":52,"turns":13},{"damage":59,"enemies":"Shield and Spear","floor":56,"turns":9},{"damage":78,"enemies":"The Heart","floor":57,"turns":14}],"seed_played":"-3006628290363997654","potions_obtained":[{"floor":3.0,"key":"Fire Potion"},{"floor":4.0,"key":"Elixir"},{"floor":5.0,"key":"Milkshake"},{"floor":10.0,"key":"Adrenaline Potion"},{"floor":11.0,"key":"Block Potion"},{"floor":14.0,"key":"SteroidPotion"},{"floor":18.0,"key":"DistilledChaos"},{"floor":23.0,"key":"Adrenaline Potion"},{"floor":30.0,"key":"Dexterity Potion"},{"floor":41,"key":"Languid Potion"},{"floor":42,"key":"SteroidPotion"},{"floor":44,"key":"DuplicationPotion"},{"floor":44,"key":"CultistPotion"},{"floor":46,"key":"Ancient Potion"}],"is_trial":false,"path_per_floor":["M","M","M","M","M","R","?","E","T","M","M","R","E","M","R_BF","B",null,"M","?","?","M","?","E","M","R","T","R","M","R","E","M","R_BF","B",null,"M","$","?","M","?","R","M","E","T","?","R","E","R","PTL","PTL","M","R_BF","B",null,"R","$","E","B",null],"character_chosen":"The_Alterego","items_purchased":["Apotheosis","Ornamental Fan","OrangePellets","AttackPotion"],"campfire_rested":1,"item_purchase_floors":[36,36,55,55],"current_hp_per_floor":[70,70,70,70,71,71,71,60,60,63,74,74,65,57,57,75,77,81,81,81,80,80,29,56,56,56,56,72,72,92,107,107,112,112,105,113,113,85,85,85,76,106,106,74,112,122,122,122,122,138,138,118,145,145,145,96,25],"gold":50,"neow_bonus":"RANDOM_COLORLESS","is_daily":false,"chose_seed":false,"campfire_upgraded":9,"win_rate":0.0,"timestamp":1609553577,"path_taken":["M","M","M","M","M","R","?","E","T","M","M","R","E","M","R_BF","BOSS","M","?","?","M","?","E","M","R","T","R","M","R","E","M","R_BF","BOSS","M","$","?","?","?","R","M","E","T","?","R","E","R","PTL","PTL","?","R_BF","BOSS","R","$","E","BOSS"],"items_purchased_type":["Card","Relic","Relic","Potion"],"build_version":"2020-12-22","purchased_purges":0,"victory":true,"max_hp_per_floor":[70,70,70,71,72,72,72,73,73,73,74,74,75,76,76,77,77,81,81,81,81,81,82,89,89,89,89,98,98,103,107,107,112,112,113,113,113,118,118,118,123,128,128,128,128,132,132,132,132,140,140,145,145,145,145,150,151],"card_choices":[{"not_picked":["Blind","Madness"],"picked":"Finesse","floor":0.0},{"not_picked":["alterego_mod:Belle","alterego_mod:PerceptionDisorder","alterego_mod:Maid"],"picked":"SKIP","floor":1.0},{"not_picked":["alterego_mod:Smother","alterego_mod:1TonWallop"],"picked":"alterego_mod:ChallengeComplete","floor":2.0},{"not_picked":["alterego_mod:Collar","alterego_mod:Smother"],"picked":"alterego_mod:MagicResistance","floor":3.0},{"not_picked":["alterego_mod:TrashNCrash","alterego_mod:Crossover"],"picked":"alterego_mod:Cooking","floor":4.0},{"not_picked":["alterego_mod:Exercise","alterego_mod:Jiggle"],"picked":"alterego_mod:Swimsuit","floor":5.0},{"not_picked":["alterego_mod:Cooking","alterego_mod:HighServant"],"picked":"alterego_mod:BreastValley","floor":8.0},{"not_picked":["alterego_mod:SakuraLabyrinth","alterego_mod:Maid"],"picked":"alterego_mod:Cooking","floor":10.0},{"not_picked":["alterego_mod:1TonWallop","alterego_mod:TrashNCrash"],"picked":"alterego_mod:Pet","floor":11.0},{"not_picked":["alterego_mod:Punishment","alterego_mod:Jiggle"],"picked":"alterego_mod:GoddessCore","floor":13.0},{"not_picked":["alterego_mod:Rip","alterego_mod:Table","alterego_mod:Complex"],"picked":"SKIP","floor":14.0},{"not_picked":["alterego_mod:ClassAdvantage","alterego_mod:Antipathy"],"picked":"alterego_mod:BrynhildrRomantia","floor":16.0},{"not_picked":["alterego_mod:DeftHands","alterego_mod:SuperDuperMasochism","alterego_mod:MagicResistance"],"picked":"SKIP","floor":18.0},{"not_picked":["alterego_mod:Maid+1","alterego_mod:Swimsuit","alterego_mod:Lingerie+1"],"picked":"SKIP","floor":21.0},{"not_picked":["alterego_mod:Clap","alterego_mod:DeftHands"],"picked":"alterego_mod:Birthday+1","floor":23.0},{"not_picked":["alterego_mod:Cycle+1","alterego_mod:Rip+1","alterego_mod:DestructionOfProperty+1"],"picked":"SKIP","floor":24.0},{"not_picked":["alterego_mod:Maid","alterego_mod:DestructionOfProperty+1","alterego_mod:Bloomers"],"picked":"SKIP","floor":28.0},{"not_picked":["alterego_mod:Bounce+1","alterego_mod:Alter","alterego_mod:Jiggle"],"picked":"SKIP","floor":30.0},{"not_picked":["alterego_mod:RidiculouslyBig","alterego_mod:BusterCard","alterego_mod:Cycle"],"picked":"SKIP","floor":31.0},{"not_picked":["alterego_mod:Palingenesis","alterego_mod:Alter"],"picked":"alterego_mod:Rake","floor":33},{"not_picked":["alterego_mod:1TonWallop+1","alterego_mod:Cycle"],"picked":"alterego_mod:GachaTicket","floor":35},{"not_picked":["alterego_mod:Complex","alterego_mod:Table"],"picked":"alterego_mod:PresenceConcealment+1","floor":38},{"not_picked":["alterego_mod:DustData+1","alterego_mod:MaintainEyeContact+1"],"picked":"alterego_mod:Mirror+1","floor":41},{"not_picked":["alterego_mod:Bounce+1","alterego_mod:HighServant","alterego_mod:Birthday+1"],"picked":"SKIP","floor":42},{"not_picked":["alterego_mod:Undulate+1","alterego_mod:Cycle"],"picked":"alterego_mod:RingBreak","floor":46},{"not_picked":["alterego_mod:RocketPunch+1","alterego_mod:Rip+1"],"picked":"alterego_mod:Birthday+1","floor":50},{"not_picked":["alterego_mod:Birthday+1","alterego_mod:Punishment+1"],"picked":"alterego_mod:Cushion","floor":56}],"player_experience":926670,"relics_obtained":[{"floor":8.0,"key":"ReplayTheSpireMod:TigerMarble"},{"floor":9.0,"key":"Sundial"},{"floor":13.0,"key":"FossilizedHelix"},{"floor":15.0,"key":"MealTicket"},{"floor":23.0,"key":"hubris:GlazedTorus"},{"floor":30.0,"key":"Centennial Puzzle"},{"floor":42,"key":"hubris:ToyBattleship"},{"floor":43,"key":"Quantum Egg"},{"floor":46,"key":"Garlic"},{"floor":56,"key":"Pet Ghost"}],"event_choices":[{"cards_removed":["alterego_mod:Defend"],"damage_healed":0.0,"max_hp_gain":0.0,"max_hp_loss":0.0,"gold_gain":0.0,"event_name":"The Cleric","player_choice":"Card Removal","floor":7.0,"gold_loss":50.0,"damage_taken":0.0},{"damage_healed":0.0,"max_hp_gain":0.0,"max_hp_loss":0.0,"gold_gain":0.0,"event_name":"The Library","player_choice":"Read","floor":20.0,"gold_loss":0.0,"damage_taken":0.0,"cards_obtained":["hermit:Coalescence"]},{"damage_healed":0.0,"max_hp_gain":0.0,"max_hp_loss":0.0,"gold_gain":0.0,"event_name":"Addict","player_choice":"Obtained Relic","floor":22.0,"gold_loss":85.0,"damage_taken":0.0,"relics_obtained":["Pen Nib"]},{"damage_healed":0,"gold_gain":0,"cards_transformed":["alterego_mod:Strike"],"player_choice":"Transformed","damage_taken":0,"max_hp_gain":0,"max_hp_loss":0,"event_name":"Transmorgrifier","floor":37,"gold_loss":0,"cards_obtained":["alterego_mod:Nekomimi"]},{"cards_removed":["alterego_mod:Cooking"],"damage_healed":0,"gold_gain":0,"player_choice":"Removed Skill","damage_taken":0,"max_hp_gain":0,"max_hp_loss":0,"event_name":"Falling","floor":39,"gold_loss":0}],"is_beta":false,"boss_relics":[{"not_picked":["Painkiller Herb","Honey Jar"],"picked":"SlaversCollar"},{"not_picked":["Runic Dome","hubris:CrackedHourglass"],"picked":"ReplayTheSpireMod:DimensionalGlitch"}],"items_purged_floors":[],"is_endless":false,"potions_floor_spawned":[3,4,5,10,11,14,18,23,30,41,42,46],"ascension_level":0}}