{"host":"mihaunk2zj3kgp3o","time":1609626923,"event":{"mods":["BaseMod","Better Altar","Better Match","Better Note","Better Skull","Block Reminder","Card Forge","Colored Map","Colored Powertips","Marked Mod","Minty Spire (QoL Compilation)","Quick Restart","Relic Stats","StSLib","Unceasing Turn Reminder"],"gold_per_floor":[111,111,111,186,200,230,248,0,0,11,43,43,73,137,137,240,240,258,277,352,368,379,379,407,146,146,162,177,193,193,228,228,328,328,340,352,371,371,389,389,424,424,450,450,151,171,26,26,26,26,26,26,26,58,58],"floor_reached":56,"playtime":2792,"items_purged":[],"score":1818,"play_id":"60351321-bce3-485f-9019-142abd24d3ec","local_time":"20210102173523","is_ascension_mode":true,"campfire_choices":[{"floor":12,"key":"RECALL"},{"floor":15,"key":"REST"},{"floor":23,"key":"REST"},{"floor":30,"key":"REST"},{"floor":32,"key":"REST"},{"floor":40,"key":"REST"},{"floor":42,"key":"REST"},{"floor":44,"key":"REST"},{"floor":49,"key":"REST"},{"floor":52,"key":"REST"}],"circlet_count":0,"master_deck":["Sadistic Nature+1","Panache+1","Noxious Fumes+1","Infinite Blades+1","Cloak And Dagger+1","Caltrops+1","Adrenaline+1","Backflip+1","A Thousand Cuts+1","After Image+1","Deflect+1","Flash of Steel+1","Finesse+1","Conserve Battery+1","Electrodynamics+1","Conserve Battery+1","Envenom+1","BootSequence+1","Sweeping Beam+1","Self Repair+1","Capacitor+1"],"relics":["Cracked Core","Hammer of Thor","Seething Fire","Anvil of the Gods","NeowsBlessing","Mummified Hand","White Beast Statue","Bottled Tornado","HornCleat","Odd Mushroom","Cables","Oddly Smooth Stone","Meat on the Bone","Pear","Gremlin Horn","Ancient Tea Set","Smiling Mask","HandDrill","Art of War","Toy Ornithopter","Anchor"],"acts_visited":["Exordium","TheCity","TheBeyond","TheEnding"],"potions_floor_usage":[13,14,16,19,33,33,33,50,50,55,55],"damage_taken":[{"damage":0,"enemies":"Small Slimes","floor":1,"turns":1},{"damage":0,"enemies":"2 Louse","floor":5,"turns":1},{"damage":0,"enemies":"Gremlin Nob","floor":6,"turns":1},{"damage":0,"enemies":"Jaw Worm","floor":7,"turns":2},{"damage":0,"enemies":"Looter","floor":10,"turns":2},{"damage":0,"enemies":"Lagavulin","floor":11,"turns":3},{"damage":0,"enemies":"The Mushroom Lair","floor":13,"turns":2},{"damage":0,"enemies":"3 Sentries","floor":14,"turns":3},{"damage":0,"enemies":"The Guardian","floor":16,"turns":4},{"damage":0,"enemies":"Shell Parasite","floor":18,"turns":3},{"damage":0,"enemies":"2 Thieves","floor":19,"turns":2},{"damage":0,"enemies":"Snecko","floor":21,"turns":4},{"damage":0,"enemies":"Snake Plant","floor":22,"turns":3},{"damage":2,"enemies":"Slavers","floor":24,"turns":2},{"damage":0,"enemies":"Cultist and Chosen","floor":27,"turns":3},{"damage":0,"enemies":"Sentry and Sphere","floor":28,"turns":3},{"damage":0,"enemies":"Shelled Parasite and Fungi","floor":29,"turns":3},{"damage":0,"enemies":"Book of Stabbing","floor":31,"turns":3},{"damage":0,"enemies":"Collector","floor":33,"turns":4},{"damage":0,"enemies":"3 Darklings","floor":35,"turns":3},{"damage":0,"enemies":"Orb Walker","floor":36,"turns":3},{"damage":0,"enemies":"Maw","floor":37,"turns":5},{"damage":0,"enemies":"4 Shapes","floor":39,"turns":4},{"damage":0,"enemies":"Giant Head","floor":41,"turns":5},{"damage":0,"enemies":"Spire Growth","floor":46,"turns":4},{"damage":32,"enemies":"Awakened One","floor":50,"turns":6},{"damage":5,"enemies":"Shield and Spear","floor":54,"turns":5},{"damage":51,"enemies":"The Heart","floor":55,"turns":7}],"seed_played":"-4660430395271847021","potions_obtained":[{"floor":7,"key":"Strength Potion"},{"floor":10,"key":"EssenceOfSteel"},{"floor":11,"key":"Weak Potion"},{"floor":13,"key":"EssenceOfSteel"},{"floor":14,"key":"Dexterity Potion"},{"floor":16,"key":"SteroidPotion"},{"floor":18,"key":"PotionOfCapacity"},{"floor":19,"key":"FearPotion"},{"floor":24,"key":"DuplicationPotion"},{"floor":28,"key":"FocusPotion"},{"floor":33,"key":"EssenceOfSteel"},{"floor":35,"key":"Weak Potion"},{"floor":36,"key":"LiquidMemories"},{"floor":41,"key":"Ancient Potion"},{"floor":46,"key":"DistilledChaos"},{"floor":54,"key":"SkillPotion"}],"is_trial":false,"path_per_floor":["M","?","?","?","M","E","M","$","T","M","E","R","?","?","R","B",null,"M","M","?","M","M","R","E","$","T","M","M","M","R","E","R","B",null,"M","M","M","?","M","R","E","R","T","R","$","M","$","?","R","B",null,"R","$","E","B",null],"character_chosen":"DEFECT","items_purchased":["Bottled Tornado","Meat on the Bone","HandDrill","Art of War","Toy Ornithopter"],"campfire_rested":9,"item_purchase_floors":[8,25,45,45,47],"current_hp_per_floor":[68,68,68,57,57,57,57,57,57,57,57,57,57,57,75,75,75,75,75,68,75,75,75,73,73,83,85,85,85,85,85,85,85,85,85,85,85,85,85,85,85,85,85,85,85,85,85,85,85,63,80,85,85,85,56],"gold":58,"neow_bonus":"THREE_ENEMY_KILL","is_daily":false,"chose_seed":false,"campfire_upgraded":0,"win_rate":0.0,"timestamp":1609626923,"path_taken":["M","?","?","?","M","E","M","$","T","?","E","R","?","?","R","BOSS","M","M","?","M","M","R","E","$","T","M","?","M","R","E","R","BOSS","M","?","M","?","M","R","E","R","T","R","$","M","$","?","R","BOSS","R","$","E","BOSS"],"items_purchased_type":["Relic","Relic","Relic","Relic","Relic"],"build_version":"2020-12-22","purchased_purges":0,"victory":true,"max_hp_per_floor":[75,75,75,75,75,75,75,75,75,75,75,75,75,75,75,75,75,75,75,75,75,75,75,75,75,85,85,85,85,85,85,85,85,85,85,85,85,85,85,85,85,85,85,85,85,85,85,85,85,85,85,85,85,85,85],"relic_stats":{"Gremlin Horn":[9,9],"counters":[28,91],"Mummified Hand":[188],"HandDrill":[4],"Art of War":[3],"Smiling Mask":0,"obtain_stats":[{"Pear":26,"NeowsBlessing":0,"Gremlin Horn":31,"Oddly Smooth Stone":24,"Hammer of Thor":0,"Seething Fire":0,"Bottled Tornado":8,"Odd Mushroom":13,"Ancient Tea Set":41,"Smiling Mask":43,"White Beast Statue":6,"Cables":14,"Anchor":54,"HornCleat":11,"Anvil of the Gods":0,"Mummified Hand":3,"HandDrill":45,"Art of War":45,"Cracked Core":0,"Toy Ornithopter":47,"Meat on the Bone":25},{"Pear":14,"NeowsBlessing":0,"Gremlin Horn":18,"Oddly Smooth Stone":14,"Hammer of Thor":0,"Seething Fire":0,"Bottled Tornado":4,"Odd Mushroom":7,"Ancient Tea Set":24,"Smiling Mask":24,"White Beast Statue":3,"Cables":8,"Anchor":27,"HornCleat":6,"Anvil of the Gods":0,"Mummified Hand":1,"HandDrill":24,"Art of War":24,"Cracked Core":0,"Toy Ornithopter":25,"Meat on the Bone":14},{"Pear":33,"NeowsBlessing":0,"Gremlin Horn":45,"Oddly Smooth Stone":33,"Hammer of Thor":0,"Seething Fire":0,"Bottled Tornado":5,"Odd Mushroom":12,"Ancient Tea Set":69,"Smiling Mask":69,"White Beast Statue":3,"Cables":15,"Anchor":84,"HornCleat":10,"Anvil of the Gods":0,"Mummified Hand":1,"HandDrill":69,"Art of War":69,"Cracked Core":0,"Toy Ornithopter":73,"Meat on the Bone":33}],"Toy Ornithopter":0,"Cables":[59,59,0,0,0],"Meat on the Bone":12},"card_choices":[{"not_picked":["Leap","Beam Cell"],"picked":"Conserve Battery","floor":1},{"not_picked":["Skim","Capacitor","Ball Lightning"],"picked":"SKIP","floor":5},{"not_picked":["Melter","Auto Shields","Coolheaded"],"picked":"SKIP","floor":6},{"not_picked":["Conserve Battery","Redo","Streamline"],"picked":"SKIP","floor":7},{"not_picked":["Coolheaded","Barrage","Redo"],"picked":"SKIP","floor":10},{"not_picked":["Meteor Strike","Electrodynamics","Conserve Battery"],"picked":"SKIP","floor":11},{"not_picked":["Redo","Heatsinks"],"picked":"BootSequence","floor":13},{"not_picked":["Compile Driver","Go for the Eyes+1","Reinforced Body"],"picked":"SKIP","floor":18},{"not_picked":["Sunder+1","Static Discharge"],"picked":"Sweeping Beam+1","floor":19},{"not_picked":["Steam","Gash","Turbo+1"],"picked":"SKIP","floor":21},{"not_picked":["Turbo+1","Capacitor","Hologram+1"],"picked":"SKIP","floor":22},{"not_picked":["BootSequence","Fusion","Stack"],"picked":"SKIP","floor":24},{"not_picked":["Conserve Battery+1","Hologram","Auto Shields"],"picked":"SKIP","floor":27},{"not_picked":["Darkness","Machine Learning","Turbo"],"picked":"SKIP","floor":28},{"not_picked":["Reprogram","Stack","Steam"],"picked":"SKIP","floor":29},{"not_picked":["Go for the Eyes","Skim","Hologram"],"picked":"SKIP","floor":31},{"not_picked":["Rebound","Chaos","Reprogram+1"],"picked":"SKIP","floor":35},{"not_picked":["Beam Cell","Stack+1","Coolheaded"],"picked":"SKIP","floor":36},{"not_picked":["Rip and Tear","Consume","White Noise+1"],"picked":"SKIP","floor":37},{"not_picked":["Beam Cell","Coolheaded","Barrage"],"picked":"SKIP","floor":39},{"not_picked":["Doom and Gloom+1","FTL+1","Rebound+1"],"picked":"SKIP","floor":41},{"not_picked":["Multi-Cast","Fusion","Redo"],"picked":"SKIP","floor":46},{"not_picked":["Hologram","Beam Cell+1","Hello World"],"picked":"SKIP","floor":54}],"player_experience":258003,"relics_obtained":[{"floor":6,"key":"White Beast Statue"},{"floor":11,"key":"HornCleat"},{"floor":13,"key":"Odd Mushroom"},{"floor":14,"key":"Cables"},{"floor":24,"key":"Oddly Smooth Stone"},{"floor":26,"key":"Pear"},{"floor":31,"key":"Gremlin Horn"},{"floor":41,"key":"Ancient Tea Set"},{"floor":43,"key":"Smiling Mask"},{"floor":54,"key":"Anchor"}],"event_choices":[{"damage_healed":0,"gold_gain":0,"player_choice":"Leave","damage_taken":0,"max_hp_gain":0,"max_hp_loss":0,"event_name":"The Cleric","floor":2,"gold_loss":0},{"damage_healed":0,"gold_gain":0,"player_choice":"Box","damage_taken":0,"relics_obtained":["Mummified Hand"],"max_hp_gain":0,"max_hp_loss":0,"event_name":"Big Fish","floor":3,"gold_loss":0,"cards_obtained":["Regret"]},{"damage_healed":0,"gold_gain":75,"player_choice":"Gather Gold","damage_taken":11,"max_hp_gain":0,"max_hp_loss":0,"event_name":"World of Goop","floor":4,"gold_loss":0},{"damage_healed":0,"gold_gain":0,"player_choice":"Fought Mushrooms","damage_taken":0,"max_hp_gain":0,"max_hp_loss":0,"event_name":"Mushrooms","floor":13,"gold_loss":0},{"damage_healed":0,"gold_gain":0,"player_choice":"Searched \u00272\u0027 times","damage_taken":0,"max_hp_gain":0,"max_hp_loss":0,"event_name":"Dead Adventurer","floor":14,"gold_loss":0},{"damage_healed":0,"gold_gain":75,"player_choice":"Touch","damage_taken":7,"max_hp_gain":0,"max_hp_loss":0,"event_name":"FaceTrader","floor":20,"gold_loss":0},{"damage_healed":0,"gold_gain":0,"player_choice":"Ignored","damage_taken":0,"max_hp_gain":0,"max_hp_loss":0,"event_name":"Tomb of Lord Red Mask","floor":38,"gold_loss":0},{"damage_healed":21,"gold_gain":0,"player_choice":"Writhe","damage_taken":0,"max_hp_gain":0,"max_hp_loss":0,"event_name":"Winding Halls","floor":48,"gold_loss":0,"cards_obtained":["Writhe"]}],"is_beta":false,"boss_relics":[{"not_picked":["Velvet Choker","Runic Dome","Cursed Key"]},{"not_picked":["Philosopher\u0027s Stone","Sozu","Coffee Dripper"]}],"items_purged_floors":[],"is_endless":false,"potions_floor_spawned":[7,10,11,13,14,16,18,19,21,22,24,27,28,29,31,33,35,36,37,39,41,46,54],"ascension_level":8}}