{"host":"h4lp0eeso8a0ssq0","time":1609560716,"event":{"mods":["2.2 Compatiblity","AchievementEnabler","BaseMod","CapriCore","Colored Map","Lobotomy","Minty Spire (QoL Compilation)","StSLib","SuperFastMode"],"gold_per_floor":[111,131,131,141,160,160,174,191,214,139,39,39,39,57,57,57,57],"floor_reached":16,"playtime":280,"items_purged":["Defend_P","Strike_P"],"score":94,"play_id":"5aff5b53-271b-445a-99b2-163057876957","local_time":"20210102131156","is_ascension_mode":false,"campfire_choices":[{"data":"Eruption","floor":6.0,"key":"SMITH"},{"floor":15,"key":"REST"}],"circlet_count":0,"master_deck":["Strike_P","Strike_P","Defend_P","Defend_P","Eruption+1","Vigilance+1"],"relics":["Sozu"],"acts_visited":["Exordium"],"potions_floor_usage":[],"damage_taken":[{"damage":1.0,"enemies":"Jaw Worm","floor":1.0,"turns":4.0},{"damage":2.0,"enemies":"Cultist","floor":2.0,"turns":3.0},{"damage":1.0,"enemies":"2 Louse","floor":4.0,"turns":3.0},{"damage":3.0,"enemies":"Large Slime","floor":5.0,"turns":7.0},{"damage":5.0,"enemies":"Gremlin Gang","floor":7.0,"turns":4.0},{"damage":0.0,"enemies":"Red Slaver","floor":8.0,"turns":3.0},{"damage":14,"enemies":"Blue Slaver","floor":14,"turns":3},{"damage":54,"enemies":"Hexaghost","floor":16,"turns":11}],"seed_played":"4137587442490655830","potions_obtained":[],"is_trial":false,"path_per_floor":["M","M","?","M","M","R","M","M","T","$","$","?","?","M","R","B"],"character_chosen":"WATCHER","items_purchased":[],"campfire_rested":1,"item_purchase_floors":[],"current_hp_per_floor":[71,69,69,68,65,65,60,60,60,60,60,60,60,46,67,13,13],"gold":57,"neow_bonus":"BOSS_RELIC","is_daily":false,"chose_seed":false,"campfire_upgraded":1,"win_rate":0.0,"timestamp":1609560716,"path_taken":["M","M","?","?","M","R","M","M","T","?","$","?","?","?","R","BOSS"],"items_purchased_type":[],"build_version":"2020-12-22","purchased_purges":2,"victory":false,"max_hp_per_floor":[72,72,72,72,72,72,72,72,72,72,72,72,72,72,72,72,72],"card_choices":[{"not_picked":["FollowUp","Crescendo","Consecrate"],"picked":"SKIP","floor":1.0},{"not_picked":["DeceiveReality","Halt","WreathOfFlame"],"picked":"SKIP","floor":2.0},{"not_picked":["ThirdEye","PathToVictory","Tantrum"],"picked":"SKIP","floor":4.0},{"not_picked":["CutThroughFate","Swivel","EmptyMind"],"picked":"SKIP","floor":5.0},{"not_picked":["Devotion","ThirdEye","Crescendo"],"picked":"SKIP","floor":7.0},{"not_picked":["EmptyFist","Prostrate","BowlingBash"],"picked":"SKIP","floor":8.0},{"not_picked":["Crescendo","ReachHeaven","EmptyMind"],"picked":"SKIP","floor":14}],"player_experience":28725,"relics_obtained":[],"event_choices":[{"cards_removed":["Strike_P"],"damage_healed":0.0,"max_hp_gain":0.0,"max_hp_loss":0.0,"gold_gain":0.0,"event_name":"Purifier","player_choice":"Purged","floor":3.0,"gold_loss":0.0,"damage_taken":0.0},{"cards_removed":["Defend_P"],"damage_healed":0,"gold_gain":0,"player_choice":"Forget","damage_taken":0,"max_hp_gain":0,"max_hp_loss":0,"event_name":"Living Wall","floor":12,"gold_loss":0},{"damage_healed":0,"gold_gain":0,"player_choice":"Forge","damage_taken":0,"max_hp_gain":0,"max_hp_loss":0,"event_name":"Accursed Blacksmith","floor":13,"gold_loss":0,"cards_upgraded":["Vigilance"]}],"is_beta":false,"boss_relics":[],"items_purged_floors":[10,11],"is_endless":false,"potions_floor_spawned":[2,5,7],"killed_by":"Hexaghost","ascension_level":0}}