{"host":"v9oq5ccz01n9mezq","time":1609613931,"event":{"mods":["BaseMod","Colored Map","Minty Spire (QoL Compilation)"],"gold_per_floor":[118,138,148,158,158,158,177,177,177,197,231,231,251,261,261,362,362,378,388,388,400,429,461,481,10,10,10,36,135,162,175,175,272,272,284,284,300,319,331,331,346,359,359,375,402,155,185,205,205,205],"floor_reached":51,"playtime":3748,"items_purged":["Strike_B","Strike_B"],"score":827,"play_id":"f43c4fe4-bde3-4922-9e50-6cc498d41a05","local_time":"20210102135851","is_ascension_mode":false,"campfire_choices":[{"data":"Dualcast","floor":6,"key":"SMITH"},{"data":"Genetic Algorithm","floor":8,"key":"SMITH"},{"data":"Cold Snap","floor":12,"key":"SMITH"},{"data":"Lockon","floor":15,"key":"SMITH"},{"data":"Ghostly","floor":27,"key":"SMITH"},{"data":"Fission","floor":32,"key":"SMITH"},{"floor":40,"key":"REST"},{"floor":49,"key":"REST"}],"circlet_count":0,"master_deck":["Strike_B","Defend_B","Defend_B","Defend_B","Defend_B","Zap+1","Dualcast+1","Conserve Battery","Cold Snap+1","Coolheaded","Hello World","Genetic Algorithm+1","Cold Snap","Loop+1","Lockon+1","Electrodynamics+1","Conserve Battery+1","Ghostly","Ghostly","Ghostly","Ghostly","Ghostly+1","Hologram","Loop+1","Fission+1","Biased Cognition+1","Electrodynamics+1","Capacitor+1","Loop+1","Seek","Consume+1","Lockon+1"],"relics":["Cracked Core","Mercury Hourglass","Frozen Egg 2","Velvet Choker","Red Mask","HornCleat","Oddly Smooth Stone","Pear","Bottled Lightning","Singing Bowl","Ornamental Fan","Fusion Hammer","Question Card","Peace Pipe","Frozen Eye","PreservedInsect"],"acts_visited":["TheCity","TheBeyond"],"potions_floor_usage":[14,22,30,33,50,50],"damage_taken":[{"damage":1.0,"enemies":"Cultist","floor":1.0,"turns":3.0},{"damage":0.0,"enemies":"2 Louse","floor":2.0,"turns":3.0},{"damage":3.0,"enemies":"Small Slimes","floor":3.0,"turns":3.0},{"damage":0.0,"enemies":"Looter","floor":4.0,"turns":4.0},{"damage":1,"enemies":"Red Slaver","floor":7,"turns":4},{"damage":8,"enemies":"Large Slime","floor":10,"turns":5},{"damage":8,"enemies":"Lagavulin","floor":11,"turns":7},{"damage":0,"enemies":"Exordium Thugs","floor":13,"turns":4},{"damage":2,"enemies":"3 Louse","floor":14,"turns":2},{"damage":24,"enemies":"Slime Boss","floor":16,"turns":6},{"damage":15,"enemies":"2 Thieves","floor":18,"turns":2},{"damage":0,"enemies":"3 Byrds","floor":19,"turns":1},{"damage":0,"enemies":"Shelled Parasite and Fungi","floor":21,"turns":4},{"damage":0,"enemies":"Masked Bandits","floor":22,"turns":2},{"damage":0,"enemies":"Gremlin Leader","floor":23,"turns":7},{"damage":0,"enemies":"Sentry and Sphere","floor":24,"turns":5},{"damage":0,"enemies":"Slavers","floor":28,"turns":4},{"damage":1,"enemies":"Gremlin Leader","floor":30,"turns":5},{"damage":0,"enemies":"Centurion and Healer","floor":31,"turns":4},{"damage":2,"enemies":"Automaton","floor":33,"turns":9},{"damage":0,"enemies":"3 Darklings","floor":35,"turns":3},{"damage":3,"enemies":"3 Shapes","floor":37,"turns":4},{"damage":0,"enemies":"Spire Growth","floor":38,"turns":4},{"damage":2,"enemies":"Jaw Worm Horde","floor":39,"turns":2},{"damage":0,"enemies":"Sphere and 2 Shapes","floor":41,"turns":7},{"damage":0,"enemies":"3 Darklings","floor":42,"turns":4},{"damage":0,"enemies":"Jaw Worm Horde","floor":44,"turns":4},{"damage":1,"enemies":"Nemesis","floor":45,"turns":7},{"damage":0,"enemies":"Reptomancer","floor":47,"turns":5},{"damage":18,"enemies":"Maw","floor":48,"turns":8},{"damage":2,"enemies":"Awakened One","floor":50,"turns":9}],"seed_played":"938333892836180390","potions_obtained":[{"floor":2.0,"key":"Swift Potion"},{"floor":7,"key":"GamblersBrew"},{"floor":10,"key":"LiquidBronze"},{"floor":11,"key":"EssenceOfDarkness"},{"floor":16,"key":"Energy Potion"},{"floor":19,"key":"Block Potion"},{"floor":24,"key":"AttackPotion"},{"floor":31,"key":"Energy Potion"},{"floor":33,"key":"AttackPotion"},{"floor":37,"key":"DuplicationPotion"},{"floor":41,"key":"FairyPotion"}],"is_trial":false,"path_per_floor":["M","M","M","M","?","R","M","R","T","M","E","R","M","M","R","B",null,"M","M","?","M","?","E","M","$","T","R","E","?","E","M","R","B",null,"M","?","M","M","M","R","M","M","T","M","E","$","E","M","R","B",null],"character_chosen":"DEFECT","items_purchased":["Oddly Smooth Stone","Pear","Frozen Eye"],"campfire_rested":2,"item_purchase_floors":[25,25,46],"current_hp_per_floor":[74,74,71,71,71,71,70,70,70,62,54,54,54,52,52,28,75,60,60,37,37,37,37,37,47,47,47,47,47,46,48,48,46,49,49,49,48,50,48,53,53,53,53,55,56,56,58,40,57,55],"gold":205,"neow_bonus":"REMOVE_CARD","is_daily":false,"chose_seed":false,"campfire_upgraded":6,"win_rate":0.0,"timestamp":1609613931,"path_taken":["M","M","M","M","?","R","M","R","T","M","E","R","M","M","R","BOSS","M","?","?","M","?","E","M","$","T","R","E","?","E","M","R","BOSS","M","?","?","M","M","R","M","M","T","M","E","$","E","M","R","BOSS"],"items_purchased_type":["Relic","Relic","Relic"],"build_version":"2020-12-22","purchased_purges":2,"victory":true,"max_hp_per_floor":[75,75,75,75,75,75,75,75,75,75,75,75,75,75,75,75,75,75,75,37,37,37,37,37,47,47,47,47,47,47,49,49,49,49,49,49,51,53,53,53,53,53,53,55,57,57,59,59,59,59],"card_choices":[{"not_picked":["Coolheaded","Double Energy"],"picked":"Conserve Battery","floor":1.0},{"not_picked":["Redo","Stack"],"picked":"Cold Snap","floor":2.0},{"not_picked":["Leap","Redo"],"picked":"Coolheaded","floor":3.0},{"not_picked":["Beam Cell","Heatsinks"],"picked":"Hello World","floor":4},{"not_picked":["Hologram","Cold Snap"],"picked":"Genetic Algorithm","floor":7},{"not_picked":["Reprogram","Steam"],"picked":"Cold Snap","floor":10},{"not_picked":["Conserve Battery","Streamline"],"picked":"Loop+1","floor":11},{"not_picked":["Stack","Reboot"],"picked":"Lockon","floor":13},{"not_picked":["Double Energy","Steam","Coolheaded"],"picked":"SKIP","floor":14},{"not_picked":["Rainbow","All For One"],"picked":"Electrodynamics+1","floor":16},{"not_picked":["Gash","Tempest"],"picked":"Conserve Battery+1","floor":18},{"not_picked":["Stack+1","Gash","Steam Power+1"],"picked":"SKIP","floor":19},{"not_picked":["Chaos","Reboot"],"picked":"Hologram","floor":21},{"not_picked":["Ball Lightning","Capacitor+1"],"picked":"Loop+1","floor":22},{"not_picked":["Glacier","Gash","Coolheaded"],"picked":"SKIP","floor":23},{"not_picked":["Barrage","Streamline","Redo"],"picked":"SKIP","floor":24},{"not_picked":["Barrage","Blizzard"],"picked":"Fission","floor":28},{"not_picked":["Scrape","Compile Driver"],"picked":"Biased Cognition+1","floor":30},{"not_picked":["Conserve Battery+1","Stack+1","Ball Lightning"],"picked":"Singing Bowl","floor":31},{"not_picked":["Seek","Buffer+1"],"picked":"Electrodynamics+1","floor":33},{"not_picked":["Coolheaded","Go for the Eyes"],"picked":"Capacitor+1","floor":35},{"not_picked":["Hologram","Coolheaded","Go for the Eyes"],"picked":"Singing Bowl","floor":37},{"not_picked":["Compile Driver+1","Ball Lightning","Hello World+1"],"picked":"Singing Bowl","floor":38},{"not_picked":["Tempest","Sweeping Beam+1"],"picked":"Loop+1","floor":39},{"not_picked":["Stack","Steam Power+1"],"picked":"Seek","floor":41},{"not_picked":["Genetic Algorithm","Gash"],"picked":"Consume+1","floor":42},{"not_picked":["Compile Driver","Steam Power","Force Field+1","Heatsinks+1"],"picked":"Singing Bowl","floor":44},{"not_picked":["Coolheaded","Redo+1","Seek","Biased Cognition+1"],"picked":"Singing Bowl","floor":45},{"not_picked":["Streamline+1","Leap","Barrage+1","Redo"],"picked":"Singing Bowl","floor":47},{"not_picked":["Stack","Rip and Tear","Force Field+1"],"picked":"Lockon+1","floor":48}],"player_experience":48483,"relics_obtained":[{"floor":9,"key":"Mercury Hourglass"},{"floor":11,"key":"Frozen Egg 2"},{"floor":22,"key":"Red Mask"},{"floor":23,"key":"HornCleat"},{"floor":26,"key":"Bottled Lightning"},{"floor":28,"key":"Singing Bowl"},{"floor":30,"key":"Ornamental Fan"},{"floor":43,"key":"Question Card"},{"floor":45,"key":"Peace Pipe"},{"floor":47,"key":"PreservedInsect"}],"event_choices":[{"damage_healed":0,"gold_gain":0,"player_choice":"Forge","damage_taken":0,"max_hp_gain":0,"max_hp_loss":0,"event_name":"Accursed Blacksmith","floor":5,"gold_loss":0,"cards_upgraded":["Zap"]},{"damage_healed":0,"gold_gain":0,"player_choice":"Became a Ghost","damage_taken":0,"max_hp_gain":0,"max_hp_loss":38,"event_name":"Ghosts","floor":20,"gold_loss":0,"cards_obtained":["Ghostly","Ghostly","Ghostly","Ghostly","Ghostly"]},{"damage_healed":0,"gold_gain":0,"player_choice":"Fought Bandits","damage_taken":0,"max_hp_gain":0,"max_hp_loss":0,"event_name":"Masked Bandits","floor":22,"gold_loss":0},{"damage_healed":0,"gold_gain":99,"player_choice":"Stole From Cult","damage_taken":0,"max_hp_gain":0,"max_hp_loss":0,"event_name":"Nest","floor":29,"gold_loss":0},{"damage_healed":0,"gold_gain":0,"player_choice":"Ignored","damage_taken":0,"max_hp_gain":0,"max_hp_loss":0,"event_name":"NoteForYourself","floor":36,"gold_loss":0}],"is_beta":false,"boss_relics":[{"not_picked":["Philosopher\u0027s Stone","Ectoplasm"],"picked":"Velvet Choker"},{"not_picked":["FrozenCore","Empty Cage"],"picked":"Fusion Hammer"}],"items_purged_floors":[25,46],"is_endless":false,"potions_floor_spawned":[2,7,10,11,16,18,19,24,31,33,37,41,42,47,48],"ascension_level":0}}