{"host":"dhv3u8yhd2rnugsp","time":1609621854,"event":{"mods":["BaseMod","Block Reminder","Colored Map","Googly Eyes","Highlight Path","Minty Spire (QoL Compilation)","Permanent Neow","Quick Restart","Random Character Button","StSLib"],"gold_per_floor":[112,112,126,0,17,44,58,58,58,92,92,108,108,123,123,198,198,210,183,183,108,123,155,155,155,155],"floor_reached":25,"playtime":1299,"items_purged":["Strike_G"],"score":591,"play_id":"df93edda-61c4-4fbf-ae80-5f51754869d3","local_time":"20210102151054","is_ascension_mode":true,"campfire_choices":[{"data":"Neutralize","floor":8,"key":"SMITH"},{"data":"Deadly Poison","floor":11,"key":"SMITH"},{"data":"Footwork","floor":13,"key":"SMITH"},{"data":"Deadly Poison","floor":15,"key":"SMITH"},{"floor":24,"key":"REST"}],"circlet_count":0,"master_deck":["AscendersBane","Strike_G","Strike_G","Strike_G","Defend_G","Defend_G","Defend_G","Defend_G","Defend_G","Survivor","Neutralize+1","Cloak And Dagger","Deadly Poison+1","Dagger Throw","PiercingWail","PiercingWail","Deadly Poison+1","Cloak And Dagger+1","Footwork+1","Venomology+1","Night Terror+1","Backflip+1","PiercingWail+1","Escape Plan+1","Deadly Poison+1"],"relics":["HoveringKite","Mango","CaptainsWheel","Toxic Egg 2","Nunchaku","SacredBark","Singing Bowl"],"acts_visited":["Exordium","TheCity"],"potions_floor_usage":[6,16,16,16,19,22,22,23,25,25,25],"damage_taken":[{"damage":1,"enemies":"Cultist","floor":1,"turns":4},{"damage":0,"enemies":"2 Louse","floor":3,"turns":3},{"damage":0,"enemies":"Jaw Worm","floor":5,"turns":4},{"damage":32,"enemies":"Gremlin Nob","floor":6,"turns":4},{"damage":0,"enemies":"Blue Slaver","floor":7,"turns":4},{"damage":18,"enemies":"Lagavulin","floor":10,"turns":7},{"damage":0,"enemies":"Exordium Wildlife","floor":12,"turns":3},{"damage":0,"enemies":"3 Louse","floor":14,"turns":4},{"damage":0,"enemies":"Hexaghost","floor":16,"turns":10},{"damage":5,"enemies":"Spheric Guardian","floor":18,"turns":5},{"damage":8,"enemies":"2 Thieves","floor":19,"turns":4},{"damage":0,"enemies":"Snake Plant","floor":22,"turns":4},{"damage":17,"enemies":"Book of Stabbing","floor":23,"turns":9},{"damage":45,"enemies":"Gremlin Leader","floor":25,"turns":7}],"seed_played":"3531439320930185012","potions_obtained":[{"floor":1,"key":"DuplicationPotion"},{"floor":10,"key":"FearPotion"},{"floor":14,"key":"Dexterity Potion"},{"floor":19,"key":"Weak Potion"},{"floor":23,"key":"PowerPotion"}],"is_trial":false,"path_per_floor":["M","T","M","$","M","E","M","R","T","E","R","M","R","M","R","B",null,"M","M","?","?","M","E","R","E"],"character_chosen":"THE_SILENT","items_purchased":["Dagger Throw"],"campfire_rested":1,"item_purchase_floors":[4],"current_hp_per_floor":[58,72,72,72,72,40,40,40,40,22,22,22,22,22,22,22,66,61,53,30,30,30,13,38,0,0],"gold":155,"neow_bonus":"BOSS_RELIC","is_daily":false,"chose_seed":false,"campfire_upgraded":4,"win_rate":0.0,"timestamp":1609621854,"path_taken":["M","?","M","?","M","E","M","R","T","E","R","M","R","M","R","BOSS","M","M","?","?","M","E","R","E"],"items_purchased_type":["Card"],"build_version":"2020-12-22","purchased_purges":1,"victory":false,"max_hp_per_floor":[66,80,80,80,80,80,80,80,80,80,80,80,80,80,80,80,80,80,80,85,85,85,85,85,85,85],"card_choices":[{"not_picked":["Setup","Dagger Spray"],"picked":"Cloak And Dagger","floor":1},{"not_picked":["PiercingWail","Outmaneuver"],"picked":"Deadly Poison","floor":3},{"not_picked":["Calculated Gamble","Distraction"],"picked":"PiercingWail","floor":5},{"not_picked":["Expertise","Riddle With Holes"],"picked":"PiercingWail","floor":6},{"not_picked":["Slice","Reflex"],"picked":"Deadly Poison","floor":7},{"not_picked":["Bane","Dagger Spray"],"picked":"Cloak And Dagger+1","floor":10},{"not_picked":["Deflect+1","Deadly Poison+1"],"picked":"Footwork","floor":12},{"not_picked":["Dagger Spray","PiercingWail+1"],"picked":"Venomology+1","floor":14},{"not_picked":["Doppelganger+1","Wraith Form v2"],"picked":"Night Terror+1","floor":16},{"not_picked":["PiercingWail+1","Dagger Throw"],"picked":"Backflip+1","floor":18},{"not_picked":["Poisoned Stab","Eviscerate"],"picked":"PiercingWail+1","floor":19},{"not_picked":["Backflip+1","Deflect+1"],"picked":"Escape Plan+1","floor":22},{"not_picked":["Footwork","Envenom"],"picked":"Deadly Poison+1","floor":23}],"player_experience":1614754,"relics_obtained":[{"floor":2,"key":"Mango"},{"floor":6,"key":"CaptainsWheel"},{"floor":9,"key":"Toxic Egg 2"},{"floor":10,"key":"Nunchaku"},{"floor":23,"key":"Singing Bowl"}],"event_choices":[{"damage_healed":0,"gold_gain":0,"player_choice":"Shed Blood","damage_taken":28,"max_hp_gain":5,"max_hp_loss":0,"event_name":"Forgotten Altar","floor":20,"gold_loss":0},{"cards_removed":["Strike_G"],"damage_healed":0,"gold_gain":0,"player_choice":"Gave Gold","damage_taken":0,"max_hp_gain":0,"max_hp_loss":0,"event_name":"Beggar","floor":21,"gold_loss":75}],"is_beta":false,"boss_relics":[{"not_picked":["Busted Crown","Sozu"],"picked":"SacredBark"}],"items_purged_floors":[4],"is_endless":false,"potions_floor_spawned":[1,10,14,19,23],"killed_by":"Gremlin Leader","ascension_level":20}}