{"host":"gzl5v2622u1zbb8f","time":1609605674,"event":{"mods":["AchievementEnabler","BaseMod","Colored Map","Colored Powertips","Minty Spire (QoL Compilation)","Quick Restart"],"gold_per_floor":[113,113,0,15,15,15,15,49,76,151,151,168,168,185,185,280,280,300,228,251,262,290,290,290,290],"floor_reached":24,"playtime":736,"items_purged":[],"score":211,"play_id":"b882aa5f-73c9-4b9b-a12d-dc89a79a57d1","local_time":"20210102184114","is_ascension_mode":true,"campfire_choices":[{"data":"Rebound","floor":6,"key":"SMITH"},{"floor":11,"key":"REST"},{"data":"Barrage","floor":13,"key":"SMITH"},{"data":"Barrage","floor":15,"key":"SMITH"},{"floor":23,"key":"REST"}],"circlet_count":0,"master_deck":["Strike_B","Strike_B","Strike_B","Strike_B","Defend_B","Defend_B","Defend_B","Defend_B","Zap","Dualcast","BootSequence","Glacier","Capacitor","Rebound+1","Barrage+1","Barrage+1","Coolheaded","Rainbow","Turbo","Sunder","Barrage","Cold Snap","Steam"],"relics":["Cracked Core","Tiny Chest","Pen Nib","Toy Ornithopter","SlaversCollar","Dream Catcher","Red Mask"],"acts_visited":["Exordium","TheCity"],"potions_floor_usage":[],"damage_taken":[{"damage":11,"enemies":"Small Slimes","floor":1,"turns":4},{"damage":0,"enemies":"Cultist","floor":4,"turns":5},{"damage":14,"enemies":"Lagavulin","floor":8,"turns":8},{"damage":0,"enemies":"2 Louse","floor":12,"turns":3},{"damage":0,"enemies":"Large Slime","floor":14,"turns":4},{"damage":27,"enemies":"Slime Boss","floor":16,"turns":10},{"damage":0,"enemies":"Chosen","floor":18,"turns":4},{"damage":15,"enemies":"Shell Parasite","floor":21,"turns":5},{"damage":37,"enemies":"Masked Bandits","floor":22,"turns":4},{"damage":38,"enemies":"Gremlin Leader","floor":24,"turns":5}],"seed_played":"1879790057938292309","potions_obtained":[{"floor":4,"key":"PowerPotion"},{"floor":8,"key":"FocusPotion"},{"floor":16,"key":"AttackPotion"},{"floor":22,"key":"FocusPotion"}],"is_trial":false,"path_per_floor":["M","?","$","M","$","R","$","E","T","?","R","M","R","M","R","B",null,"M","$","T","M","?","R","E"],"character_chosen":"DEFECT","items_purchased":["Glacier","Capacitor","Sunder"],"campfire_rested":2,"item_purchase_floors":[3,3,19],"current_hp_per_floor":[64,64,64,64,64,64,64,50,50,39,61,61,61,61,61,34,75,75,75,75,60,23,45,7,7],"gold":290,"neow_bonus":"RANDOM_COMMON_RELIC","is_daily":false,"chose_seed":false,"campfire_upgraded":3,"win_rate":0.0,"timestamp":1609605674,"path_taken":["M","?","?","M","$","R","$","E","T","?","R","M","R","M","R","BOSS","M","$","?","M","?","R","E"],"items_purchased_type":["Card","Card","Card"],"build_version":"2020-12-22","purchased_purges":0,"victory":false,"max_hp_per_floor":[75,75,75,75,75,75,75,75,75,75,75,75,75,75,75,75,75,75,75,75,75,75,75,75,75],"card_choices":[{"not_picked":["Leap","Compile Driver"],"picked":"BootSequence","floor":1},{"not_picked":["Aggregate","Static Discharge"],"picked":"Rebound","floor":4},{"not_picked":["Skim","BootSequence"],"picked":"Barrage","floor":8},{"not_picked":["Redo","Hologram"],"picked":"Barrage","floor":12},{"not_picked":["Capacitor","Recycle"],"picked":"Coolheaded","floor":14},{"not_picked":["Fission","Creative AI"],"picked":"Rainbow","floor":16},{"not_picked":["Gash+1","Hologram"],"picked":"Turbo","floor":18},{"not_picked":["Heatsinks","Streamline+1"],"picked":"Barrage","floor":21},{"not_picked":["Machine Learning","Storm"],"picked":"Cold Snap","floor":22},{"not_picked":["Undo","Streamline"],"picked":"Steam","floor":23}],"player_experience":28242,"relics_obtained":[{"floor":8,"key":"Pen Nib"},{"floor":9,"key":"Toy Ornithopter"},{"floor":20,"key":"Dream Catcher"},{"floor":22,"key":"Red Mask"}],"event_choices":[{"damage_healed":0,"gold_gain":0,"player_choice":"Ignored","damage_taken":0,"max_hp_gain":0,"max_hp_loss":0,"event_name":"WeMeetAgain","floor":2,"gold_loss":0},{"damage_healed":0,"gold_gain":75,"player_choice":"Gather Gold","damage_taken":11,"max_hp_gain":0,"max_hp_loss":0,"event_name":"World of Goop","floor":10,"gold_loss":0},{"damage_healed":0,"gold_gain":0,"player_choice":"Fought Bandits","damage_taken":0,"max_hp_gain":0,"max_hp_loss":0,"event_name":"Masked Bandits","floor":22,"gold_loss":0}],"is_beta":false,"boss_relics":[{"not_picked":["Cursed Key","Inserter"],"picked":"SlaversCollar"}],"items_purged_floors":[],"is_endless":false,"potions_floor_spawned":[4,8,16,18,21,22],"killed_by":"Gremlin Leader","ascension_level":2}}