{"host":"kymla13zdh49urji","time":1609583740,"event":{"mods":["BaseMod","Conspire","Friendly Minions","Hermit","Minty Spire (QoL Compilation)","Replay The Spire","StSLib","The Construct","The Disciple"],"gold_per_floor":[117,117,133,48,65,65,65,65,139,139,167,177,192,192,192,292,292,308,308,318,331,28,28,28],"floor_reached":23,"playtime":2561,"items_purged":["Amnesia"],"score":191,"play_id":"f6a5ddfe-207f-44b7-9937-aecb20f4315e","local_time":"20210102023540","is_ascension_mode":false,"campfire_choices":[{"data":"hermit:Showdown","floor":6,"key":"SMITH"},{"data":"hermit:BigShot","floor":8,"key":"SMITH"},{"data":"hermit:Snapshot","floor":10,"key":"SMITH"},{"data":"hermit:HighNoon","floor":15,"key":"SMITH"}],"circlet_count":0,"master_deck":["hermit:Strike_Hermit","hermit:Strike_Hermit","hermit:Strike_Hermit","hermit:Strike_Hermit","hermit:Defend_Hermit","hermit:Defend_Hermit","hermit:Defend_Hermit","hermit:Defend_Hermit","hermit:Snapshot+1","hermit:Covet","hermit:BigShot+1","hermit:TrackingShot","hermit:Combo+1","hermit:Coalescence+1","hermit:Showdown+1","hermit:Gestalt","hermit:GoldenBullet","hermit:HighNoon+1","hermit:EternalForm","hermit:WideOpen+1","hermit:NoHoldsBarred","hermit:Feint","hermit:TakeAim","hermit:Enervate","Purity"],"relics":["hermit:Momento","NeowsBlessing","conspire:Dentures","Ancient Tea Set","Busted Crown"],"acts_visited":["Exordium","TheCity"],"potions_floor_usage":[16,20],"damage_taken":[{"damage":0,"enemies":"Small Slimes","floor":1,"turns":1},{"damage":0,"enemies":"Jaw Worm","floor":3,"turns":1},{"damage":0,"enemies":"Cultist","floor":5,"turns":1},{"damage":15,"enemies":"Gremlin Nob","floor":11,"turns":4},{"damage":0,"enemies":"Large Slime","floor":12,"turns":4},{"damage":19,"enemies":"3 Louse","floor":13,"turns":4},{"damage":60,"enemies":"Hexaghost","floor":16,"turns":9},{"damage":21,"enemies":"Shell Parasite","floor":18,"turns":7},{"damage":33,"enemies":"conspire:FuzzyDice","floor":20,"turns":6},{"damage":1,"enemies":"conspire:HollyBat","floor":21,"turns":7},{"damage":27,"enemies":"Replay:Snechameleon","floor":23,"turns":4}],"seed_played":"-2413652486663615966","potions_obtained":[{"floor":13,"key":"Energy Potion"},{"floor":16,"key":"Elixir"},{"floor":18,"key":"Weak Potion"},{"floor":21,"key":"SneckoOil"}],"is_trial":false,"path_per_floor":["M","?","M","$","M","R","?","R","T","R","E","M","M","?","R","B",null,"M","?","M","M","$","E"],"character_chosen":"HERMIT","items_purchased":["hermit:Combo","hermit:Coalescence","hermit:TakeAim","hermit:Enervate","Purity"],"campfire_rested":0,"item_purchase_floors":[4,4,22,22,22],"current_hp_per_floor":[75,75,75,75,75,75,60,60,60,60,45,45,26,75,75,15,75,54,54,21,20,20,0,0],"gold":28,"neow_bonus":"THREE_ENEMY_KILL","is_daily":false,"chose_seed":false,"campfire_upgraded":4,"win_rate":0.0,"timestamp":1609583740,"path_taken":["M","?","M","?","?","R","?","R","T","R","E","M","M","?","R","BOSS","M","?","M","M","$","E"],"items_purchased_type":["Card","Card","Card","Card","Card"],"build_version":"2020-12-22","purchased_purges":1,"victory":false,"max_hp_per_floor":[75,75,75,75,75,75,75,75,75,75,75,75,75,75,75,75,75,75,75,75,75,75,75,75],"card_choices":[{"not_picked":["hermit:Dive","hermit:Ricochet"],"picked":"hermit:BigShot","floor":1},{"not_picked":["hermit:Manifest","hermit:Horror"],"picked":"hermit:TrackingShot","floor":3},{"not_picked":["hermit:TakeAim","hermit:Enervate"],"picked":"hermit:Showdown","floor":5},{"not_picked":["hermit:CalledShot","hermit:Manifest"],"picked":"hermit:Gestalt","floor":11},{"not_picked":["hermit:TakeCover","hermit:Desperado"],"picked":"hermit:GoldenBullet","floor":12},{"not_picked":["hermit:TrackingShot","hermit:Roulette"],"picked":"hermit:HighNoon","floor":13},{"not_picked":["hermit:HeroicBravado","hermit:Gambit"],"picked":"hermit:EternalForm","floor":16},{"not_picked":[],"picked":"hermit:WideOpen+1","floor":18},{"not_picked":[],"picked":"hermit:Feint","floor":20},{"not_picked":["hermit:Showdown"],"picked":"SKIP","floor":21}],"player_experience":96103,"relics_obtained":[{"floor":9,"key":"conspire:Dentures"},{"floor":11,"key":"Ancient Tea Set"}],"event_choices":[{"damage_healed":0,"gold_gain":0,"player_choice":"Entered Light","damage_taken":15,"max_hp_gain":0,"max_hp_loss":0,"event_name":"Shining Light","floor":7,"gold_loss":0,"cards_upgraded":["hermit:Coalescence","hermit:Combo"]},{"damage_healed":0,"gold_gain":0,"player_choice":"Read","damage_taken":0,"max_hp_gain":0,"max_hp_loss":0,"event_name":"The Library","floor":19,"gold_loss":0,"cards_obtained":["hermit:NoHoldsBarred"]}],"is_beta":false,"boss_relics":[{"not_picked":["hermit:DentedPlate","Kintsugi"],"picked":"Busted Crown"}],"items_purged_floors":[22],"is_endless":false,"potions_floor_spawned":[13,16,18,21],"killed_by":"Replay:Snechameleon","ascension_level":0}}