{"host":"utqe55yv0jihe4d6","time":1609615575,"event":{"mods":["2.2 Compatiblity","AchievementEnabler","BaseMod","Block Reminder","Colored Map","Colored Powertips","Minty Spire (QoL Compilation)","Quick Restart","Rare Cards Sparkle","Relic Stats","SuperFastMode"],"gold_per_floor":[116,130,148,161,42,42,53,83,83,116,116,128,142,156,156,233,233,249,164,164,178,228,254,254,254,254],"floor_reached":25,"playtime":827,"items_purged":["Strike_R"],"score":470,"play_id":"84d4c16e-de20-40d2-ab94-1b3af51cbe46","local_time":"20210102142615","is_ascension_mode":true,"campfire_choices":[{"data":"Whirlwind","floor":6.0,"key":"SMITH"},{"data":"1","floor":11.0,"key":"LIFT"},{"data":"Disarm","floor":15.0,"key":"SMITH"},{"floor":24,"key":"REST"}],"circlet_count":0,"master_deck":["AscendersBane","Strike_R","Strike_R","Strike_R","Strike_R","Defend_R","Defend_R","Defend_R","Defend_R","Bash","Whirlwind+1","Combust","Pommel Strike","Disarm+1","Shockwave","Shrug It Off","Twin Strike","True Grit","Shrug It Off","Immolate","Shockwave+1","Feel No Pain"],"relics":["Burning Blood","PreservedInsect","Toy Ornithopter","Pear","Girya","Cursed Key","Question Card","Anchor"],"acts_visited":["Exordium","TheCity"],"potions_floor_usage":[23],"damage_taken":[{"damage":6.0,"enemies":"Cultist","floor":1.0,"turns":4.0},{"damage":10.0,"enemies":"Small Slimes","floor":2.0,"turns":4.0},{"damage":2.0,"enemies":"2 Louse","floor":3.0,"turns":2.0},{"damage":8.0,"enemies":"2 Fungi Beasts","floor":4.0,"turns":2.0},{"damage":17.0,"enemies":"Blue Slaver","floor":7.0,"turns":5.0},{"damage":8.0,"enemies":"Gremlin Nob","floor":8.0,"turns":3.0},{"damage":30.0,"enemies":"Lagavulin","floor":10.0,"turns":7.0},{"damage":3.0,"enemies":"Looter","floor":12.0,"turns":3.0},{"damage":5.0,"enemies":"Exordium Thugs","floor":13.0,"turns":3.0},{"damage":11.0,"enemies":"Lots of Slimes","floor":14.0,"turns":3.0},{"damage":18.0,"enemies":"Hexaghost","floor":16.0,"turns":11.0},{"damage":22,"enemies":"2 Thieves","floor":18,"turns":2},{"damage":22,"enemies":"Shell Parasite","floor":21,"turns":5},{"damage":35,"enemies":"Gremlin Leader","floor":23,"turns":6},{"damage":42,"enemies":"Book of Stabbing","floor":25,"turns":5}],"seed_played":"-499760978547242115","potions_obtained":[{"floor":2.0,"key":"DuplicationPotion"},{"floor":3.0,"key":"LiquidMemories"},{"floor":8.0,"key":"ColorlessPotion"},{"floor":10.0,"key":"PowerPotion"},{"floor":13.0,"key":"DuplicationPotion"},{"floor":18,"key":"Ancient Potion"}],"is_trial":false,"path_per_floor":["M","M","M","M","$","R","M","E","T","E","R","M","M","M","R","B",null,"M","?","?","M","?","E","R","E"],"character_chosen":"IRONCLAD","items_purchased":["Shockwave"],"campfire_rested":1,"item_purchase_floors":[5],"current_hp_per_floor":[68,64,68,66,66,66,55,53,63,39,39,42,43,38,38,36,73,57,57,57,41,41,17,42,0,0],"gold":254,"neow_bonus":"RANDOM_COMMON_RELIC","is_daily":false,"chose_seed":false,"campfire_upgraded":2,"win_rate":0.0,"timestamp":1609615575,"path_taken":["M","M","?","M","$","R","M","E","T","E","R","M","?","M","R","BOSS","M","?","?","M","?","E","R","E"],"items_purchased_type":["Card"],"build_version":"2020-12-22","purchased_purges":1,"victory":false,"max_hp_per_floor":[75,75,75,75,75,75,75,75,85,85,85,85,85,85,85,85,85,85,85,85,85,85,85,85,85,85],"relic_stats":{"counters":[15,65],"PreservedInsect":143,"Cursed Key":0,"Question Card":2,"obtain_stats":[{"Girya":10,"Anchor":23,"Pear":9,"PreservedInsect":0,"Cursed Key":17,"Question Card":19,"Burning Blood":0,"Toy Ornithopter":8},{"Girya":7,"Anchor":14,"Pear":6,"PreservedInsect":0,"Cursed Key":11,"Question Card":12,"Burning Blood":0,"Toy Ornithopter":6},{"Girya":27,"Anchor":60,"Pear":20,"PreservedInsect":0,"Cursed Key":47,"Question Card":49,"Burning Blood":0,"Toy Ornithopter":20}],"Burning Blood":84,"Toy Ornithopter":15},"card_choices":[{"not_picked":["True Grit","Shrug It Off"],"picked":"Whirlwind","floor":1.0},{"not_picked":["Iron Wave","Shrug It Off"],"picked":"Combust","floor":2.0},{"not_picked":["Warcry","Iron Wave"],"picked":"Pommel Strike","floor":3.0},{"not_picked":["Twin Strike","Perfected Strike"],"picked":"Disarm","floor":4.0},{"not_picked":["Anger","Heavy Blade"],"picked":"Shrug It Off","floor":7.0},{"not_picked":["Perfected Strike","Clash","Berserk"],"picked":"SKIP","floor":8.0},{"not_picked":["Sever Soul","Shrug It Off"],"picked":"Twin Strike","floor":10.0},{"not_picked":["Perfected Strike","Bloodletting"],"picked":"True Grit","floor":12.0},{"not_picked":["Reckless Charge","Thunderclap","Bloodletting"],"picked":"SKIP","floor":13.0},{"not_picked":["Sword Boomerang","Clash"],"picked":"Shrug It Off","floor":14.0},{"not_picked":["Fiend Fire","Double Tap"],"picked":"Immolate","floor":16.0},{"not_picked":["Perfected Strike","Infernal Blade"],"picked":"Shockwave+1","floor":18},{"not_picked":["Headbutt","Flex+1","Body Slam+1"],"picked":"Feel No Pain","floor":21},{"not_picked":["Twin Strike","Clash+1","True Grit","Blood for Blood"],"picked":"SKIP","floor":23}],"player_experience":2915247,"relics_obtained":[{"floor":8.0,"key":"Toy Ornithopter"},{"floor":9.0,"key":"Pear"},{"floor":10.0,"key":"Girya"},{"floor":23,"key":"Anchor"}],"event_choices":[{"damage_healed":0,"gold_gain":0,"player_choice":"Obtained Relic","damage_taken":0,"relics_obtained":["Question Card"],"max_hp_gain":0,"max_hp_loss":0,"event_name":"Addict","floor":19,"gold_loss":85},{"damage_healed":0,"gold_gain":0,"player_choice":"Ignored","damage_taken":0,"max_hp_gain":0,"max_hp_loss":0,"event_name":"Ghosts","floor":20,"gold_loss":0},{"damage_healed":0,"gold_gain":50,"player_choice":"Stole From Cult","damage_taken":0,"max_hp_gain":0,"max_hp_loss":0,"event_name":"Nest","floor":22,"gold_loss":0}],"is_beta":false,"boss_relics":[{"not_picked":["Black Blood","Astrolabe"],"picked":"Cursed Key"}],"items_purged_floors":[5],"is_endless":false,"potions_floor_spawned":[2,3,8,10,13,14,18],"killed_by":"Book of Stabbing","ascension_level":20}}