{"host":"agflykcedf93aoo8","time":1609599394,"event":{"mods":["BaseMod","Hermit","Minty Spire (QoL Compilation)","StSLib","Td1madao Mod","The Cursed","The Gatherer","The Hierophant","The Runesmith"],"gold_per_floor":[116,116,136,21,21,49,49,61,61,61,79,99,99,118,118,219,219,239,239,239,93,104,132,132,132,132],"floor_reached":25,"playtime":1437,"items_purged":["Regret"],"score":244,"play_id":"d0538720-bcd0-4b81-8a9f-8ee889449229","local_time":"20210102235634","is_ascension_mode":false,"campfire_choices":[{"data":"Preparedness","floor":7,"key":"SMITH"},{"data":"Chip","floor":10,"key":"SMITH"},{"floor":15,"key":"REST"}],"circlet_count":0,"master_deck":["Strike_C","Strike_C","Strike_C","Strike_C+1","Defend_C","Defend_C","Defend_C","Defend_C","Knight Kick","Chip+1","Light Attack","Reflection Mechanism+1","Preparedness+1","Retrieval Recycling","Here Defend Chip","Black Dance","Im Angry","Machining","Defend System","Defend System"],"relics":["Apod","NeowsBlessing","Sundial","PreservedInsect","Letter Opener","Odd Mushroom","Bottled Flame","Sozu","Orichalcum","Bottled Lightning"],"acts_visited":["Exordium","TheCity"],"potions_floor_usage":[16,16,16,18],"damage_taken":[{"damage":0,"enemies":"Cultist","floor":1,"turns":1},{"damage":0,"enemies":"2 Louse","floor":3,"turns":1},{"damage":0,"enemies":"Gremlin Nob","floor":6,"turns":1},{"damage":5,"enemies":"Small Slimes","floor":8,"turns":3},{"damage":8,"enemies":"Looter","floor":11,"turns":3},{"damage":17,"enemies":"The Mushroom Lair","floor":12,"turns":5},{"damage":7,"enemies":"Blue Slaver","floor":14,"turns":3},{"damage":7,"enemies":"Hexaghost","floor":16,"turns":7},{"damage":15,"enemies":"Shell Parasite","floor":18,"turns":6},{"damage":17,"enemies":"Chosen","floor":22,"turns":5},{"damage":23,"enemies":"Gremlin Leader","floor":23,"turns":5},{"damage":6,"enemies":"Snake Plant","floor":25,"turns":3}],"seed_played":"5878003157703577333","potions_obtained":[{"floor":3,"key":"Dexterity Potion"},{"floor":6,"key":"Energy Potion"},{"floor":8,"key":"Weak Potion"},{"floor":12,"key":"Swift Potion"},{"floor":16,"key":"SkillPotion"}],"is_trial":false,"path_per_floor":["M","?","M","$","?","E","R","M","T","R","M","?","T","M","R","B",null,"M","?","?","$","M","E","?","M"],"character_chosen":"TD1MADAO_CLASS","items_purchased":["Preparedness","Orichalcum"],"campfire_rested":1,"item_purchase_floors":[4,21],"current_hp_per_floor":[70,70,70,70,56,56,56,51,51,51,43,26,26,19,40,33,70,55,55,55,55,38,15,6,0,0],"gold":132,"neow_bonus":"THREE_ENEMY_KILL","is_daily":false,"chose_seed":false,"campfire_upgraded":2,"win_rate":0.0,"timestamp":1609599394,"path_taken":["M","?","M","$","?","E","R","M","T","R","M","?","?","?","R","BOSS","M","?","?","$","M","E","?","M"],"items_purchased_type":["Card","Relic"],"build_version":"2020-12-22","purchased_purges":1,"victory":false,"max_hp_per_floor":[70,70,70,70,70,70,70,70,70,70,70,70,70,70,70,70,70,70,70,70,70,70,70,70,70,70],"card_choices":[{"not_picked":["Fire Up","Fixing"],"picked":"Light Attack","floor":1},{"not_picked":["Black Hand","Machining"],"picked":"Reflection Mechanism","floor":3},{"not_picked":["Oblique Hack","Lore","Coercion"],"picked":"SKIP","floor":6},{"not_picked":["Twin Teeth","Cursed Blade","White Contract"],"picked":"SKIP","floor":8},{"not_picked":["Rupture","White Contract"],"picked":"Retrieval Recycling","floor":11},{"not_picked":["Black Spear","Resistance"],"picked":"Here Defend Chip","floor":12},{"not_picked":["Here Defend Chip","Rupture"],"picked":"Black Dance","floor":14},{"not_picked":["Format All Data","Black Warm Hole"],"picked":"Im Angry","floor":16},{"not_picked":["Rupture","Afterwards"],"picked":"Machining","floor":18},{"not_picked":["Black Hand","Trader","Black Shadow"],"picked":"SKIP","floor":22},{"not_picked":["Fixing+1","Here Defend Chip"],"picked":"Defend System","floor":23}],"player_experience":367363,"relics_obtained":[{"floor":6,"key":"PreservedInsect"},{"floor":9,"key":"Letter Opener"},{"floor":12,"key":"Odd Mushroom"},{"floor":13,"key":"Bottled Flame"},{"floor":23,"key":"Bottled Lightning"}],"event_choices":[{"damage_healed":0,"gold_gain":0,"player_choice":"Box","damage_taken":0,"relics_obtained":["Sundial"],"max_hp_gain":0,"max_hp_loss":0,"event_name":"Big Fish","floor":2,"gold_loss":0,"cards_obtained":["Regret"]},{"damage_healed":0,"gold_gain":0,"player_choice":"Entered Light","damage_taken":14,"max_hp_gain":0,"max_hp_loss":0,"event_name":"Shining Light","floor":5,"gold_loss":0,"cards_upgraded":["Strike_C","Reflection Mechanism"]},{"damage_healed":0,"gold_gain":0,"player_choice":"Fought Mushrooms","damage_taken":0,"max_hp_gain":0,"max_hp_loss":0,"event_name":"Mushrooms","floor":12,"gold_loss":0},{"damage_healed":0,"gold_gain":0,"player_choice":"Ignored","damage_taken":0,"max_hp_gain":0,"max_hp_loss":0,"event_name":"Ghosts","floor":19,"gold_loss":0},{"damage_healed":0,"gold_gain":0,"player_choice":"Read","damage_taken":0,"max_hp_gain":0,"max_hp_loss":0,"event_name":"The Library","floor":20,"gold_loss":0,"cards_obtained":["Defend System"]},{"damage_healed":0,"gold_gain":0,"player_choice":"Stopped","damage_taken":9,"max_hp_gain":0,"max_hp_loss":0,"event_name":"Cursed Tome","floor":24,"gold_loss":0}],"is_beta":false,"boss_relics":[{"not_picked":["Black Star","Foreshadowing"],"picked":"Sozu"}],"items_purged_floors":[4],"is_endless":false,"potions_floor_spawned":[3,6,8,12,14,16,23],"killed_by":"Snake Plant","ascension_level":0}}