{"host":"1qhzi8r9ejho5yph","time":1609563944,"event":{"mods":["AchievementEnabler","BaseMod","Colored Map","Colored Powertips","Highlight Path","Minty Spire (QoL Compilation)","Permanent Neow","Quick Restart","Random Character Button","StSLib","SuperFastMode"],"gold_per_floor":[113,128,128,128,139,139,152,172,172,172,185,205,235,255,255,255,255],"floor_reached":16,"playtime":407,"items_purged":[],"score":159,"play_id":"bf43af90-0fcb-43d6-9aaa-aa551cdeda9b","local_time":"20210102130544","is_ascension_mode":true,"campfire_choices":[{"data":"Armaments","floor":6,"key":"SMITH"},{"data":"Pommel Strike","floor":10,"key":"SMITH"},{"data":"Dual Wield","floor":15,"key":"SMITH"}],"circlet_count":0,"master_deck":["AscendersBane","Strike_R","Strike_R","Strike_R","Strike_R","Defend_R","Defend_R","Defend_R","Bash","Rupture","Perfected Strike","Perfected Strike","Armaments+1","Evolve","Pommel Strike+1","Dual Wield+1"],"relics":["Burning Blood","Eternal Feather","Bird Faced Urn"],"acts_visited":["Exordium"],"potions_floor_usage":[7,12,12,12,16,16],"damage_taken":[{"damage":18,"enemies":"Jaw Worm","floor":1,"turns":5},{"damage":0,"enemies":"Small Slimes","floor":2,"turns":3},{"damage":6,"enemies":"Cultist","floor":5,"turns":3},{"damage":33,"enemies":"Exordium Thugs","floor":7,"turns":6},{"damage":0,"enemies":"Large Slime","floor":8,"turns":5},{"damage":9,"enemies":"Exordium Wildlife","floor":11,"turns":5},{"damage":5,"enemies":"2 Fungi Beasts","floor":12,"turns":3},{"damage":35,"enemies":"Lagavulin","floor":13,"turns":5},{"damage":14,"enemies":"Red Slaver","floor":14,"turns":3},{"damage":49,"enemies":"Slime Boss","floor":16,"turns":9}],"seed_played":"-915771969623584856","potions_obtained":[{"floor":2,"key":"Block Potion"},{"floor":5,"key":"DistilledChaos"},{"floor":8,"key":"EntropicBrew"},{"floor":12,"key":"BlessingOfTheForge"},{"floor":13,"key":"BloodPotion"}],"is_trial":false,"path_per_floor":["M","M","?","?","M","R","M","M","T","R","M","M","E","M","R","B"],"character_chosen":"IRONCLAD","items_purchased":[],"campfire_rested":0,"item_purchase_floors":[],"current_hp_per_floor":[60,66,59,59,59,59,32,38,38,47,44,61,32,24,33,0,0],"gold":255,"neow_bonus":"TRANSFORM_CARD","is_daily":false,"chose_seed":false,"campfire_upgraded":3,"win_rate":0.0,"timestamp":1609563944,"path_taken":["M","M","?","?","M","R","M","M","T","R","M","M","E","M","R","BOSS"],"items_purchased_type":[],"build_version":"2020-12-22","purchased_purges":0,"victory":false,"max_hp_per_floor":[80,80,80,80,80,80,80,80,80,80,80,80,80,80,80,80,80],"card_choices":[{"not_picked":["Metallicize","Second Wind"],"picked":"Perfected Strike","floor":1},{"not_picked":["Headbutt","Flex"],"picked":"Perfected Strike","floor":2},{"not_picked":["Rupture","Uppercut"],"picked":"Armaments","floor":5},{"not_picked":["Clash","Spot Weakness"],"picked":"Evolve","floor":7},{"not_picked":["Warcry","Thunderclap"],"picked":"Pommel Strike","floor":8},{"not_picked":["Headbutt","Flex","Armaments"],"picked":"SKIP","floor":11},{"not_picked":["Carnage","Limit Break","Dark Embrace"],"picked":"SKIP","floor":12},{"not_picked":["Sword Boomerang","Feel No Pain","Combust"],"picked":"SKIP","floor":13},{"not_picked":["Havoc","Headbutt"],"picked":"Dual Wield","floor":14}],"player_experience":318428,"relics_obtained":[{"floor":9,"key":"Eternal Feather"},{"floor":13,"key":"Bird Faced Urn"}],"event_choices":[{"cards_removed":["Defend_R"],"damage_healed":0,"gold_gain":0,"player_choice":"Card Removal","damage_taken":7,"max_hp_gain":0,"max_hp_loss":0,"event_name":"Golden Wing","floor":3,"gold_loss":0},{"damage_healed":0,"gold_gain":0,"player_choice":"Ignored","damage_taken":0,"max_hp_gain":0,"max_hp_loss":0,"event_name":"Liars Game","floor":4,"gold_loss":0}],"is_beta":false,"boss_relics":[],"items_purged_floors":[],"is_endless":false,"potions_floor_spawned":[2,5,8,12,13],"killed_by":"Slime Boss","ascension_level":10}}