{"host":"wwmqne3dwir10erh","time":1609554832,"event":{"mods":["BaseMod","Better Note","Hubris","Mimic Mod","Minty Spire (QoL Compilation)","Replay The Spire","StSLib","The Bladedancer"],"gold_per_floor":[110,124,142,160,171,199,199,225,225,285,285,314,329,10,10,111,111,128,403,436,448,169,195,195,195,195,206,121,154,154,354,354,495,495,514,514,563,69,69,69,134,134,192,228,290,351,424,0,0,20],"floor_reached":51,"playtime":2220,"items_purged":["Strike_G","Regret"],"score":871,"play_id":"037a2b69-5254-444b-9b76-9c0da8683ce5","local_time":"20210101213352","is_ascension_mode":true,"campfire_choices":[{"data":"Neutralize","floor":7.0,"key":"SMITH"},{"data":"Bouncing Flask","floor":11.0,"key":"SMITH"},{"floor":15.0,"key":"REST"},{"data":"ReplayTheSpireMod:Shiv Toss","floor":24.0,"key":"SMITH"},{"data":"ReplayTheSpireMod:Scrap Shanks","floor":30.0,"key":"SMITH"},{"data":"ReplayUltimateDefense","floor":40,"key":"SMITH"},{"data":"Noxious Fumes","floor":42,"key":"SMITH"},{"data":"After Image","floor":49,"key":"SMITH"}],"circlet_count":0,"master_deck":["Defend_G","Defend_G","Defend_G","Defend_G","Survivor","Neutralize+1","Blade Dance","Blade Dance","Well Laid Plans","Bouncing Flask+1","Masterful Stab","Finisher+1","Deflect","Escape Plan","Deadly Poison","Bane+1","Bullet Time","Blade Dance+1","Distraction","ReplayTheSpireMod:Scrap Shanks+1","ReplayTheSpireMod:Shiv Toss+1","All Out Attack+1","Dagger Spray+1","Apotheosis+1","Corpse Explosion","All Out Attack+1","ReplayTheSpireMod:From All Sides+1","Skewer+1","Terror+1","Noxious Fumes+1","ReplayUltimateDefense+1","Draining Mist","Blade Dance","After Image+1","Prepared+1","ReplayTheSpireMod:Shiv Toss","ReplayTheSpireMod:Shiv Toss","Accuracy","Cloak And Dagger"],"relics":["WristBlade","Molten Egg 2","Pear","Bag of Preparation","Bag of Marbles","Gremlin Horn","Replay:Bronze Core","Pantograph","ReplayFunnel","Garlic","Mercury Hourglass","Replay:Bandana","Astrolabe","ReplayTheSpireMod:Lightbulb","Basket Of Snakes","hubris:GlazedTorus","hubris:Teleporter","hubris:AncientText","Pocketwatch","Blue Doll","Potion Belt"],"acts_visited":["Exordium","TheCity","TheBeyond"],"potions_floor_usage":[33,50,50],"damage_taken":[{"damage":0.0,"enemies":"Cultist","floor":1.0,"turns":4.0},{"damage":4.0,"enemies":"2 Louse","floor":2.0,"turns":3.0},{"damage":0.0,"enemies":"Jaw Worm","floor":3.0,"turns":1.0},{"damage":0.0,"enemies":"Blue Slaver","floor":4.0,"turns":3.0},{"damage":0.0,"enemies":"Exordium Wildlife","floor":5.0,"turns":2.0},{"damage":13.0,"enemies":"Lagavulin","floor":6.0,"turns":3.0},{"damage":0.0,"enemies":"Gremlin Nob","floor":8.0,"turns":2.0},{"damage":0.0,"enemies":"Gremlin Nob","floor":10.0,"turns":2.0},{"damage":21.0,"enemies":"3 Sentries","floor":12.0,"turns":4.0},{"damage":0.0,"enemies":"Exordium Thugs","floor":13.0,"turns":1.0},{"damage":20.0,"enemies":"Slime Boss","floor":16.0,"turns":7.0},{"damage":0.0,"enemies":"Chosen","floor":18.0,"turns":1.0},{"damage":5.0,"enemies":"Spheric Guardian","floor":20.0,"turns":5.0},{"damage":3.0,"enemies":"Spheric Guardian","floor":21.0,"turns":3.0},{"damage":7.0,"enemies":"Gremlin Leader","floor":23.0,"turns":3.0},{"damage":0.0,"enemies":"Chosen and Byrds","floor":27.0,"turns":3.0},{"damage":0.0,"enemies":"Replay:Snechameleon","floor":29.0,"turns":2.0},{"damage":19,"enemies":"Automaton","floor":33,"turns":6},{"damage":0,"enemies":"3 Shapes","floor":35,"turns":4},{"damage":7,"enemies":"Giant Head","floor":41,"turns":5},{"damage":0,"enemies":"Orb Walker","floor":43,"turns":5},{"damage":0,"enemies":"Orb Walker","floor":44,"turns":2},{"damage":0,"enemies":"Reptomancer","floor":45,"turns":2},{"damage":10,"enemies":"2 Orb Walkers","floor":46,"turns":2},{"damage":3,"enemies":"Giant Head","floor":47,"turns":5},{"damage":6,"enemies":"Replay:Hell Engine","floor":50,"turns":6}],"seed_played":"-7927444101865191396","potions_obtained":[{"floor":2.0,"key":"FearPotion"},{"floor":4.0,"key":"Strength Potion"},{"floor":5.0,"key":"EssenceOfSteel"},{"floor":6.0,"key":"DistilledChaos"},{"floor":10.0,"key":"FearPotion"},{"floor":12.0,"key":"Explosive Potion"},{"floor":18.0,"key":"CultistPotion"},{"floor":23.0,"key":"LiquidMemories"},{"floor":33,"key":"Block Potion"}],"is_trial":false,"path_per_floor":["M","M","M","M","M","E","R","E","T","?","R","E","M","$","R","B",null,"M","?","MIM","M","$","E","R","?","T","M","?","E","R","?","R","B",null,"M","?","T","$","?","R","E","R","MIM","M","E","?","E","$","R","B",null],"character_chosen":"THE_SILENT","items_purchased":["Gremlin Horn","ReplayTheSpireMod:Scrap Shanks","ReplayTheSpireMod:Shiv Toss","All Out Attack+1","Noxious Fumes","ReplayUltimateDefense","Basket Of Snakes","ReplayTheSpireMod:Shiv Toss","Accuracy","Cloak And Dagger","Potion Belt","Fire Potion","Fire Potion"],"campfire_rested":1,"item_purchase_floors":[14,22,22,22,38,38,38,48,48,48,48,48,48],"current_hp_per_floor":[70,66,66,66,66,53,53,63,63,63,63,42,42,42,66,46,80,80,80,75,72,72,65,65,65,65,65,65,65,65,65,65,61,80,80,80,80,80,90,90,83,83,83,83,83,73,70,70,70,84],"gold":20,"neow_bonus":"BOSS_RELIC","is_daily":false,"chose_seed":false,"campfire_upgraded":7,"win_rate":0.0,"timestamp":1609554832,"path_taken":["M","M","?","M","M","E","R","E","T","?","R","E","M","$","R","BOSS","M","?","?","M","$","E","R","?","T","M","?","E","R","?","R","BOSS","M","?","?","$","?","R","E","R","MIM","M","E","?","E","$","R","BOSS"],"items_purchased_type":["Relic","Card","Card","Card","Card","Card","Relic","Card","Card","Card","Relic","Potion","Potion"],"build_version":"2020-12-22","purchased_purges":2,"victory":true,"max_hp_per_floor":[70,70,70,70,70,70,70,80,80,80,80,80,80,80,80,80,80,80,80,80,80,80,80,80,80,80,80,80,80,80,80,80,80,80,80,80,80,80,90,90,90,90,90,90,90,90,90,90,90,90],"card_choices":[{"not_picked":["Acrobatics","hubris:Counter"],"picked":"Blade Dance","floor":1.0},{"not_picked":["Sneak Up","Outmaneuver"],"picked":"Blade Dance","floor":2.0},{"not_picked":["Choke","Hidden Blade"],"picked":"Well Laid Plans","floor":3.0},{"not_picked":["hubris:TrickCloak","Backflip"],"picked":"Bouncing Flask","floor":4.0},{"not_picked":["Poisoned Stab","hubris:SlightOfHand"],"picked":"Masterful Stab","floor":5.0},{"not_picked":["Eviscerate+1","Crippling Poison"],"picked":"Finisher+1","floor":6.0},{"not_picked":["Choke+1","Outmaneuver"],"picked":"Deflect","floor":8.0},{"not_picked":["Riddle With Holes+1","Heel Hook+1"],"picked":"Escape Plan","floor":10.0},{"not_picked":["Blur","Backstab+1"],"picked":"Deadly Poison","floor":12.0},{"not_picked":["Setup","Skewer+1"],"picked":"Bane+1","floor":13.0},{"not_picked":["Doppelganger","Burst"],"picked":"Bullet Time","floor":16.0},{"not_picked":["Dodge and Roll+1","Predator+1"],"picked":"Blade Dance+1","floor":18.0},{"not_picked":["Setup","Prepared"],"picked":"Distraction","floor":21.0},{"not_picked":["Predator+1","Masterful Stab+1"],"picked":"Dagger Spray+1","floor":23.0},{"not_picked":["Dagger Throw+1","Underhanded Strike+1","Well Laid Plans"],"picked":"SKIP","floor":27.0},{"not_picked":["Terror","Deflect"],"picked":"Corpse Explosion","floor":29.0},{"not_picked":["ReplayTheSpireMod:Necrosis","Storm of Steel"],"picked":"ReplayTheSpireMod:From All Sides+1","floor":33},{"not_picked":["Flying Knee+1","Quick Slash+1","PiercingWail+1"],"picked":"SKIP","floor":35},{"not_picked":["Bane+1","Heel Hook+1","ReplayTheSpireMod:The Works+1"],"picked":"SKIP","floor":41},{"not_picked":["Sucker Punch+1","Flying Knee+1"],"picked":"Draining Mist","floor":43},{"not_picked":["Dodge and Roll+1","Heel Hook+1"],"picked":"Blade Dance","floor":44},{"not_picked":["Bouncing Flask","Reflex+1"],"picked":"After Image","floor":45},{"not_picked":["Sucker Punch+1","Predator+1"],"picked":"Prepared+1","floor":46},{"not_picked":["Backflip","Acrobatics+1","hubris:SlightOfHand"],"picked":"SKIP","floor":47}],"player_experience":2244357,"relics_obtained":[{"floor":6.0,"key":"Molten Egg 2"},{"floor":8.0,"key":"Pear"},{"floor":9.0,"key":"Bag of Preparation"},{"floor":10.0,"key":"Bag of Marbles"},{"floor":20.0,"key":"Pantograph"},{"floor":23.0,"key":"ReplayFunnel"},{"floor":26.0,"key":"Garlic"},{"floor":29.0,"key":"Replay:Bandana"},{"floor":37,"key":"ReplayTheSpireMod:Lightbulb"},{"floor":41,"key":"hubris:GlazedTorus"},{"floor":43,"key":"hubris:Teleporter"},{"floor":45,"key":"hubris:AncientText"},{"floor":46,"key":"Pocketwatch"},{"floor":47,"key":"Blue Doll"}],"event_choices":[{"damage_healed":0.0,"max_hp_gain":0.0,"max_hp_loss":0.0,"gold_gain":0.0,"event_name":"Dead Adventurer","player_choice":"Searched \u00272\u0027 times","floor":10.0,"gold_loss":0.0,"damage_taken":0.0},{"damage_healed":0.0,"max_hp_gain":0.0,"max_hp_loss":0.0,"gold_gain":275.0,"event_name":"Golden Shrine","player_choice":"Desecrate","floor":19.0,"gold_loss":0.0,"damage_taken":0.0,"cards_obtained":["Regret"]},{"cards_removed":["Apotheosis"],"damage_healed":0.0,"max_hp_gain":0.0,"max_hp_loss":0.0,"gold_gain":0.0,"event_name":"betterNote:BetterNote","player_choice":"Take \u0026 Give","floor":25.0,"gold_loss":0.0,"damage_taken":0.0,"cards_obtained":["Apotheosis"]},{"damage_healed":0.0,"max_hp_gain":0.0,"max_hp_loss":0.0,"gold_gain":0.0,"event_name":"Addict","player_choice":"Obtained Relic","floor":28.0,"gold_loss":85.0,"damage_taken":0.0,"relics_obtained":["Mercury Hourglass"]},{"damage_healed":0.0,"max_hp_gain":0.0,"max_hp_loss":0.0,"gold_gain":200.0,"event_name":"Wheel of Change","player_choice":"Gold","floor":31.0,"gold_loss":0.0,"damage_taken":0.0},{"damage_healed":0,"gold_gain":0,"cards_transformed":["Strike_G"],"player_choice":"Transformed","damage_taken":0,"max_hp_gain":0,"max_hp_loss":0,"event_name":"Transmorgrifier","floor":32,"gold_loss":0,"cards_obtained":["All Out Attack"]},{"cards_removed":["Defend_G"],"damage_healed":0,"gold_gain":0,"player_choice":"Removed Skill","damage_taken":0,"max_hp_gain":0,"max_hp_loss":0,"event_name":"Falling","floor":36,"gold_loss":0},{"cards_removed":["ReplayTheSpireMod:Necrosis"],"damage_healed":0,"gold_gain":0,"player_choice":"Offered Rare","damage_taken":0,"max_hp_gain":10,"max_hp_loss":0,"event_name":"Bonfire Elementals","floor":39,"gold_loss":0},{"damage_healed":0,"gold_gain":0,"player_choice":"Fight","damage_taken":0,"max_hp_gain":0,"max_hp_loss":0,"event_name":"Mysterious Sphere","floor":46,"gold_loss":0}],"is_beta":false,"boss_relics":[{"not_picked":["Runic Pyramid","Replay:Wanted Poster"],"picked":"Replay:Bronze Core"},{"not_picked":["Snecko Heart","hubris:BlackHole"],"picked":"Astrolabe"}],"items_purged_floors":[14,22],"is_endless":false,"potions_floor_spawned":[2,4,5,6,10,12,18,23,33,41,44],"ascension_level":1}}