{"host":"dxb4eoww080epc4n","time":1609586514,"event":{"mods":["AchievementEnabler","BaseMod","Better Note","BetterRewards","Colored Powertips","Conspire","Duelist Mod","Energized Spire","GifTheSpireLib","Gremlin Skip","Hubris","KinomotoSakuraMod(????)","Minty Spire (QoL Compilation)","Permanent Neow","Quick Restart","Rare Cards Sparkle","Relic Sorter","Replay The Spire","Shop Mod","Spikes Relics","StSLib","The Animator","The Jungle"],"gold_per_floor":[112,122,154,178,207,245,280,182,182,182,182,206,206,256,256,374,474,489,505,207,207,224,224,278,278,352,377,387,387,443,534,534,638,663,683,683,716,144,168,238,238,238,263,285,285],"floor_reached":44,"playtime":5096,"items_purged":[],"score":505,"play_id":"5b9c1484-48f7-4c93-947d-c69b4177787a","local_time":"20210102122154","is_ascension_mode":false,"campfire_choices":[{"floor":10,"key":"REST"},{"floor":13,"key":"REST"},{"floor":15,"key":"RECALL"},{"floor":23,"key":"REST"},{"floor":25,"key":"REST"},{"floor":29,"key":"REST"},{"floor":32,"key":"REST"},{"floor":42,"key":"REST"}],"circlet_count":0,"master_deck":["animator:Strike_Konosuba","animator:Defend_Konosuba","animator:Kazuma","animator:Aqua+1","animator:Lancer","animator:ShinjiMatou","animator:OrikoMikuni","animator:Chris","animator:Vanir","animator:Darkness","animator:OrikoMikuni","animator:Strike_GoblinSlayer","animator:Strike_Overlord","animator:Strike_GATE","animator:Defend_TenSura","animator:Defend_OwariNoSeraph","animator:Defend_Konosuba","animator:Mitsurugi","animator:YunYun","animator:Gilgamesh+12","CurseOfTheBell","animator:YunYun","animator:Mitsurugi","animator:UneriGinkaku","animator:ShinjiMatou","animator:Kazuma","animator:Saber+1","animator:Chris","animator:Togame+1","animator:Chris+1"],"relics":["animator:LivingPicture","animator:TheMissingPiece","ReplayFunnel","GremlinMask","Calling Bell","Centennial Puzzle","hubris:Metronome","animator:WizardHat","MerchantsRug","Oddly Smooth Stone","Replay:WaspNest","Happy Flower","Shovel","Replay:Wax Seal","Red Skull","Empty Cage","hubris:SlimyHat","TwistedFunnel","CrustySpines","hubris:CrystalStatue","hubris:SphereOfDissonance"],"acts_visited":["Exordium","Exordium","TheBeyond"],"potions_floor_usage":[7,7,16,16,30,40,40],"damage_taken":[{"damage":0,"enemies":"2 Louse","floor":1,"turns":4},{"damage":2,"enemies":"Small Slimes","floor":2,"turns":5},{"damage":9,"enemies":"Jaw Worm","floor":3,"turns":4},{"damage":26,"enemies":"Exordium Thugs","floor":4,"turns":8},{"damage":0,"enemies":"conspire:2 RoseBushes","floor":5,"turns":7},{"damage":4,"enemies":"Blue Slaver","floor":6,"turns":5},{"damage":14,"enemies":"Gremlin Nob","floor":7,"turns":4},{"damage":5,"enemies":"2 Fungi Beasts","floor":12,"turns":4},{"damage":6,"enemies":"Exordium Thugs","floor":14,"turns":5},{"damage":69,"enemies":"Hexaghost","floor":16,"turns":12},{"damage":7,"enemies":"theJungle:5_Spyders","floor":18,"turns":8},{"damage":16,"enemies":"theJungle:MUSHROOMGANG","floor":19,"turns":3},{"damage":19,"enemies":"theJungle:JungleHuntersEncounter","floor":22,"turns":4},{"damage":34,"enemies":"theJungle:MamaSnecko","floor":24,"turns":8},{"damage":20,"enemies":"theJungle:Snecko_Cultist_And_Trap","floor":28,"turns":4},{"damage":36,"enemies":"theJungle:2_Phrogs","floor":30,"turns":5},{"damage":34,"enemies":"theJungle:TotemBoss","floor":33,"turns":4},{"damage":13,"enemies":"3 Darklings","floor":35,"turns":3},{"damage":10,"enemies":"Orb Walker","floor":37,"turns":2},{"damage":6,"enemies":"Sphere and 2 Shapes","floor":39,"turns":3},{"damage":13,"enemies":"R_Hoarder","floor":40,"turns":7},{"damage":84,"enemies":"Giant Head","floor":44,"turns":7}],"seed_played":"-4406500955126833806","potions_obtained":[{"floor":1,"key":"LiquidBronze"},{"floor":4,"key":"Dexterity Potion"},{"floor":5,"key":"Weak Potion"},{"floor":12,"key":"SkillPotion"},{"floor":14,"key":"Regen Potion"},{"floor":22,"key":"Elixir"},{"floor":24,"key":"SmokeBomb"},{"floor":31,"key":"FearPotion"},{"floor":33,"key":"Energy Potion"},{"floor":37,"key":"Swift Potion"}],"is_trial":false,"path_per_floor":["M","M","M","M","M","M","E","?","T","R","?","M","R","M","R","B",null,"M","M","$","?","M","R","E","R","T","?","M","R","E","?","R","B",null,"M","?","M","$","M","E","?","R","T","E"],"character_chosen":"THE_ANIMATOR","items_purchased":["MerchantsRug","animator:Mitsurugi","Oddly Smooth Stone","hubris:SlimyHat","TwistedFunnel","CrustySpines"],"campfire_rested":7,"item_purchase_floors":[20,20,20,38,38,38],"current_hp_per_floor":[66,66,60,37,41,40,29,29,29,49,49,48,68,65,65,14,68,64,51,51,51,35,55,24,44,44,44,27,47,14,14,34,3,68,55,55,48,48,45,37,42,62,62,0,0],"gold":285,"neow_bonus":"RANDOM_EVENT","is_daily":false,"chose_seed":false,"campfire_upgraded":0,"win_rate":0.0,"timestamp":1609586514,"path_taken":["M","M","M","M","M","M","E","?","T","R","?","M","R","M","R","BOSS","M","M","$","?","M","R","E","R","T","?","M","R","E","?","R","BOSS","M","?","M","$","?","E","?","R","T","E"],"items_purchased_type":["Relic","Card","Relic","Relic","Relic","Relic"],"build_version":"2020-12-22","purchased_purges":0,"victory":false,"max_hp_per_floor":[66,66,66,66,67,67,67,67,67,67,67,68,68,68,68,68,68,68,68,68,68,68,68,68,68,68,68,68,68,68,68,68,68,68,68,68,68,68,68,68,68,68,68,68,68],"card_choices":[{"not_picked":["animator:RoyMustang","animator:Chung"],"picked":"animator:Lancer","floor":1},{"not_picked":["animator:Emonzaemon","animator:ZankiKiguchi"],"picked":"animator:ShinjiMatou","floor":2},{"not_picked":["animator:Kazuma","animator:KyokoSakura"],"picked":"animator:OrikoMikuni","floor":3},{"not_picked":["animator:Verdia","animator:Darkness"],"picked":"animator:Chris","floor":4},{"not_picked":["animator:Assassin","animator:YachiyoNanami"],"picked":"animator:Vanir","floor":5},{"not_picked":["animator:Rider","animator:Vanir"],"picked":"animator:Darkness","floor":6},{"not_picked":["animator:Kazuma","animator:Lancer"],"picked":"animator:OrikoMikuni","floor":7},{"not_picked":["animator:Kazuma","animator:Aqua"],"picked":"animator:Mitsurugi","floor":12},{"not_picked":["animator:Mitsurugi","animator:Archer"],"picked":"animator:YunYun","floor":14},{"not_picked":["animator:Eve","animator:MadokaKaname"],"picked":"animator:Gilgamesh","floor":16},{"not_picked":["animator:Chung+1","animator:Vanir","animator:SakuraMatou+1"],"picked":"SKIP","floor":18},{"not_picked":["animator:Raven","animator:Lu"],"picked":"animator:YunYun","floor":19},{"not_picked":["animator:Megumin","animator:Vanir"],"picked":"animator:YunYun","floor":22},{"not_picked":["animator:KyokoSakura","animator:Aqua"],"picked":"animator:UneriGinkaku","floor":24},{"not_picked":["animator:Laby+1","animator:Raven+1","animator:Elsword+1"],"picked":"SKIP","floor":28},{"not_picked":["animator:Hitei+1","animator:ElricAlphonse","animator:Emonzaemon"],"picked":"SKIP","floor":30},{"not_picked":["animator:UneriGinkaku","animator:Megumin"],"picked":"animator:ShinjiMatou","floor":31},{"not_picked":["animator:KyokoSakura","animator:Illya"],"picked":"animator:Kazuma","floor":31},{"not_picked":["animator:Eve","animator:Gilgamesh"],"picked":"animator:Saber","floor":33},{"not_picked":["animator:YunYun","animator:Kazuma"],"picked":"animator:Chris","floor":35},{"not_picked":["animator:Hitei+1","animator:Ara+1"],"picked":"animator:MaesHughes","floor":37},{"not_picked":["animator:Chung","animator:MadokaKaname"],"picked":"animator:Togame+1","floor":39},{"not_picked":["animator:Illya","animator:NagisaMomoe+1"],"picked":"animator:Chris+1","floor":40}],"player_experience":136149,"relics_obtained":[{"floor":7,"key":"ReplayFunnel"},{"floor":17,"key":"Centennial Puzzle"},{"floor":17,"key":"hubris:Metronome"},{"floor":17,"key":"animator:WizardHat"},{"floor":24,"key":"Replay:WaspNest"},{"floor":26,"key":"Happy Flower"},{"floor":30,"key":"Replay:Wax Seal"},{"floor":31,"key":"Red Skull"},{"floor":40,"key":"hubris:CrystalStatue"},{"floor":43,"key":"hubris:SphereOfDissonance"}],"event_choices":[{"damage_healed":0,"gold_gain":0,"player_choice":"Trade","damage_taken":0,"relics_obtained":["GremlinMask"],"max_hp_gain":0,"max_hp_loss":0,"event_name":"FaceTrader","floor":11,"gold_loss":0},{"cards_removed":["animator:YunYun"],"damage_healed":0,"gold_gain":0,"player_choice":"Give","damage_taken":0,"max_hp_gain":0,"max_hp_loss":0,"event_name":"betterNote:BetterNote","floor":21,"gold_loss":0,"cards_obtained":["None"]},{"damage_healed":0,"gold_gain":0,"player_choice":"Upgraded","damage_taken":0,"max_hp_gain":0,"max_hp_loss":0,"event_name":"Upgrade Shrine","floor":36,"gold_loss":0,"cards_upgraded":["animator:Saber"]},{"cards_removed":["animator:MaesHughes"],"damage_healed":5,"gold_gain":0,"player_choice":"Offered Common","damage_taken":0,"max_hp_gain":0,"max_hp_loss":0,"event_name":"Bonfire Elementals","floor":41,"gold_loss":0},{"cards_removed":["animator:MaesHughes"],"damage_healed":5,"gold_gain":0,"player_choice":"Offered Special","damage_taken":0,"max_hp_gain":0,"max_hp_loss":0,"event_name":"Bonfire Elementals","floor":41,"gold_loss":0}],"is_beta":false,"boss_relics":[{"not_picked":["energizedSpire:HugeHouse","Mark of Pain"],"picked":"Calling Bell"},{"not_picked":["ChewingGum","Cursed Key"],"picked":"Empty Cage"}],"items_purged_floors":[],"is_endless":false,"potions_floor_spawned":[1,4,5,12,14,22,24,33,37],"killed_by":"Giant Head","ascension_level":0}}