{"host":"3wijtn94dq1zoyhj","time":1609586223,"event":{"mods":["ATMod(°¢èªMod)","Act Like it!","Ascension Reborn","Aspiration","BaseMod","Gensokyo","GifTheSpireLib","Lobotomy","Marisa£¨ìFÓê¡¡Ä§ÀíÉ³£©","Minty Spire (QoL Compilation)","MostiFishMod","Quick Restart","Reimu£¨²©ÀöÁéÃÎ£©","Remilia£¨ÀÙÃ×ÀòÑÇ£©","Replay The Spire","Shop Mod","Spicy Shops","StSLib","The Construct","The Cursed","The Hierophant","The Servant 0.9.4","vexMod","¡¾¹¦ÄÜMod¡¿´ÏÃ÷µÄ×îÖÕBoss","¡¾ÒÅÎï¿¨ÅÆ¡¿REMEMod","óô»ðÖ¸ÄÏ"],"gold_per_floor":[368,240,257,276,312,338,60,20,20,34,62,62,79,89,89,189,189,203,230,230,244,244,276,276,287,337,355,381,394,411,422,127,224,224,243,261,261,11,11,11,41,52,126,101,111,30,44,44,44,44,44,44,9,42,42],"floor_reached":56,"playtime":6086,"items_purged":["Pride"],"score":1708,"play_id":"844cc3a2-cb5d-4816-bc33-ea4954671f3d","local_time":"20210102191703","is_ascension_mode":true,"campfire_choices":[{"floor":15,"key":"REST"},{"floor":24,"key":"RECALL"},{"data":"RealityMarble","floor":40,"key":"SMITH"},{"floor":49,"key":"REST"},{"data":"MostiFishMod:PerfectForm","floor":52,"key":"SMITH"}],"circlet_count":0,"master_deck":["Strike_S+1","Strike_S+1","Strike_S+1","Strike_S+1","Defend_S+1","Defend_S+1","Defend_S+1","Defend_S+1","KidneyShot+1","Exchange","AT_RealColorLess","PendulumOfEternity+1","TheCursedMod:CleanUpWorkshop","Strike_R+1","BottledTime","TimeTheft","Revamp","Hightail","InstantArmor","MurderousAura","Misdirection","Orbit+1","Embodiment","GearUp","FloweringNight","Contraction+1","Writhe","Contraction","FlawlessForm","Gouge","Contraction","SilverBlades","Luminosity+1","TimeWarp+1","RealityMarble+1","SilverMatrix","Unruled+1","Read","Rewind","ShatteredReality","Barrier+1","Snipe+1","MostiFishMod:PerfectForm+1","Rearm","Panache","Starlight"],"relics":["Uniform","DaveBox","AT_ATBox","REME_ComplimentaryCards","RhineSuit","SynthV:TestCard","SynthV:C4","aspiration:HiddenCompartment","SynthV","TentaclePot:ReiMu","PaintedHorse:ReiMu","vexMod:ScavengeHelm","construct:WeddingRing","ReplayFunnel","Potion Belt","Lantern","AT_EbonyIvory","PreservedInsect","Vajra","JellyFishMachine","Membership Card","Whetstone","aspiration:FetidBarrel","vexMod:InvisibilityCloak","vexMod:BarristanHead"],"acts_visited":["Exordium","TheCity","TheBeyond","TheEnding"],"potions_floor_usage":[27,28,36,55,55,55],"damage_taken":[{"damage":1.0,"enemies":"Jaw Worm","floor":1.0,"turns":2.0},{"damage":0.0,"enemies":"Cultist","floor":3.0,"turns":2.0},{"damage":0.0,"enemies":"Small Slimes","floor":4.0,"turns":3.0},{"damage":0.0,"enemies":"Red Slaver","floor":5.0,"turns":5.0},{"damage":22.0,"enemies":"3 Sentries","floor":6.0,"turns":6.0},{"damage":0,"enemies":"Looter","floor":10,"turns":2},{"damage":0,"enemies":"Gremlin Nob","floor":11,"turns":2},{"damage":0,"enemies":"Blue Slaver","floor":13,"turns":1},{"damage":0,"enemies":"Large Slime","floor":14,"turns":3},{"damage":0,"enemies":"The Guardian","floor":16,"turns":4},{"damage":0,"enemies":"Shell Parasite","floor":18,"turns":2},{"damage":0,"enemies":"Spheric Guardian","floor":21,"turns":3},{"damage":0,"enemies":"Gremlin Leader","floor":23,"turns":5},{"damage":0,"enemies":"Centurion and Healer","floor":25,"turns":3},{"damage":0,"enemies":"Cultist and Chosen","floor":27,"turns":2},{"damage":0,"enemies":"Replay:Snechameleon","floor":28,"turns":3},{"damage":0,"enemies":"3 Cultists","floor":29,"turns":3},{"damage":0,"enemies":"Shelled Parasite and Fungi","floor":30,"turns":3},{"damage":2,"enemies":"Snecko","floor":31,"turns":3},{"damage":4,"enemies":"Pondfish","floor":33,"turns":7},{"damage":0,"enemies":"Orb Walker","floor":35,"turns":2},{"damage":3,"enemies":"3 Shapes","floor":36,"turns":1},{"damage":0,"enemies":"Giant Head","floor":41,"turns":5},{"damage":0,"enemies":"Transient","floor":42,"turns":5},{"damage":0,"enemies":"Jaw Worm Horde","floor":45,"turns":2},{"damage":9,"enemies":"Sphere and 2 Shapes","floor":47,"turns":2},{"damage":3,"enemies":"Time Eater","floor":50,"turns":8},{"damage":0,"enemies":"Shield and Spear","floor":54,"turns":3},{"damage":1,"enemies":"The Heart","floor":55,"turns":6}],"seed_played":"-6523148770604264057","potions_obtained":[{"floor":4.0,"key":"Swift Potion"},{"floor":6.0,"key":"ZuzhouPotion:ReiMu"},{"floor":11,"key":"Languid Potion"},{"floor":16,"key":"Fire Potion"},{"floor":18,"key":"Milkshake"},{"floor":23,"key":"Milkshake"},{"floor":27,"key":"Block Potion"},{"floor":28,"key":"Block Potion"},{"floor":31,"key":"Adrenaline Potion"},{"floor":54,"key":"Cursed Concoction"}],"is_trial":false,"path_per_floor":["M","?","M","M","M","E","$","?","T","M","E","?","M","M","R","B",null,"M","T","?","M","?","E","R","M","T","M","E","M","M","M","R","B",null,"M","M","?","$","$","R","E","M","T","?","M","$","M","T","R","B",null,"R","$","E","B",null],"character_chosen":"THE_SERVANT","items_purchased":["SynthV","MurderousAura","TentaclePot:ReiMu","RealityMarble","Vajra","FairyPotion","Membership Card","MostiFishMod:PerfectForm","Energy Potion","Panache"],"campfire_rested":2,"item_purchase_floors":[7,7,7,32,32,38,38,46,53,53],"current_hp_per_floor":[58,58,58,58,58,36,36,36,36,36,36,36,36,36,55,55,65,65,65,65,65,65,65,65,65,65,65,65,65,65,63,63,59,65,65,62,62,62,62,62,62,62,62,62,62,62,53,53,65,62,65,65,65,65,64],"gold":42,"neow_bonus":"TWO_FIFTY_GOLD","is_daily":false,"chose_seed":false,"campfire_upgraded":2,"win_rate":0.0,"timestamp":1609586223,"path_taken":["M","?","M","M","?","E","$","?","T","M","E","?","?","?","R","BOSS","M","?","?","M","?","E","R","M","T","M","E","M","?","M","R","BOSS","M","M","?","?","$","R","E","?","T","?","M","$","M","?","R","BOSS","R","$","E","BOSS"],"items_purchased_type":["Relic","Card","Relic","Card","Relic","Potion","Relic","Card","Potion","Card"],"build_version":"2020-12-22","purchased_purges":1,"victory":true,"max_hp_per_floor":[65,65,65,65,65,65,65,65,65,65,65,65,65,65,65,65,65,65,65,65,65,65,65,65,65,65,65,65,65,65,65,65,65,65,65,65,65,65,65,65,65,65,65,65,65,65,65,65,65,65,65,65,65,65,65],"card_choices":[{"not_picked":["TimeTheft","Moondial"],"picked":"BottledTime","floor":1.0},{"not_picked":["Gouge","Defy","SurpressingFire","Replace"],"picked":"TimeTheft","floor":3.0},{"not_picked":["Replace","Potential","Alleviate","Rewind"],"picked":"Revamp","floor":4.0},{"not_picked":["Comet","Sabotage","Replace","Alleviate"],"picked":"Hightail","floor":5.0},{"not_picked":["FastForward","Revamp","Defy","ShiftingGears"],"picked":"InstantArmor","floor":6.0},{"not_picked":["Defy","Potential","BottledTime","Rearm"],"picked":"Misdirection","floor":10},{"not_picked":["Sabotage","Spin","Alleviate","MoonPhase"],"picked":"Orbit","floor":11},{"not_picked":["Collapse","BottledTime","Rearm","DoubleEdge"],"picked":"Embodiment","floor":13},{"not_picked":["DoubleEdge","StarChef","Unruled","Potential"],"picked":"GearUp","floor":14},{"not_picked":["Dilation","Sunlight","SoulSculpture","SilverMatrix"],"picked":"FloweringNight","floor":16},{"not_picked":["Defy","Ricochet+1","Revamp","ReturningBlade"],"picked":"Contraction+1","floor":18},{"not_picked":["BottledTime","SurpressingFire","Potential","SpecialFormula"],"picked":"Contraction","floor":21},{"not_picked":["Comet","Rewind+1","Gouge","Starlight+1"],"picked":"FlawlessForm","floor":23},{"not_picked":["Unruled","Ricochet","Rearm","Spin"],"picked":"Gouge","floor":25},{"not_picked":["Replace","Unruled","Collapse+1","Revamp+1"],"picked":"Contraction","floor":27},{"not_picked":["SoulSculpture","BestPractice","ShatteredReality+1","Duplication"],"picked":"SilverBlades","floor":28},{"not_picked":["Alleviate","Rewind+1","FastForward","Foresight"],"picked":"Luminosity","floor":29},{"not_picked":["Defy","TimeTheft+1","Hightail+1","Ricochet"],"picked":"Luminosity+1","floor":30},{"not_picked":["Rewind","FastForward","Defy","Potential"],"picked":"TimeWarp+1","floor":31},{"not_picked":["SoulSculpture","Embodiment","MurderousAura","ForgedInTime"],"picked":"SilverMatrix","floor":33},{"not_picked":["TimeTheft","Revamp","TimeWarp+1","Alleviate+1"],"picked":"Unruled+1","floor":35},{"not_picked":["Rearm+1","Deadline+1","Potential+1","MoonPhase"],"picked":"Read","floor":36},{"not_picked":["DoubleEdge","Potential","Rewind+1","Embodiment"],"picked":"ShatteredReality","floor":41},{"not_picked":["Alleviate","BottledTime+1","Comet","Ricochet"],"picked":"Barrier+1","floor":42},{"not_picked":["Spin+1","Replace+1","Defy+1","Starlight"],"picked":"Snipe+1","floor":45},{"not_picked":["Starlight","FanOfKnives+1","Ricochet","SurpressingFire"],"picked":"Rearm","floor":47},{"not_picked":["Potential+1","Rewind","Unruled","Snipe"],"picked":"Starlight","floor":54}],"player_experience":53951,"relics_obtained":[{"floor":1.0,"key":"SynthV:TestCard"},{"floor":6.0,"key":"aspiration:HiddenCompartment"},{"floor":11,"key":"vexMod:ScavengeHelm"},{"floor":19,"key":"ReplayFunnel"},{"floor":23,"key":"Lantern"},{"floor":26,"key":"AT_EbonyIvory"},{"floor":28,"key":"PreservedInsect"},{"floor":41,"key":"Whetstone"},{"floor":43,"key":"aspiration:FetidBarrel"},{"floor":48,"key":"vexMod:InvisibilityCloak"},{"floor":54,"key":"vexMod:BarristanHead"}],"event_choices":[{"damage_healed":0.0,"max_hp_gain":0.0,"max_hp_loss":0.0,"gold_gain":0.0,"event_name":"WeMeetAgain","player_choice":"Paid Gold","floor":2.0,"gold_loss":128.0,"damage_taken":0.0,"relics_obtained":["SynthV:C4"]},{"damage_healed":0,"gold_gain":0,"player_choice":"ÈûÇ®","damage_taken":0,"relics_obtained":["PaintedHorse:ReiMu"],"max_hp_gain":0,"max_hp_loss":0,"event_name":"yidonshenshe","floor":8,"gold_loss":40},{"damage_healed":0,"gold_gain":0,"player_choice":"Upgraded","damage_taken":0,"max_hp_gain":0,"max_hp_loss":0,"event_name":"Upgrade Shrine","floor":12,"gold_loss":0,"cards_upgraded":["PendulumOfEternity"]},{"damage_healed":0,"gold_gain":0,"player_choice":"Opened","damage_taken":0,"relics_obtained":["Potion Belt"],"max_hp_gain":0,"max_hp_loss":0,"event_name":"The Mausoleum","floor":20,"gold_loss":0,"cards_obtained":["Writhe"]},{"damage_healed":0,"gold_gain":0,"player_choice":"Simplicity","damage_taken":0,"max_hp_gain":0,"max_hp_loss":0,"event_name":"Back to Basics","floor":22,"gold_loss":0,"cards_upgraded":["Strike_S","Strike_S","Strike_S","Strike_S","Defend_S","Defend_S","Defend_S","Defend_S","Strike_R"]},{"damage_healed":0,"gold_gain":0,"cards_transformed":["Luminosity"],"player_choice":"Transformed","damage_taken":0,"max_hp_gain":0,"max_hp_loss":0,"event_name":"Transmorgrifier","floor":37,"gold_loss":0,"cards_obtained":["Rewind"]}],"is_beta":false,"boss_relics":[{"not_picked":["DiscerningMonocle","Busted Crown"],"picked":"construct:WeddingRing"},{"not_picked":["TimeKeys","FrostBlade"],"picked":"JellyFishMachine"}],"items_purged_floors":[32],"is_endless":false,"potions_floor_spawned":[4,6,11,16,18,23,27,28,31,47,54],"ascension_level":0}}