{"host":"tiwza2kisyyrpq7h","time":1609591593,"event":{"mods":["BaseMod","Colored Powertips","Minty Spire (QoL Compilation)","Quick Restart","Rare Cards Sparkle","StSLib","SuperFastMode","The Servant 0.9.4","óô»ðÖ¸ÄÏ"],"gold_per_floor":[119,136,150,75,75,75,75,75,101,176,191,211,236,252,252,351,351,374,424,14,14,28,28,51,82,82,82,102,102,151,69,69,176,176,200,234,85,112,45,45,45],"floor_reached":40,"playtime":929,"items_purged":["Strike_P","Shame","Doubt","Strike_P"],"score":812,"play_id":"29fb15aa-356c-4565-9d28-598d53531d7c","local_time":"20210102204633","is_ascension_mode":true,"campfire_choices":[{"data":"Eruption","floor":6.0,"key":"SMITH"},{"data":"Meditate","floor":8.0,"key":"SMITH"},{"data":"Ragnarok","floor":15.0,"key":"SMITH"},{"data":"Apotheosis","floor":23.0,"key":"SMITH"},{"floor":27.0,"key":"REST"},{"floor":29.0,"key":"REST"},{"floor":32.0,"key":"REST"}],"circlet_count":0,"master_deck":["AscendersBane","Strike_P","Defend_P+1","Defend_P","Defend_P+1","Defend_P","Eruption+1","Vigilance+1","Meditate+1","Nirvana","Wallop+1","Halt","Ragnarok+1","Weave+1","LikeWater","LessonLearned","Crescendo+1","Apotheosis+1","Adaptation","Tantrum","ClearTheMind","EmptyBody","MentalFortress","Wireheading","LikeWater","InnerPeace","Establishment","EmptyFist","CutThroughFate","Study","Panacea","Bandage Up","The Bomb","FlurryOfBlows"],"relics":["PureWater","Blood Vial","Golden Idol","Smiling Mask","Akabeko","Cursed Key","Nunchaku","Bronze Scales","CeramicFish","VioletLotus","War Paint"],"acts_visited":["Exordium","TheCity","TheBeyond"],"potions_floor_usage":[],"damage_taken":[{"damage":21.0,"enemies":"Jaw Worm","floor":1.0,"turns":4.0},{"damage":7.0,"enemies":"2 Louse","floor":2.0,"turns":3.0},{"damage":0.0,"enemies":"Small Slimes","floor":3.0,"turns":3.0},{"damage":5.0,"enemies":"3 Louse","floor":11.0,"turns":3.0},{"damage":8.0,"enemies":"Blue Slaver","floor":12.0,"turns":3.0},{"damage":0.0,"enemies":"Looter","floor":13.0,"turns":2.0},{"damage":0.0,"enemies":"Exordium Wildlife","floor":14.0,"turns":1.0},{"damage":21.0,"enemies":"The Guardian","floor":16.0,"turns":6.0},{"damage":36.0,"enemies":"2 Thieves","floor":18.0,"turns":4.0},{"damage":7.0,"enemies":"3 Byrds","floor":22.0,"turns":2.0},{"damage":1.0,"enemies":"3 Cultists","floor":24.0,"turns":3.0},{"damage":0.0,"enemies":"Gremlin Leader","floor":25.0,"turns":6.0},{"damage":0.0,"enemies":"Centurion and Healer","floor":28.0,"turns":1.0},{"damage":37.0,"enemies":"Slavers","floor":30.0,"turns":5.0},{"damage":18.0,"enemies":"Automaton","floor":33.0,"turns":7.0},{"damage":20,"enemies":"3 Shapes","floor":35,"turns":5},{"damage":42,"enemies":"Nemesis","floor":40,"turns":3}],"seed_played":"5749407792277366140","potions_obtained":[{"floor":3.0,"key":"Fire Potion"},{"floor":11.0,"key":"SpeedPotion"},{"floor":12.0,"key":"AttackPotion"},{"floor":16.0,"key":"BlessingOfTheForge"},{"floor":18.0,"key":"Strength Potion"},{"floor":28.0,"key":"Strength Potion"},{"floor":30.0,"key":"BlessingOfTheForge"},{"floor":35,"key":"Dexterity Potion"}],"is_trial":false,"path_per_floor":["M","M","M","?","?","R","?","R","T","?","M","M","M","M","R","B",null,"M","?","$","?","M","R","M","E","T","R","M","R","E","$","R","B",null,"M","T","$","?","$","E"],"character_chosen":"WATCHER","items_purchased":["Apotheosis","Adaptation","Tantrum","InnerPeace","CutThroughFate","Study","FlurryOfBlows"],"campfire_rested":3,"item_purchase_floors":[20,20,20,31,37,37,39],"current_hp_per_floor":[42,37,39,39,39,39,39,39,39,28,25,19,21,23,23,4,48,14,14,14,14,9,9,10,12,12,30,32,50,15,15,33,17,51,33,33,33,23,23,0,0],"gold":45,"neow_bonus":"RANDOM_COMMON_RELIC","is_daily":false,"chose_seed":false,"campfire_upgraded":4,"win_rate":0.0,"timestamp":1609591593,"path_taken":["M","M","M","?","?","R","?","R","T","?","M","?","M","M","R","BOSS","M","?","$","?","M","R","M","E","T","R","M","R","E","?","R","BOSS","M","?","$","?","?","E"],"items_purchased_type":["Card","Card","Card","Card","Card","Card","Card"],"build_version":"2020-12-22","purchased_purges":4,"victory":false,"max_hp_per_floor":[68,68,68,68,62,62,62,62,62,62,62,62,62,62,62,62,62,62,62,62,62,62,62,62,62,62,62,62,62,62,62,62,62,62,62,62,62,62,62,62,62],"card_choices":[{"not_picked":["Halt","Prostrate"],"picked":"Meditate","floor":1.0},{"not_picked":["Swivel","FlyingSleeves"],"picked":"Nirvana","floor":2.0},{"not_picked":["DeceiveReality","Meditate"],"picked":"Wallop","floor":3.0},{"not_picked":["ClearTheMind","EmptyFist"],"picked":"Halt","floor":11.0},{"not_picked":["BowlingBash","Crescendo"],"picked":"Ragnarok","floor":12.0},{"not_picked":["Crescendo","Prostrate"],"picked":"Weave","floor":13.0},{"not_picked":["Crescendo","ThirdEye"],"picked":"LikeWater","floor":14.0},{"not_picked":["SpiritShield","Vault"],"picked":"LessonLearned","floor":16.0},{"not_picked":["PathToVictory","CrushJoints"],"picked":"Crescendo","floor":18.0},{"not_picked":["PathToVictory","ThirdEye"],"picked":"ClearTheMind","floor":22.0},{"not_picked":["Protect","EmptyFist+1"],"picked":"EmptyBody","floor":24.0},{"not_picked":["Conclude","ForeignInfluence"],"picked":"MentalFortress","floor":25.0},{"not_picked":["TalkToTheHand","Prostrate+1"],"picked":"Wireheading","floor":28.0},{"not_picked":["ReachHeaven","Weave"],"picked":"LikeWater","floor":30.0},{"not_picked":["SpiritShield","ConjureBlade"],"picked":"Establishment","floor":33.0},{"not_picked":["Consecrate+1","FollowUp"],"picked":"EmptyFist","floor":35},{"not_picked":["Panache","Blind"],"picked":"Panacea","floor":38},{"not_picked":["Impatience","Dramatic Entrance"],"picked":"Bandage Up","floor":38},{"not_picked":["Purity","Dark Shackles"],"picked":"The Bomb","floor":38}],"player_experience":921453,"relics_obtained":[{"floor":9.0,"key":"Akabeko"},{"floor":25.0,"key":"Nunchaku"},{"floor":26.0,"key":"Bronze Scales"},{"floor":30.0,"key":"CeramicFish"},{"floor":36,"key":"War Paint"}],"event_choices":[{"cards_removed":["Strike_P"],"damage_healed":0.0,"max_hp_gain":0.0,"max_hp_loss":0.0,"gold_gain":0.0,"event_name":"The Cleric","player_choice":"Card Removal","floor":4.0,"gold_loss":75.0,"damage_taken":0.0},{"damage_healed":0.0,"max_hp_gain":0.0,"max_hp_loss":6.0,"gold_gain":0.0,"event_name":"Golden Idol","player_choice":"Lose Max HP","floor":5.0,"gold_loss":0.0,"damage_taken":0.0,"relics_obtained":["Golden Idol"]},{"damage_healed":0.0,"max_hp_gain":0.0,"max_hp_loss":0.0,"gold_gain":0.0,"event_name":"Dead Adventurer","player_choice":"Searched \u00272\u0027 times","floor":7.0,"gold_loss":0.0,"damage_taken":0.0,"relics_obtained":["Smiling Mask"]},{"damage_healed":0.0,"max_hp_gain":0.0,"max_hp_loss":0.0,"gold_gain":75.0,"event_name":"World of Goop","player_choice":"Gather Gold","floor":10.0,"gold_loss":0.0,"damage_taken":11.0},{"damage_healed":0.0,"max_hp_gain":0.0,"max_hp_loss":0.0,"gold_gain":50.0,"event_name":"Nest","player_choice":"Stole From Cult","floor":19.0,"gold_loss":0.0,"damage_taken":0.0},{"damage_healed":0.0,"max_hp_gain":0.0,"max_hp_loss":0.0,"gold_gain":0.0,"event_name":"Cursed Tome","player_choice":"Ignored","floor":21.0,"gold_loss":0.0,"damage_taken":0.0},{"damage_healed":0,"gold_gain":0,"player_choice":"Memory 3","damage_taken":10,"max_hp_gain":0,"max_hp_loss":0,"event_name":"SensoryStone","floor":38,"gold_loss":0}],"is_beta":false,"boss_relics":[{"not_picked":["Calling Bell","SacredBark"],"picked":"Cursed Key"},{"not_picked":["Runic Dome","Runic Pyramid"],"picked":"VioletLotus"}],"items_purged_floors":[20,31,37,39],"is_endless":false,"potions_floor_spawned":[3,11,12,16,18,28,30,35],"killed_by":"Nemesis","ascension_level":17}}