{"host":"lg1piimdyocafd6j","time":1609614159,"event":{"mods":["AchievementEnabler","BaseMod","Better Third Choice","BetterRewards","Colored Map","Colored Powertips","Downfall","Minty Spire (QoL Compilation)","Quick Restart","Rare Cards Sparkle","Remove Card Discount Mod","Shop Mod","StSLib","SuperFastMode"],"gold_per_floor":[116,133,133,133,78,95,95,105,105,205,219,254,286,317,329,437,499,497,497],"floor_reached":18,"playtime":987,"items_purged":["Defend_R","Defend_R","Defend_R","Strike_R","Bash","Strike_R"],"score":216,"play_id":"0787ca5c-b15f-47a8-b321-b30c2a88a6dc","local_time":"20210102200239","is_ascension_mode":false,"campfire_choices":[{"floor":15,"key":"REST"}],"circlet_count":0,"master_deck":["Strike_R+1","Strike_R","Strike_R","Defend_R+1","Flame Barrier+1","Iron Wave","Armaments","Armaments","Flash of Steel","Shrug It Off","Iron Wave+1","Iron Wave","Armaments","Iron Wave","Rampage"],"relics":["Burning Blood","Bronze Scales","Paper Frog","Singing Bowl","Shuriken","MawBank","Tiny House"],"acts_visited":["Exordium","TheCity"],"potions_floor_usage":[13,16],"damage_taken":[{"damage":0,"enemies":"2 Louse","floor":1,"turns":2},{"damage":5,"enemies":"Small Slimes","floor":2,"turns":3},{"damage":0,"enemies":"Jaw Worm","floor":6,"turns":3},{"damage":0,"enemies":"Large Slime","floor":8,"turns":5},{"damage":0,"enemies":"3 Louse","floor":11,"turns":4},{"damage":20,"enemies":"Gremlin Nob","floor":12,"turns":5},{"damage":5,"enemies":"Gremlin Gang","floor":13,"turns":2},{"damage":2,"enemies":"Blue Slaver","floor":14,"turns":3},{"damage":30,"enemies":"The Guardian","floor":16,"turns":12},{"damage":18,"enemies":"2 Thieves","floor":18,"turns":4}],"seed_played":"-1097275489153905941","potions_obtained":[{"floor":1,"key":"FearPotion"},{"floor":6,"key":"Explosive Potion"},{"floor":11,"key":"Dexterity Potion"},{"floor":16,"key":"Energy Potion"},{"floor":17,"key":"GamblersBrew"}],"is_trial":false,"path_per_floor":["M","M","?","?","$","M","?","M","T","?","M","E","M","M","R","B",null,"M"],"character_chosen":"IRONCLAD","items_purchased":["Flame Barrier","Iron Wave","Armaments","Armaments","Bronze Scales","Flash of Steel","Iron Wave"],"campfire_rested":1,"item_purchase_floors":[0,0,0,0,0,0,5],"current_hp_per_floor":[80,80,64,41,41,47,47,55,55,55,61,47,50,56,81,59,93,83,83],"gold":497,"neow_bonus":"","is_daily":false,"chose_seed":false,"campfire_upgraded":0,"win_rate":0.0,"timestamp":1609614159,"path_taken":["M","M","?","?","?","M","?","M","T","?","M","E","M","M","R","BOSS","M"],"items_purchased_type":["Card","Card","Card","Card","Relic","Card","Card"],"build_version":"2020-12-22","purchased_purges":6,"victory":false,"max_hp_per_floor":[80,80,80,80,80,80,80,82,82,82,82,82,84,86,86,88,93,95,95],"card_choices":[{"not_picked":["Armaments","Heavy Blade"],"picked":"Shrug It Off","floor":1},{"not_picked":["Twin Strike","Sever Soul","Intimidate"],"picked":"SKIP","floor":2},{"not_picked":["Thunderclap","Warcry"],"picked":"Iron Wave","floor":6},{"not_picked":["Iron Wave","True Grit","Sword Boomerang"],"picked":"Singing Bowl","floor":8},{"not_picked":["Clothesline","Pommel Strike"],"picked":"Armaments","floor":11},{"not_picked":["Rupture","Flex"],"picked":"Iron Wave","floor":12},{"not_picked":["Flex","Pommel Strike","Warcry"],"picked":"Singing Bowl","floor":13},{"not_picked":["True Grit","Offering","Wild Strike"],"picked":"Singing Bowl","floor":14},{"not_picked":["Bludgeon","Feed","Immolate"],"picked":"Singing Bowl","floor":16},{"not_picked":["Warcry","Armaments"],"picked":"Rampage","floor":17},{"not_picked":["Havoc+1","Metallicize+1","Flex"],"picked":"Singing Bowl","floor":18}],"player_experience":104330,"relics_obtained":[{"floor":9,"key":"Shuriken"},{"floor":12,"key":"MawBank"}],"event_choices":[{"damage_healed":80,"gold_gain":0,"player_choice":"Upgrade","damage_taken":16,"max_hp_gain":0,"max_hp_loss":80,"event_name":"betterThird:BetterShining","floor":3,"gold_loss":0,"cards_upgraded":["Defend_R","Strike_R"]},{"damage_healed":0,"gold_gain":1,"player_choice":"Relic Relic ","damage_taken":23,"max_hp_gain":0,"max_hp_loss":0,"event_name":"betterThird:BetterScrap","floor":4,"gold_loss":0,"cards_obtained":["Scrape"]},{"damage_healed":0,"gold_gain":0,"player_choice":"Grow","damage_taken":0,"max_hp_gain":0,"max_hp_loss":0,"event_name":"Living Wall","floor":7,"gold_loss":0,"cards_upgraded":["Iron Wave"]},{"damage_healed":0,"gold_gain":100,"player_choice":"Pray","damage_taken":0,"max_hp_gain":0,"max_hp_loss":0,"event_name":"Golden Shrine","floor":10,"gold_loss":0}],"is_beta":false,"boss_relics":[{"not_picked":["Runic Cube","SacredBark"],"picked":"Tiny House"}],"items_purged_floors":[0,0,0,0,0,5],"is_endless":false,"potions_floor_spawned":[1,6,11,16],"killed_by":"2 Thieves","ascension_level":0}}