{"host":"tva948ojjycf0txh","time":1609580880,"event":{"mods":["BaseMod","Minty Spire (QoL Compilation)","Replay The Spire","StSLib"],"gold_per_floor":[111,186,197,197,212,212,245,245,245,9,26,55,55,66,66,168,168,178,193,193,193,213,213,244,244,244,119,119,139,139,39,39,140,140,154,154,164,63,0,0,18,36,36,36,13,39,39,39,39,39,39],"floor_reached":50,"playtime":3832,"items_purged":["Pain"],"score":596,"play_id":"1b5c6d77-175a-4391-bf77-3179415f6500","local_time":"20210102174800","is_ascension_mode":false,"campfire_choices":[{"floor":6,"key":"REST"},{"data":"Eruption","floor":13,"key":"SMITH"},{"floor":23,"key":"REST"},{"floor":25,"key":"REST"},{"data":"ReplayTheSpireMod:Necrogeddon","floor":28,"key":"SMITH"},{"floor":32,"key":"REST"},{"data":"Brutality","floor":40,"key":"SMITH"},{"data":"Fiend Fire","floor":47,"key":"SMITH"}],"circlet_count":0,"master_deck":["Strike_R","Strike_R","Strike_R","Strike_R","Strike_R","Defend_R","Defend_R","Defend_R","Defend_R","Infernal Blade","Cleave","Eruption+1","Wild Strike","Flex+1","Fire Breathing","ReplayTheSpireMod:Necrogeddon+1","Sever Soul","Dual Wield","Pommel Strike","Bludgeon","Twin Strike+1","Life Link","Intimidate+1","Defy Death","Survey Options+1","Spot Weakness","Spot Weakness","Blood for Blood","Seeing Red+1","Necronomicurse","Fiend Fire+1","Fiend Fire+1","Reckless Charge","Brutality+1","Thunderclap+1","Shockwave+1","Cleave+1","ReplayTheSpireMod:Trickstab","ReplayTheSpireMod:Trickstab","Rupture","Dark Embrace","ReplayTheSpireMod:LeadingStrike+1","Doubt","Warcry+1","Dropkick"],"relics":["Runic Cube","Replay:Bottled Steam","Pet Ghost","Blue Doll","SlaversCollar","WarpedTongs","Blood Vial","Eternal Feather","Necronomicon","ReplayTheSpireMod:CursedCoin","Sozu","Red Mask","ReplayTheSpireMod:Ninjato","Dream Catcher"],"acts_visited":["Exordium","TheCity","TheBeyond"],"potions_floor_usage":[12,18,33,33,33,37],"damage_taken":[{"damage":8,"enemies":"2 Louse","floor":1,"turns":3},{"damage":5,"enemies":"Small Slimes","floor":3,"turns":3},{"damage":6,"enemies":"Jaw Worm","floor":5,"turns":2},{"damage":0,"enemies":"Gremlin Nob","floor":7,"turns":2},{"damage":16,"enemies":"Exordium Thugs","floor":11,"turns":3},{"damage":4,"enemies":"Replay:BlueRogue","floor":12,"turns":3},{"damage":3,"enemies":"Red Slaver","floor":14,"turns":2},{"damage":0,"enemies":"Slime Boss","floor":16,"turns":5},{"damage":30,"enemies":"2 Thieves","floor":18,"turns":3},{"damage":15,"enemies":"Spheric Guardian","floor":19,"turns":3},{"damage":22,"enemies":"Cultist and Chosen","floor":22,"turns":3},{"damage":50,"enemies":"Slavers","floor":24,"turns":4},{"damage":15,"enemies":"3 Cultists","floor":29,"turns":3},{"damage":32,"enemies":"Champ","floor":33,"turns":4},{"damage":19,"enemies":"3 Darklings","floor":35,"turns":3},{"damage":21,"enemies":"3 Shapes","floor":37,"turns":3},{"damage":18,"enemies":"Spire Growth","floor":41,"turns":3},{"damage":10,"enemies":"Jaw Worm Horde","floor":42,"turns":2},{"damage":16,"enemies":"Reptomancer","floor":46,"turns":4},{"damage":85,"enemies":"Donu and Deca","floor":50,"turns":5}],"seed_played":"7650900986761864277","potions_obtained":[{"floor":1,"key":"FairyPotion"},{"floor":5,"key":"DuplicationPotion"},{"floor":7,"key":"SteroidPotion"},{"floor":18,"key":"SteroidPotion"},{"floor":24,"key":"AttackPotion"},{"floor":33,"key":"GamblersBrew"}],"is_trial":false,"path_per_floor":["M","?","M","?","M","R","E","?","T","$","M","E","R","M","R","B",null,"M","M","?","?","M","R","E","R","T","$","R","M","?","$","R","B",null,"M","?","M","$","?","R","M","M","T","?","$","E","R","?","R","B"],"character_chosen":"IRONCLAD","items_purchased":["Fire Breathing","ReplayTheSpireMod:Necrogeddon","Survey Options+1","Spot Weakness","Blood for Blood","Fiend Fire","Reckless Charge","ReplayTheSpireMod:CursedCoin","BlessingOfTheForge","Cleave+1","ReplayTheSpireMod:Trickstab","Rupture","Warcry+1"],"campfire_rested":4,"item_purchase_floors":[10,10,27,27,27,31,31,31,31,38,38,38,45],"current_hp_per_floor":[72,61,56,56,50,74,74,79,79,79,63,59,59,56,56,56,85,55,40,40,40,18,43,20,45,45,45,60,47,31,31,74,44,85,66,66,47,47,47,71,55,47,47,85,85,69,85,85,85,0,0],"gold":39,"neow_bonus":"BOSS_RELIC","is_daily":false,"chose_seed":false,"campfire_upgraded":4,"win_rate":0.0,"timestamp":1609580880,"path_taken":["M","?","M","?","M","R","E","?","T","?","M","E","R","M","R","BOSS","M","?","?","?","M","R","E","R","T","$","R","?","?","?","R","BOSS","M","?","M","$","?","R","M","M","T","?","$","E","R","?","R","BOSS"],"items_purchased_type":["Card","Card","Card","Card","Card","Card","Card","Relic","Potion","Card","Card","Card","Card"],"build_version":"2020-12-22","purchased_purges":1,"victory":false,"max_hp_per_floor":[80,80,80,80,80,80,80,85,85,85,85,85,85,85,85,85,85,85,85,85,85,85,85,85,85,85,85,85,85,85,85,85,85,85,85,85,85,85,85,85,85,85,85,85,85,85,85,85,85,85,85],"card_choices":[{"not_picked":["Power Through","Perfected Strike"],"picked":"Infernal Blade","floor":1},{"not_picked":["Thunderclap","Inflame"],"picked":"Cleave","floor":3},{"not_picked":["Iron Wave","Sword Boomerang"],"picked":"Wild Strike","floor":5},{"not_picked":["Perfected Strike","Metallicize"],"picked":"Flex","floor":7},{"not_picked":["Flex","Pommel Strike"],"picked":"Sever Soul","floor":11},{"not_picked":["Uppercut","Defy Death"],"picked":"Dual Wield","floor":12},{"not_picked":["Fire Breathing","Body Slam"],"picked":"Pommel Strike","floor":14},{"not_picked":["Brutality","Replay:Many Hands"],"picked":"Bludgeon","floor":16},{"not_picked":["Combust","Clash"],"picked":"Twin Strike+1","floor":18},{"not_picked":["Dropkick","Dark Embrace"],"picked":"Life Link","floor":19},{"not_picked":["Anger","True Grit"],"picked":"Intimidate+1","floor":22},{"not_picked":["Replay:Undeath\u0027s Touch","Blood for Blood"],"picked":"Defy Death","floor":24},{"not_picked":["Sever Soul+1","Heavy Blade"],"picked":"Seeing Red+1","floor":29},{"not_picked":["Reaper","Bludgeon"],"picked":"Brutality","floor":33},{"not_picked":["Flex+1","Rupture+1"],"picked":"Thunderclap+1","floor":35},{"not_picked":["Perfected Strike","Shrug It Off"],"picked":"Shockwave+1","floor":37},{"not_picked":["Shrug It Off","Clothesline+1"],"picked":"Dark Embrace","floor":41},{"not_picked":["True Grit+1","Shrug It Off+1"],"picked":"ReplayTheSpireMod:LeadingStrike+1","floor":42},{"not_picked":["Sword Boomerang","Iron Wave+1"],"picked":"Dropkick","floor":46}],"player_experience":38647,"relics_obtained":[{"floor":7,"key":"Replay:Bottled Steam"},{"floor":9,"key":"Pet Ghost"},{"floor":12,"key":"Blue Doll"},{"floor":24,"key":"Blood Vial"},{"floor":26,"key":"Eternal Feather"},{"floor":30,"key":"Necronomicon"},{"floor":43,"key":"ReplayTheSpireMod:Ninjato"},{"floor":46,"key":"Dream Catcher"}],"event_choices":[{"damage_healed":0,"gold_gain":75,"player_choice":"Gather Gold","damage_taken":11,"max_hp_gain":0,"max_hp_loss":0,"event_name":"World of Goop","floor":2,"gold_loss":0},{"damage_healed":0,"gold_gain":0,"player_choice":"Donut","damage_taken":0,"max_hp_gain":5,"max_hp_loss":0,"event_name":"Big Fish","floor":8,"gold_loss":0},{"damage_healed":0,"gold_gain":0,"player_choice":"Ignored","damage_taken":0,"max_hp_gain":0,"max_hp_loss":0,"event_name":"Ghosts","floor":20,"gold_loss":0},{"damage_healed":0,"gold_gain":0,"player_choice":"Rummage","damage_taken":0,"relics_obtained":["WarpedTongs"],"max_hp_gain":0,"max_hp_loss":0,"event_name":"Accursed Blacksmith","floor":21,"gold_loss":0,"cards_obtained":["Pain"]},{"damage_healed":0,"gold_gain":0,"player_choice":"Obtained Book","damage_taken":16,"max_hp_gain":0,"max_hp_loss":0,"event_name":"Cursed Tome","floor":30,"gold_loss":0},{"damage_healed":0,"gold_gain":0,"player_choice":"Paid","damage_taken":0,"relics_obtained":["Red Mask"],"max_hp_gain":0,"max_hp_loss":0,"event_name":"Tomb of Lord Red Mask","floor":39,"gold_loss":63},{"damage_healed":38,"gold_gain":0,"player_choice":"Heal","damage_taken":0,"max_hp_gain":0,"max_hp_loss":0,"event_name":"MindBloom","floor":44,"gold_loss":0,"cards_obtained":["Doubt"]},{"cards_removed":["Regret"],"damage_healed":0,"gold_gain":0,"player_choice":"Purged","damage_taken":0,"max_hp_gain":0,"max_hp_loss":0,"event_name":"Purifier","floor":48,"gold_loss":0},{"damage_healed":0,"gold_gain":0,"player_choice":"Upgraded","damage_taken":0,"max_hp_gain":0,"max_hp_loss":0,"event_name":"Upgrade Shrine","floor":49,"gold_loss":0,"cards_upgraded":["Fiend Fire"]}],"is_beta":false,"boss_relics":[{"not_picked":["Replay:Bronze Core","Runic Dome"],"picked":"SlaversCollar"},{"not_picked":["Honey Jar","Painkiller Herb"],"picked":"Sozu"}],"items_purged_floors":[31],"is_endless":false,"potions_floor_spawned":[1,5,7,18,24,33,35,41],"killed_by":"Donu and Deca","ascension_level":0}}