{"host":"h4lp0eeso8a0ssq0","time":1609550694,"event":{"mods":["2.2 Compatiblity","AchievementEnabler","BaseMod","CapriCore","Colored Map","Lobotomy","Minty Spire (QoL Compilation)","StSLib","SuperFastMode"],"gold_per_floor":[117,130,130,140,65,65,76,86,86,86,98,116,133,133,133,133,133],"floor_reached":16,"playtime":332,"items_purged":["Defend_P"],"score":96,"play_id":"4373bca2-9821-464c-bd19-e253b5e2614e","local_time":"20210102102454","is_ascension_mode":false,"campfire_choices":[{"data":"Eruption","floor":6,"key":"SMITH"},{"data":"Vigilance","floor":10,"key":"SMITH"},{"data":"Defend_P","floor":15,"key":"SMITH"}],"circlet_count":0,"master_deck":["Strike_P","Strike_P","Strike_P","Defend_P+1","Defend_P","Defend_P","Eruption+1","Vigilance+1"],"relics":["Busted Crown"],"acts_visited":["Exordium"],"potions_floor_usage":[16],"damage_taken":[{"damage":0.0,"enemies":"Small Slimes","floor":1.0,"turns":2.0},{"damage":2.0,"enemies":"2 Louse","floor":2.0,"turns":3.0},{"damage":0,"enemies":"Jaw Worm","floor":4,"turns":3},{"damage":1,"enemies":"Exordium Wildlife","floor":7,"turns":4},{"damage":4,"enemies":"Red Slaver","floor":8,"turns":5},{"damage":0,"enemies":"Looter","floor":11,"turns":2},{"damage":0,"enemies":"Exordium Wildlife","floor":12,"turns":4},{"damage":1,"enemies":"3 Louse","floor":13,"turns":5},{"damage":49,"enemies":"Hexaghost","floor":16,"turns":10}],"seed_played":"-2298979874976762014","potions_obtained":[{"floor":4,"key":"Ambrosia"},{"floor":7,"key":"Swift Potion"},{"floor":8,"key":"DuplicationPotion"},{"floor":11,"key":"Weak Potion"}],"is_trial":false,"path_per_floor":["M","M","?","M","$","R","M","M","T","R","M","M","M","?","R","B"],"character_chosen":"WATCHER","items_purchased":[],"campfire_rested":0,"item_purchase_floors":[],"current_hp_per_floor":[72,70,70,70,70,70,69,65,65,65,65,65,64,69,69,20,20],"gold":133,"neow_bonus":"BOSS_RELIC","is_daily":false,"chose_seed":false,"campfire_upgraded":3,"win_rate":0.0,"timestamp":1609550694,"path_taken":["M","M","?","M","$","R","M","M","T","R","M","M","M","?","R","BOSS"],"items_purchased_type":[],"build_version":"2020-12-22","purchased_purges":1,"victory":false,"max_hp_per_floor":[72,72,72,72,72,72,72,72,72,72,72,72,72,77,77,77,77],"card_choices":[{"not_picked":["FlurryOfBlows"],"picked":"SKIP","floor":1.0},{"not_picked":["SashWhip"],"picked":"SKIP","floor":2.0},{"not_picked":["EmptyFist"],"picked":"SKIP","floor":4},{"not_picked":["FlyingSleeves"],"picked":"SKIP","floor":7},{"not_picked":["SignatureMove"],"picked":"SKIP","floor":8},{"not_picked":["Protect"],"picked":"SKIP","floor":11},{"not_picked":["Devotion"],"picked":"SKIP","floor":12},{"not_picked":["Protect"],"picked":"SKIP","floor":13}],"player_experience":20273,"relics_obtained":[],"event_choices":[{"cards_removed":["Strike_P"],"damage_healed":0,"gold_gain":0,"player_choice":"Forget","damage_taken":0,"max_hp_gain":0,"max_hp_loss":0,"event_name":"Living Wall","floor":3,"gold_loss":0},{"damage_healed":0,"gold_gain":0,"player_choice":"Donut","damage_taken":0,"max_hp_gain":5,"max_hp_loss":0,"event_name":"Big Fish","floor":14,"gold_loss":0}],"is_beta":false,"boss_relics":[],"items_purged_floors":[5],"is_endless":false,"potions_floor_spawned":[4,7,8,11,12,13],"killed_by":"Hexaghost","ascension_level":0}}