{"host":"jksa5rawk3m4gilz","time":1609597716,"event":{"mods":["BaseMod","Colored Map","Highlight Path","Minty Spire (QoL Compilation)","Quick Restart"],"gold_per_floor":[109,109,124,140,140,140,171,171,220,239,264,283,458,95,95,168,168,168,168],"floor_reached":18,"playtime":573,"items_purged":["Doubt"],"score":289,"play_id":"a0207958-a135-4c23-93b5-8cb133b85529","local_time":"20210102152836","is_ascension_mode":true,"campfire_choices":[{"data":"Zap","floor":6,"key":"SMITH"},{"data":"Dualcast","floor":8,"key":"SMITH"},{"floor":15,"key":"DIG"}],"circlet_count":0,"master_deck":["AscendersBane","Zap+1","Dualcast+1","Electrodynamics","Cold Snap","Cold Snap","Redo","Skim","Hologram","Capacitor","Static Discharge","Sweeping Beam","Skim","Rainbow","Compile Driver"],"relics":["Cracked Core","NeowsBlessing","MealTicket","Bronze Scales","Strawberry","Whetstone","Shovel","Meat on the Bone","Pandora\u0027s Box"],"acts_visited":["Exordium","TheCity"],"potions_floor_usage":[],"damage_taken":[{"damage":0,"enemies":"Jaw Worm","floor":1,"turns":1},{"damage":0,"enemies":"Cultist","floor":3,"turns":1},{"damage":0,"enemies":"2 Louse","floor":4,"turns":1},{"damage":19,"enemies":"3 Sentries","floor":7,"turns":6},{"damage":4,"enemies":"Blue Slaver","floor":10,"turns":3},{"damage":12,"enemies":"Lagavulin","floor":11,"turns":7},{"damage":13,"enemies":"Large Slime","floor":12,"turns":3},{"damage":15,"enemies":"The Guardian","floor":16,"turns":14},{"damage":23,"enemies":"Shell Parasite","floor":18,"turns":5}],"seed_played":"-7830733020680647966","potions_obtained":[{"floor":7,"key":"DuplicationPotion"},{"floor":12,"key":"PowerPotion"}],"is_trial":false,"path_per_floor":["M","?","M","M","$","R","E","R","T","M","E","M","?","$","R","B",null,"M"],"character_chosen":"DEFECT","items_purchased":["Shovel"],"campfire_rested":0,"item_purchase_floors":[14],"current_hp_per_floor":[64,64,64,64,71,71,52,52,59,55,43,30,30,45,45,42,69,46,46],"gold":168,"neow_bonus":"THREE_ENEMY_KILL","is_daily":false,"chose_seed":false,"campfire_upgraded":2,"win_rate":0.0,"timestamp":1609597716,"path_taken":["M","?","M","M","$","R","E","R","T","?","E","M","?","$","R","BOSS","M"],"items_purchased_type":["Relic"],"build_version":"2020-12-22","purchased_purges":1,"victory":false,"max_hp_per_floor":[71,71,71,71,71,71,71,71,78,78,78,78,78,78,78,78,78,78,78],"card_choices":[{"not_picked":["Rebound","Stack"],"picked":"Gash","floor":1},{"not_picked":["FTL","Loop"],"picked":"Electrodynamics","floor":3},{"not_picked":["Go for the Eyes","Hologram"],"picked":"Cold Snap","floor":4},{"not_picked":["Redo","Undo","Go for the Eyes"],"picked":"SKIP","floor":7},{"not_picked":["Redo","Compile Driver"],"picked":"Cold Snap","floor":10},{"not_picked":["Streamline","Rip and Tear","Conserve Battery"],"picked":"SKIP","floor":11},{"not_picked":["Rainbow","Stack"],"picked":"Redo","floor":12}],"player_experience":2108998,"relics_obtained":[{"floor":7,"key":"Bronze Scales"},{"floor":9,"key":"Strawberry"},{"floor":11,"key":"Whetstone"},{"floor":15,"key":"Meat on the Bone"}],"event_choices":[{"cards_removed":["Gash"],"damage_healed":0,"gold_gain":0,"player_choice":"Gave Card","damage_taken":0,"relics_obtained":["MealTicket"],"max_hp_gain":0,"max_hp_loss":0,"event_name":"WeMeetAgain","floor":2,"gold_loss":0},{"damage_healed":0,"gold_gain":175,"player_choice":"AGREE","damage_taken":0,"max_hp_gain":0,"max_hp_loss":0,"event_name":"Liars Game","floor":13,"gold_loss":0,"cards_obtained":["Doubt"]}],"is_beta":false,"boss_relics":[{"not_picked":["Sozu","FrozenCore"],"picked":"Pandora\u0027s Box"}],"items_purged_floors":[14],"is_endless":false,"potions_floor_spawned":[7,12],"killed_by":"Shell Parasite","ascension_level":14}}