{"host":"kda2p2afd6bvz6qo","time":1609548784,"event":{"mods":["BaseMod","Colored Map","Minty Spire (QoL Compilation)","Relic Stats"],"gold_per_floor":[111,126,145,145,155,190,190,200,225,275,115,133,133,165,165,239,239,251,251,270,17,17,46,46,46,46],"floor_reached":25,"playtime":1472,"items_purged":["Strike_G"],"score":458,"play_id":"487db15e-57f9-4abe-a852-570d4660a2dd","local_time":"20210102005304","is_ascension_mode":true,"campfire_choices":[{"floor":7,"key":"REST"},{"data":"Storm of Steel","floor":13,"key":"SMITH"},{"floor":15,"key":"REST"},{"data":"Night Terror","floor":24,"key":"SMITH"}],"circlet_count":0,"master_deck":["AscendersBane","Strike_G+1","Strike_G+1","Strike_G+1","Defend_G+1","Defend_G+1","Defend_G+1","Defend_G+1","Defend_G+1","Survivor","Neutralize","Choke","Poisoned Stab","Storm of Steel+1","Deadly Poison","Flying Knee","Night Terror+1","Acrobatics","Cloak And Dagger+1","Outmaneuver+1","Infinite Blades","Accuracy","Wraith Form v2","Infinite Blades","Terror","Prepared","Accuracy"],"relics":["SlaversCollar","HornCleat","Anchor","Tiny Chest","MealTicket","Busted Crown","War Paint","Kunai"],"acts_visited":["Exordium","TheCity"],"potions_floor_usage":[6,10,16,18,20,23],"damage_taken":[{"damage":0,"enemies":"Cultist","floor":1,"turns":5},{"damage":4,"enemies":"2 Louse","floor":2,"turns":3},{"damage":1,"enemies":"Small Slimes","floor":3,"turns":4},{"damage":14,"enemies":"Looter","floor":5,"turns":3},{"damage":7,"enemies":"Lagavulin","floor":6,"turns":6},{"damage":0,"enemies":"2 Fungi Beasts","floor":8,"turns":3},{"damage":7,"enemies":"3 Sentries","floor":10,"turns":6},{"damage":5,"enemies":"Gremlin Gang","floor":12,"turns":4},{"damage":17,"enemies":"Lagavulin","floor":14,"turns":7},{"damage":18,"enemies":"Slime Boss","floor":16,"turns":6},{"damage":25,"enemies":"Chosen","floor":18,"turns":6},{"damage":9,"enemies":"3 Byrds","floor":20,"turns":4},{"damage":18,"enemies":"Slavers","floor":23,"turns":5},{"damage":29,"enemies":"Book of Stabbing","floor":25,"turns":4}],"seed_played":"8103491711358722706","potions_obtained":[{"floor":1,"key":"Poison Potion"},{"floor":5,"key":"Energy Potion"},{"floor":8,"key":"ColorlessPotion"},{"floor":10,"key":"Explosive Potion"},{"floor":16,"key":"Regen Potion"},{"floor":20,"key":"Dexterity Potion"}],"is_trial":false,"path_per_floor":["M","M","M","?","M","E","R","M","T","E","$","M","R","E","R","B",null,"M","?","M","$","?","E","R","E"],"character_chosen":"THE_SILENT","items_purchased":["Cloak And Dagger","Outmaneuver","War Paint","Accuracy"],"campfire_rested":2,"item_purchase_floors":[11,11,21,21],"current_hp_per_floor":[59,55,54,47,33,26,45,45,45,38,38,33,33,16,35,17,54,29,29,32,47,47,29,29,0,0],"gold":46,"neow_bonus":"BOSS_RELIC","is_daily":false,"chose_seed":false,"campfire_upgraded":2,"win_rate":0.0,"timestamp":1609548784,"path_taken":["M","?","M","?","M","E","R","M","T","E","$","M","R","E","R","BOSS","M","?","M","$","?","E","R","E"],"items_purchased_type":["Card","Card","Relic","Card"],"build_version":"2020-12-22","purchased_purges":1,"victory":false,"max_hp_per_floor":[66,66,66,66,66,66,66,66,66,66,66,66,66,66,66,66,66,66,66,66,66,66,66,66,66,66],"relic_stats":{"Busted Crown":6,"counters":[14,66],"Tiny Chest":0,"MealTicket":15,"Kunai":[1],"War Paint":["Outmaneuver","Cloak And Dagger"],"obtain_stats":[{"SlaversCollar":0,"Anchor":9,"HornCleat":6,"Busted Crown":17,"Tiny Chest":10,"MealTicket":14,"Kunai":23,"War Paint":21,"Ring of the Snake":0},{"SlaversCollar":0,"Anchor":6,"HornCleat":5,"Busted Crown":10,"Tiny Chest":7,"MealTicket":9,"Kunai":13,"War Paint":12,"Ring of the Snake":0},{"SlaversCollar":0,"Anchor":24,"HornCleat":21,"Busted Crown":47,"Tiny Chest":30,"MealTicket":41,"Kunai":62,"War Paint":57,"Ring of the Snake":0}]},"card_choices":[{"not_picked":["Backflip","Slice"],"picked":"Choke","floor":1},{"not_picked":["Distraction","Sucker Punch"],"picked":"Poisoned Stab","floor":2},{"not_picked":["Dodge and Roll","Poisoned Stab"],"picked":"Storm of Steel","floor":3},{"not_picked":["Quick Slash","PiercingWail"],"picked":"Deadly Poison","floor":5},{"not_picked":["Acrobatics","Poisoned Stab"],"picked":"Flying Knee","floor":6},{"not_picked":["Leg Sweep","Finisher"],"picked":"Night Terror","floor":8},{"not_picked":["Dodge and Roll","Bane"],"picked":"Acrobatics","floor":10},{"not_picked":["Deadly Poison","Heel Hook"],"picked":"Infinite Blades","floor":12},{"not_picked":["Quick Slash","Deflect"],"picked":"Accuracy","floor":14},{"not_picked":["Die Die Die","Glass Knife"],"picked":"Wraith Form v2","floor":16},{"not_picked":[],"picked":"Infinite Blades","floor":18},{"not_picked":[],"picked":"Prepared","floor":20},{"not_picked":["Deadly Poison"],"picked":"SKIP","floor":23}],"player_experience":108384,"relics_obtained":[{"floor":6,"key":"HornCleat"},{"floor":9,"key":"Anchor"},{"floor":10,"key":"Tiny Chest"},{"floor":14,"key":"MealTicket"},{"floor":23,"key":"Kunai"}],"event_choices":[{"cards_removed":["Strike_G"],"damage_healed":0,"gold_gain":0,"player_choice":"Card Removal","damage_taken":7,"max_hp_gain":0,"max_hp_loss":0,"event_name":"Golden Wing","floor":4,"gold_loss":0},{"damage_healed":0,"gold_gain":0,"player_choice":"Read","damage_taken":0,"max_hp_gain":0,"max_hp_loss":0,"event_name":"The Library","floor":19,"gold_loss":0,"cards_obtained":["Terror"]},{"damage_healed":0,"gold_gain":0,"player_choice":"Simplicity","damage_taken":0,"max_hp_gain":0,"max_hp_loss":0,"event_name":"Back to Basics","floor":22,"gold_loss":0,"cards_upgraded":["Strike_G","Strike_G","Strike_G","Defend_G","Defend_G","Defend_G","Defend_G","Defend_G"]}],"is_beta":false,"boss_relics":[{"not_picked":["Fusion Hammer","Runic Pyramid"],"picked":"Busted Crown"}],"items_purged_floors":[11],"is_endless":false,"potions_floor_spawned":[1,5,8,10,16,20],"killed_by":"Book of Stabbing","ascension_level":18}}