{"host":"a5lz0e76zb3fcwkm","time":1609606771,"event":{"mods":["AchievementEnabler","BaseMod","Colored Map","Colored Powertips","Minty Spire (QoL Compilation)","StSLib","SuperFastMode"],"gold_per_floor":[20,120,133,133,148,73,73,105,128,128,128,88,101,101,101,174,174,190,204,129,159,209,244,244,244,244],"floor_reached":25,"playtime":551,"items_purged":[],"score":534,"play_id":"2af24484-85f4-4c13-b318-45ccb193febd","local_time":"20210103015931","is_ascension_mode":true,"campfire_choices":[{"data":"Body Slam","floor":7.0,"key":"SMITH"},{"data":"Barricade","floor":10.0,"key":"SMITH"},{"data":"Impervious","floor":15.0,"key":"SMITH"},{"floor":24.0,"key":"RECALL"}],"circlet_count":0,"master_deck":["AscendersBane","Strike_R","Strike_R","Defend_R","Defend_R","Defend_R","Defend_R","Bash","Barricade+1","Body Slam+1","Impervious+1","Impervious","Flame Barrier","Shockwave+1","Exhume"],"relics":["Burning Blood","Boot","Bag of Preparation","Molten Egg 2","Question Card","Fusion Hammer","Red Mask","Matryoshka"],"acts_visited":["Exordium","TheCity"],"potions_floor_usage":[],"damage_taken":[{"damage":4.0,"enemies":"Small Slimes","floor":1.0,"turns":4.0},{"damage":19.0,"enemies":"Cultist","floor":3.0,"turns":6.0},{"damage":1.0,"enemies":"2 Louse","floor":5.0,"turns":4.0},{"damage":14.0,"enemies":"3 Sentries","floor":8.0,"turns":11.0},{"damage":0.0,"enemies":"Looter","floor":13.0,"turns":2.0},{"damage":11.0,"enemies":"Slime Boss","floor":16.0,"turns":7.0},{"damage":1.0,"enemies":"Spheric Guardian","floor":18.0,"turns":4.0},{"damage":8.0,"enemies":"Shell Parasite","floor":19.0,"turns":8.0},{"damage":17.0,"enemies":"Masked Bandits","floor":21.0,"turns":6.0},{"damage":0.0,"enemies":"Gremlin Leader","floor":23.0,"turns":6.0},{"damage":68,"enemies":"Slavers","floor":25,"turns":10}],"seed_played":"945068519048122546","potions_obtained":[{"floor":3.0,"key":"BlessingOfTheForge"},{"floor":8.0,"key":"LiquidBronze"},{"floor":12.0,"key":"EntropicBrew"},{"floor":12.0,"key":"Block Potion"},{"floor":16.0,"key":"SkillPotion"},{"floor":18.0,"key":"Explosive Potion"},{"floor":21.0,"key":"DuplicationPotion"}],"is_trial":false,"path_per_floor":["M","?","M","?","M","?","R","E","T","R","T","?","M","T","R","B",null,"M","M","?","?","?","E","R","E"],"character_chosen":"IRONCLAD","items_purchased":[],"campfire_rested":0,"item_purchase_floors":[],"current_hp_per_floor":[70,70,57,50,55,55,55,47,47,47,47,47,53,53,53,48,68,73,71,71,60,60,66,66,0,0],"gold":244,"neow_bonus":"THREE_RARE_CARDS","is_daily":false,"chose_seed":false,"campfire_upgraded":3,"win_rate":0.0,"timestamp":1609606771,"path_taken":["M","?","?","?","M","?","R","E","T","R","?","?","?","?","R","BOSS","M","?","?","?","?","E","R","E"],"items_purchased_type":[],"build_version":"2020-12-22","purchased_purges":0,"victory":false,"max_hp_per_floor":[75,75,75,75,75,75,75,75,75,75,75,75,75,75,75,75,75,75,75,75,75,75,75,75,75,75],"card_choices":[{"not_picked":["Double Tap","Impervious"],"picked":"Barricade","floor":0.0},{"not_picked":["Clothesline","Headbutt"],"picked":"Body Slam","floor":1.0},{"not_picked":["Iron Wave","Wild Strike"],"picked":"Impervious","floor":3.0},{"not_picked":["Spot Weakness","Dual Wield","Metallicize"],"picked":"SKIP","floor":5.0},{"not_picked":["Perfected Strike","Infernal Blade","Headbutt"],"picked":"SKIP","floor":8.0},{"not_picked":["Armaments","Heavy Blade+1","Iron Wave+1"],"picked":"SKIP","floor":13.0},{"not_picked":["Double Tap","Corruption","Feed+1"],"picked":"Impervious","floor":16.0},{"not_picked":["Flex","Reckless Charge+1","Dropkick+1"],"picked":"Flame Barrier","floor":18.0},{"not_picked":["Clash+1","Sentinel","Spot Weakness"],"picked":"Shockwave+1","floor":19.0},{"not_picked":["Ghostly Armor","Inflame+1","Flex"],"picked":"Exhume","floor":23.0}],"player_experience":1660320,"relics_obtained":[{"floor":8.0,"key":"Boot"},{"floor":9.0,"key":"Bag of Preparation"},{"floor":11.0,"key":"Molten Egg 2"},{"floor":14.0,"key":"Question Card"},{"floor":21.0,"key":"Red Mask"},{"floor":23.0,"key":"Matryoshka"}],"event_choices":[{"damage_healed":0.0,"max_hp_gain":0.0,"max_hp_loss":0.0,"gold_gain":100.0,"event_name":"Wheel of Change","player_choice":"Gold","floor":2.0,"gold_loss":0.0,"damage_taken":0.0},{"cards_removed":["Strike_R"],"damage_healed":0.0,"max_hp_gain":0.0,"max_hp_loss":0.0,"gold_gain":0.0,"event_name":"Golden Wing","player_choice":"Card Removal","floor":4.0,"gold_loss":0.0,"damage_taken":7.0},{"cards_removed":["Strike_R"],"damage_healed":0.0,"max_hp_gain":0.0,"max_hp_loss":0.0,"gold_gain":0.0,"event_name":"The Cleric","player_choice":"Card Removal","floor":6.0,"gold_loss":75.0,"damage_taken":0.0},{"damage_healed":0.0,"max_hp_gain":0.0,"max_hp_loss":0.0,"gold_gain":0.0,"event_name":"The Woman in Blue","player_choice":"Bought 3 Potions","floor":12.0,"gold_loss":0.0,"damage_taken":0.0},{"cards_removed":["Strike_R"],"damage_healed":0.0,"max_hp_gain":0.0,"max_hp_loss":0.0,"gold_gain":0.0,"event_name":"Beggar","player_choice":"Gave Gold","floor":20.0,"gold_loss":75.0,"damage_taken":0.0},{"damage_healed":0.0,"max_hp_gain":0.0,"max_hp_loss":0.0,"gold_gain":0.0,"event_name":"Masked Bandits","player_choice":"Fought Bandits","floor":21.0,"gold_loss":0.0,"damage_taken":0.0},{"damage_healed":0.0,"max_hp_gain":0.0,"max_hp_loss":0.0,"gold_gain":50.0,"event_name":"Nest","player_choice":"Stole From Cult","floor":22.0,"gold_loss":0.0,"damage_taken":0.0}],"is_beta":false,"boss_relics":[{"not_picked":["Calling Bell","Tiny House"],"picked":"Fusion Hammer"}],"items_purged_floors":[],"is_endless":false,"potions_floor_spawned":[3,8,16,18,21],"killed_by":"Slavers","ascension_level":20}}