{"host":"8srk5r1dwtmjotwd","time":1609558707,"event":{"mods":["AchievementEnabler","Act Like it!","BaseMod","Bestiary","Better Note","Better Third Choice","Card Forge","Colored Map","Colored Powertips","Downfall","Friendly Minions","GifTheSpireLib","Halation","Hermit","Hubris","Minty Spire (QoL Compilation)","Quick Restart","Rare Cards Sparkle","Replay The Spire","StSLib","SuperFastMode","The Bladedancer","The Saiyan","TheArtist","Yohane!","everything is the same but u backflip on backflip","slay the spire mod where everything is the same but ironclad has a cowboy hat"],"gold_per_floor":[119,119,61,61,77,93,93,106,129,27,46,46,46],"floor_reached":12,"playtime":584,"items_purged":[],"score":70,"play_id":"87fcf0f3-6e40-4301-934a-fce24cf0ddeb","local_time":"20210101223827","is_ascension_mode":false,"campfire_choices":[{"data":"artistmod:GreenGreed","floor":7,"key":"SMITH"}],"circlet_count":0,"master_deck":["artistmod:StrokeStrike","artistmod:StrokeStrike","artistmod:StrokeStrike","artistmod:StrokeStrike","artistmod:DaringDefend","artistmod:DaringDefend","artistmod:DaringDefend","artistmod:BrushBash","artistmod:DarkenDrawing","artistmod:PalettePick","artistmod:DualDebuffs+1","artistmod:ColorfulClobber","artistmod:GreenGreed+1","artistmod:ChromaCrash","artistmod:CrushingCanvas+1","artistmod:RedRage","artistmod:BlueBurst"],"relics":["artistmod:BlueBrush","Hammer of Thor","Seething Fire","Anvil of the Gods","NeowsBlessing","halation:AfternoonTea"],"acts_visited":["Exordium"],"potions_floor_usage":[12],"damage_taken":[{"damage":0,"enemies":"2 Louse","floor":1,"turns":1},{"damage":0,"enemies":"Cultist","floor":5,"turns":1},{"damage":0,"enemies":"Small Slimes","floor":6,"turns":2},{"damage":17,"enemies":"3 Louse","floor":8,"turns":5},{"damage":37,"enemies":"Exordium Thugs","floor":11,"turns":4},{"damage":17,"enemies":"Gremlin Nob","floor":12,"turns":4}],"seed_played":"-5144018229222847980","potions_obtained":[{"floor":11,"key":"ColorlessPotion"}],"is_trial":false,"path_per_floor":["M","?","$","?","M","M","R","M","T","$","M","E"],"character_chosen":"THE_ARTIST","items_purchased":["artistmod:DualDebuffs+1","artistmod:CrushingCanvas+1","artistmod:RedRage"],"campfire_rested":0,"item_purchase_floors":[3,10,10],"current_hp_per_floor":[71,71,71,71,71,71,71,54,54,54,17,0,0],"gold":46,"neow_bonus":"THREE_ENEMY_KILL","is_daily":false,"chose_seed":false,"campfire_upgraded":1,"win_rate":0.0,"timestamp":1609558707,"path_taken":["M","?","$","?","M","?","R","M","T","$","M","E"],"items_purchased_type":["Card","Card","Card"],"build_version":"2020-12-22","purchased_purges":0,"victory":false,"max_hp_per_floor":[71,71,71,71,71,71,71,71,71,71,71,71,71],"card_choices":[{"not_picked":["artistmod:CursedClash","artistmod:RainbowRazor"],"picked":"artistmod:PalettePick","floor":1},{"not_picked":["artistmod:RedRage","artistmod:AquaAnnoyance"],"picked":"artistmod:ColorfulClobber","floor":5},{"not_picked":["artistmod:RedRazzing","artistmod:SweepingSadness"],"picked":"artistmod:GreenGreed","floor":6},{"not_picked":["artistmod:MeanMagenta","artistmod:ClearChroma"],"picked":"artistmod:ChromaCrash","floor":8},{"not_picked":["artistmod:ArtificialArt","artistmod:PurplePurpose"],"picked":"artistmod:BlueBurst","floor":11}],"player_experience":42621,"relics_obtained":[{"floor":9,"key":"halation:AfternoonTea"}],"event_choices":[{"damage_healed":0,"gold_gain":0,"player_choice":"Leave","damage_taken":0,"max_hp_gain":0,"max_hp_loss":0,"event_name":"The Cleric","floor":2,"gold_loss":0},{"cards_removed":["artistmod:DaringDefend"],"damage_healed":0,"gold_gain":0,"player_choice":"Offered Basic","damage_taken":0,"max_hp_gain":0,"max_hp_loss":0,"event_name":"Bonfire Elementals","floor":4,"gold_loss":0}],"is_beta":false,"boss_relics":[],"items_purged_floors":[],"is_endless":false,"potions_floor_spawned":[11],"killed_by":"Gremlin Nob","ascension_level":0}}