{"host":"s6mlqkqtr3ey2mm2","time":1609572037,"event":{"mods":["2.2 Compatiblity","AchievementEnabler","Aspiration","Bard","BaseMod","Beaked The Cultist","Better Note","Better Vampires","BetterRewards","Challenge The Spire","Colored Map","Colored Powertips","Conspire","Curses Come First","Downfall","Emptier Cage","Energized Spire","GifTheSpireLib","Halation","Hermit","Hubris","Infinite Spire","Ironclad Rager","Mad Scientist","Marked Mod","Minty Spire (QoL Compilation)","Quick Restart","RatMod","Replay The Spire","Retaliation","Robot Space Explorer","Shade Mod","Somnambulant","Spicy Shops","StSLib","Stuff the Spire","The Blue Laboratory","The Construct","The Druid","The IronCluck","The Marked","The Mystic","The Necromancer","The Poker Player","The Runesmith","The Valiant","The Wild Card","Waifu the Spire","vexMod"],"gold_per_floor":[116,216,236,250,9,40,40,66,90,124,124,49,61,74,74,175,175,187,187,204,32,48,48,48],"floor_reached":23,"playtime":1657,"items_purged":["Strike_B","Defend_B"],"score":211,"play_id":"dc2ac4ab-595f-4536-8808-e25b69786aa0","local_time":"20210102022037","is_ascension_mode":false,"campfire_choices":[{"floor":7,"key":"REST"},{"floor":15,"key":"REST"}],"circlet_count":0,"master_deck":["Strike_B","Strike_B+1","Strike_B","Defend_B","Defend_B","Defend_B","Zap","Dualcast","Double Energy","StuffTheSpire:ForEach","Ball Lightning","Gash","Steam","Go for the Eyes","Ball Lightning","Lockon","Gash","conspire:SharedLibrary","Scrape","Echo Form","Gash","StuffTheSpire:LoadUp","Loop"],"relics":["Cracked Core","vexMod:GhostlyGear","rat:PhantomDancer","Torii","Gremlin Food","ReplayTheSpireMod:Ninjato","conspire:SpecialSausage"],"acts_visited":["Exordium","TheCity"],"potions_floor_usage":[16,16,16],"damage_taken":[{"damage":11,"enemies":"Jaw Worm","floor":1,"turns":3},{"damage":4,"enemies":"Cultist","floor":3,"turns":4},{"damage":2,"enemies":"conspire:RoseBush","floor":4,"turns":3},{"damage":26,"enemies":"Lagavulin","floor":6,"turns":5},{"damage":28,"enemies":"Gremlin Nob","floor":8,"turns":4},{"damage":19,"enemies":"Lagavulin","floor":10,"turns":4},{"damage":1,"enemies":"Looter","floor":13,"turns":3},{"damage":0,"enemies":"Large Slime","floor":14,"turns":2},{"damage":7,"enemies":"Hexaghost","floor":16,"turns":6},{"damage":1,"enemies":"Spheric Guardian","floor":18,"turns":3},{"damage":11,"enemies":"Shell Parasite","floor":20,"turns":3},{"damage":30,"enemies":"Snecko","floor":22,"turns":4},{"damage":41,"enemies":"Book of Stabbing","floor":23,"turns":4}],"seed_played":"4467541143761051666","potions_obtained":[{"floor":1,"key":"CultistPotion"},{"floor":8,"key":"SteroidPotion"},{"floor":13,"key":"blueLaboratory:LouseDecoction"},{"floor":18,"key":"CultistPotion"},{"floor":22,"key":"blueLaboratory:AbyssPotion"}],"is_trial":false,"path_per_floor":["M","?","M","M","$","E","R","E","T","E","?","$","M","M","R","B",null,"M","?","M","$","M","E"],"character_chosen":"DEFECT","items_purchased":["vexMod:GhostlyGear","Gash","Steam","Loop"],"campfire_rested":2,"item_purchase_floors":[5,5,5,21],"current_hp_per_floor":[71,71,67,65,65,39,63,35,35,16,16,16,15,15,39,32,82,81,81,70,70,40,0,0],"gold":48,"neow_bonus":"TEN_PERCENT_HP_BONUS","is_daily":false,"chose_seed":false,"campfire_upgraded":0,"win_rate":0.0,"timestamp":1609572037,"path_taken":["M","?","M","M","?","E","R","E","T","E","?","$","M","M","R","BOSS","M","?","M","?","?","E"],"items_purchased_type":["Relic","Card","Card","Card"],"build_version":"2020-12-22","purchased_purges":2,"victory":false,"max_hp_per_floor":[82,82,82,82,82,82,82,82,82,82,82,82,82,82,82,82,82,82,82,82,82,82,82,82],"card_choices":[{"not_picked":["Coolheaded","Panic Button"],"picked":"Double Energy","floor":1},{"not_picked":["Compile Driver","StuffTheSpire:Plugnplay"],"picked":"StuffTheSpire:ForEach","floor":3},{"not_picked":["Compile Driver","StuffTheSpire:GlassShard"],"picked":"Ball Lightning","floor":4},{"not_picked":["Steam","Glacier"],"picked":"Go for the Eyes","floor":6},{"not_picked":["StuffTheSpire:NuclearReactor","Hologram"],"picked":"Ball Lightning","floor":8},{"not_picked":["BootSequence","Streamline"],"picked":"Lockon","floor":10},{"not_picked":["Cold Snap","Steam Power"],"picked":"conspire:SharedLibrary","floor":13},{"not_picked":["Beam Cell","Coolheaded"],"picked":"Scrape","floor":14},{"not_picked":["Machine Learning","StuffTheSpire:LaunchingStrike"],"picked":"Echo Form","floor":16},{"not_picked":["Beam Cell","Streamline"],"picked":"Gash","floor":18},{"not_picked":["Gash","Double Energy"],"picked":"StuffTheSpire:LoadUp","floor":20},{"not_picked":["Panic Button+1","Barrage","Sweeping Beam"],"picked":"SKIP","floor":22}],"player_experience":51532,"relics_obtained":[{"floor":6,"key":"rat:PhantomDancer"},{"floor":8,"key":"Torii"},{"floor":9,"key":"Gremlin Food"},{"floor":10,"key":"ReplayTheSpireMod:Ninjato"}],"event_choices":[{"damage_healed":0,"gold_gain":100,"player_choice":"Pray","damage_taken":0,"max_hp_gain":0,"max_hp_loss":0,"event_name":"Golden Shrine","floor":2,"gold_loss":0},{"damage_healed":0,"gold_gain":0,"player_choice":"Ignored","damage_taken":0,"max_hp_gain":0,"max_hp_loss":0,"event_name":"betterNote:BetterNote","floor":19,"gold_loss":0,"cards_obtained":["conspire:DoublingDagger"]}],"is_beta":false,"boss_relics":[{"not_picked":["hubris:ScarierMask","Replay:Grab Bag"],"picked":"conspire:SpecialSausage"}],"items_purged_floors":[12,21],"is_endless":false,"potions_floor_spawned":[1,8,13,14,18,22],"killed_by":"Book of Stabbing","ascension_level":0}}