{"host":"minbhrtlkaoly5f0","time":1609570942,"event":{"mods":["Act Like it!","BaseMod","Colored Map","Colored Powertips","Minty Spire (QoL Compilation)","Quick Restart"],"gold_per_floor":[117,117,44,319,209,239,239,273,273,293,304,321,7,22,22,125,125,140,65,164,164,88,88,88,88,88,88,104,19,19,66,66,170,170,186,61,76,86,136,136,150,150,150,150,169,169,185,199,199,199,199],"floor_reached":50,"playtime":1588,"items_purged":["Regret","Strike_B","Defend_B"],"score":498,"play_id":"d3b83964-5a16-47b1-8e54-e5edc1354655","local_time":"20210102150222","is_ascension_mode":false,"campfire_choices":[{"floor":7,"key":"RECALL"},{"floor":15,"key":"REST"},{"data":"Loop","floor":23,"key":"SMITH"},{"data":"Storm","floor":25,"key":"SMITH"},{"data":"Static Discharge","floor":27,"key":"SMITH"},{"data":"Redo","floor":32,"key":"SMITH"},{"floor":40,"key":"REST"},{"floor":44,"key":"REST"},{"floor":46,"key":"REST"},{"floor":49,"key":"REST"}],"circlet_count":0,"master_deck":["Defend_B","Defend_B","Defend_B","Dualcast","Sweeping Beam","Impatience","Reboot","Zap","Loop+1","Heatsinks","Redo+1","Storm+1","Sunder","Darkness","Fusion","Ball Lightning","Electrodynamics","Heatsinks","Static Discharge+1","Writhe","Buffer","Capacitor","Redo+1","Redo+1","Compile Driver+1","Ball Lightning","Parasite"],"relics":["Cracked Core","NeowsBlessing","Oddly Smooth Stone","Orichalcum","Lantern","SacredBark","PreservedInsect","Ancient Tea Set","Happy Flower","Empty Cage","CaptainsWheel","Shuriken"],"acts_visited":["Exordium","TheCity","TheBeyond"],"potions_floor_usage":[16,16,33,33,33,38],"damage_taken":[{"damage":0,"enemies":"Jaw Worm","floor":1,"turns":1},{"damage":0,"enemies":"Gremlin Nob","floor":6,"turns":1},{"damage":0,"enemies":"3 Sentries","floor":8,"turns":1},{"damage":0,"enemies":"Cultist","floor":10,"turns":3},{"damage":0,"enemies":"Small Slimes","floor":11,"turns":2},{"damage":12,"enemies":"Blue Slaver","floor":12,"turns":3},{"damage":8,"enemies":"3 Louse","floor":14,"turns":4},{"damage":74,"enemies":"Hexaghost","floor":16,"turns":11},{"damage":16,"enemies":"Shell Parasite","floor":18,"turns":4},{"damage":4,"enemies":"Spheric Guardian","floor":28,"turns":3},{"damage":54,"enemies":"Champ","floor":33,"turns":9},{"damage":29,"enemies":"3 Darklings","floor":35,"turns":4},{"damage":39,"enemies":"3 Shapes","floor":37,"turns":4},{"damage":40,"enemies":"Maw","floor":38,"turns":7},{"damage":5,"enemies":"Mind Bloom Boss Battle","floor":39,"turns":7},{"damage":17,"enemies":"4 Shapes","floor":41,"turns":3},{"damage":21,"enemies":"3 Darklings","floor":45,"turns":4},{"damage":2,"enemies":"Sphere and 2 Shapes","floor":47,"turns":4},{"damage":22,"enemies":"Writhing Mass","floor":48,"turns":5},{"damage":43,"enemies":"Awakened One","floor":50,"turns":3}],"seed_played":"-5872922184536604217","potions_obtained":[{"floor":8,"key":"Dexterity Potion"},{"floor":10,"key":"Explosive Potion"},{"floor":11,"key":"FearPotion"},{"floor":16,"key":"AttackPotion"},{"floor":28,"key":"Dexterity Potion"},{"floor":35,"key":"SteroidPotion"},{"floor":37,"key":"Regen Potion"},{"floor":45,"key":"ColorlessPotion"},{"floor":48,"key":"SmokeBomb"}],"is_trial":false,"path_per_floor":["M","?","$","?","$","E","R","E","T","M","M","M","$","M","R","B",null,"M","?","?","?","$","R","?","R","T","R","M","?","$","T","R","B",null,"M","$","M","M","?","R","M","?","T","R","M","R","M","M","R","B"],"character_chosen":"DEFECT","items_purchased":["Loop","Heatsinks","Fusion","Lantern","Static Discharge"],"campfire_rested":5,"item_purchase_floors":[3,5,13,13,22],"current_hp_per_floor":[75,75,75,75,75,75,75,75,75,75,75,63,63,55,75,1,75,59,59,59,59,59,59,59,59,59,59,55,55,55,55,55,1,75,46,46,7,16,11,33,16,16,16,38,17,39,37,15,37,0,0],"gold":199,"neow_bonus":"THREE_ENEMY_KILL","is_daily":false,"chose_seed":false,"campfire_upgraded":4,"win_rate":0.0,"timestamp":1609570942,"path_taken":["M","?","?","?","$","E","R","E","T","M","M","?","$","M","R","BOSS","M","?","?","?","?","R","?","R","T","R","M","?","$","?","R","BOSS","M","$","M","M","?","R","M","?","T","R","?","R","M","M","R","BOSS"],"items_purchased_type":["Card","Card","Card","Relic","Card"],"build_version":"2020-12-22","purchased_purges":3,"victory":false,"max_hp_per_floor":[75,75,75,75,75,75,75,75,75,75,75,75,75,75,75,75,75,75,75,75,75,75,75,75,75,75,75,75,75,75,75,75,75,75,75,75,75,75,75,75,75,75,75,75,75,75,75,75,75,75,75],"card_choices":[{"not_picked":["Beam Cell","Hologram"],"picked":"Sweeping Beam","floor":1},{"not_picked":["Ball Lightning","Aggregate"],"picked":"Redo","floor":6},{"not_picked":["Loop","Rebound"],"picked":"Storm","floor":8},{"not_picked":["Barrage","FTL"],"picked":"Sunder","floor":10},{"not_picked":["Beam Cell","Ball Lightning"],"picked":"Darkness","floor":11},{"not_picked":["Redo","Conserve Battery","All For One"],"picked":"SKIP","floor":12},{"not_picked":["Beam Cell","Sunder"],"picked":"Ball Lightning","floor":14},{"not_picked":["Amplify","Buffer"],"picked":"Electrodynamics","floor":16},{"not_picked":["Hologram","Skim"],"picked":"Heatsinks","floor":18},{"not_picked":["Melter","Reprogram","White Noise"],"picked":"SKIP","floor":28},{"not_picked":["Electrodynamics","Seek"],"picked":"Buffer","floor":33},{"not_picked":["Streamline","Sunder","Consume+1"],"picked":"SKIP","floor":35},{"not_picked":["Steam Power","Streamline","Hologram"],"picked":"SKIP","floor":37},{"not_picked":["Glacier+1","Compile Driver"],"picked":"Capacitor","floor":38},{"not_picked":["Stack+1","Barrage+1"],"picked":"Redo+1","floor":39},{"not_picked":["Coolheaded+1","Aggregate"],"picked":"Redo+1","floor":41},{"not_picked":["Barrage","Go for the Eyes"],"picked":"Compile Driver+1","floor":45},{"not_picked":["Blizzard","Gash+1"],"picked":"Ball Lightning","floor":47},{"not_picked":["Seek","Cold Snap","Chill"],"picked":"SKIP","floor":48}],"player_experience":9221,"relics_obtained":[{"floor":6,"key":"Oddly Smooth Stone"},{"floor":8,"key":"Orichalcum"},{"floor":26,"key":"Ancient Tea Set"},{"floor":39,"key":"CaptainsWheel"},{"floor":43,"key":"Shuriken"}],"event_choices":[{"damage_healed":0,"gold_gain":0,"player_choice":"3 cards matched","damage_taken":0,"max_hp_gain":0,"max_hp_loss":0,"event_name":"Match and Keep!","floor":2,"gold_loss":0,"cards_obtained":["Impatience","Reboot","Zap"]},{"damage_healed":0,"gold_gain":275,"player_choice":"Desecrate","damage_taken":0,"max_hp_gain":0,"max_hp_loss":0,"event_name":"Golden Shrine","floor":4,"gold_loss":0,"cards_obtained":["Regret"]},{"cards_removed":["Strike_B"],"damage_healed":0,"gold_gain":0,"player_choice":"Gave Gold","damage_taken":0,"max_hp_gain":0,"max_hp_loss":0,"event_name":"Beggar","floor":19,"gold_loss":75},{"damage_healed":0,"gold_gain":99,"player_choice":"Stole From Cult","damage_taken":0,"max_hp_gain":0,"max_hp_loss":0,"event_name":"Nest","floor":20,"gold_loss":0},{"damage_healed":0,"gold_gain":0,"player_choice":"Ignored","damage_taken":0,"max_hp_gain":0,"max_hp_loss":0,"event_name":"Vampires","floor":21,"gold_loss":0},{"damage_healed":0,"gold_gain":0,"player_choice":"Opened","damage_taken":0,"relics_obtained":["PreservedInsect"],"max_hp_gain":0,"max_hp_loss":0,"event_name":"The Mausoleum","floor":24,"gold_loss":0,"cards_obtained":["Writhe"]},{"damage_healed":0,"gold_gain":0,"player_choice":"Obtained Relic","damage_taken":0,"relics_obtained":["Happy Flower"],"max_hp_gain":0,"max_hp_loss":0,"event_name":"Addict","floor":29,"gold_loss":85},{"damage_healed":0,"gold_gain":0,"player_choice":"Fight","damage_taken":0,"max_hp_gain":0,"max_hp_loss":0,"event_name":"MindBloom","floor":39,"gold_loss":0},{"cards_removed":["Zap"],"damage_healed":0,"gold_gain":0,"player_choice":"Purged","damage_taken":0,"max_hp_gain":0,"max_hp_loss":0,"event_name":"Purifier","floor":42,"gold_loss":0}],"is_beta":false,"boss_relics":[{"not_picked":["Ectoplasm","FrozenCore"],"picked":"SacredBark"},{"not_picked":["Astrolabe","Coffee Dripper"],"picked":"Empty Cage"}],"items_purged_floors":[5,13,36],"is_endless":false,"potions_floor_spawned":[8,10,11,16,28,35,37,45,48],"killed_by":"Awakened One","ascension_level":0}}