{"host":"xg5jeeis2it0kviw","time":1609584550,"event":{"mods":["Aspiration","BaseMod","Conspire","Hermit","Minty Spire (QoL Compilation)","Relic Stats","Spicy Shops","StSLib","vexMod","¡¾ÒÅÎï¿¨ÅÆ¡¿REMEMod"],"gold_per_floor":[111,130,148,165,165,200,213,388,413,413,448,468,468,112,112,292,292,310,329,18,0,0,0,10,10,10,10,39,5,16,16,16],"floor_reached":31,"playtime":47825,"items_purged":["hermit:Strike_Hermit"],"score":247,"play_id":"f821e9e7-d243-4f6e-8129-fb1d2cb2e6ee","local_time":"20210102184910","is_ascension_mode":false,"campfire_choices":[{"data":"hermit:CursedWeapon","floor":13,"key":"SMITH"},{"floor":15,"key":"REST"}],"circlet_count":0,"master_deck":["hermit:Strike_Hermit+1","hermit:Strike_Hermit+1","hermit:Strike_Hermit+1","hermit:Defend_Hermit+1","hermit:Defend_Hermit+1","hermit:Defend_Hermit+1","hermit:Defend_Hermit+1","hermit:Snapshot","hermit:Covet","hermit:Headshot","hermit:Snipe","Spot Weakness","hermit:Quickdraw","hermit:Deadeye","hermit:CursedWeapon+1","Doubt","Injury","hermit:DeadOrAlive","hermit:Snipe","hermit:HeroicBravado","hermit:Coalescence","hermit:SprayPray","hermit:Maintenance","Shame","hermit:Determination","hermit:Brawl"],"relics":["hermit:Momento","REME_ComplimentaryCards","WarpedTongs","vexMod:PlasmaPancake","Oddly Smooth Stone","vexMod:MemoryStick","Juzu Bracelet","aspiration:SeaSaltIceCream","aspiration:Nostalgia","PureWater","aspiration:RunicSpoon","Peace Pipe","conspire:Flyswatter","vexMod:InvisibilityCloak","vexMod:ScavengeHelm"],"acts_visited":["Exordium","TheCity"],"potions_floor_usage":[12,30,31,31],"damage_taken":[{"damage":1.0,"enemies":"Cultist","floor":1.0,"turns":3.0},{"damage":0.0,"enemies":"2 Louse","floor":2.0,"turns":3.0},{"damage":2.0,"enemies":"Small Slimes","floor":3.0,"turns":3.0},{"damage":0.0,"enemies":"2 Fungi Beasts","floor":4.0,"turns":3.0},{"damage":13.0,"enemies":"3 Sentries","floor":6.0,"turns":6.0},{"damage":9,"enemies":"Red Slaver","floor":7,"turns":2},{"damage":21,"enemies":"Lagavulin","floor":11,"turns":5},{"damage":2,"enemies":"Large Slime","floor":12,"turns":3},{"damage":7,"enemies":"Slime Boss","floor":16,"turns":7},{"damage":22,"enemies":"Shell Parasite","floor":18,"turns":5},{"damage":8,"enemies":"Chosen","floor":19,"turns":3},{"damage":33,"enemies":"conspire:HollyBat","floor":24,"turns":9},{"damage":7,"enemies":"Cultist and Chosen","floor":28,"turns":4},{"damage":3,"enemies":"3 Cultists","floor":30,"turns":5},{"damage":19,"enemies":"Gremlin Leader","floor":31,"turns":4}],"seed_played":"-6346422004903404039","potions_obtained":[{"floor":1.0,"key":"Dexterity Potion"},{"floor":3.0,"key":"PowerPotion"},{"floor":6.0,"key":"EntropicBrew"},{"floor":16,"key":"AttackPotion"}],"is_trial":false,"path_per_floor":["M","M","M","M","?","E","M","?","T","?","E","M","R","$","R","B",null,"M","M","$","?","?","T","M","?","T","?","M","$","M","E"],"character_chosen":"HERMIT","items_purchased":["Juzu Bracelet","aspiration:SeaSaltIceCream","Peace Pipe","hermit:Brawl"],"campfire_rested":1,"item_purchase_floors":[14,14,20,29],"current_hp_per_floor":[81,81,79,79,79,72,63,63,63,63,42,40,40,40,66,59,88,66,58,58,58,58,58,25,25,25,25,18,18,15,0,0],"gold":16,"neow_bonus":"TEN_PERCENT_HP_BONUS","is_daily":false,"chose_seed":false,"campfire_upgraded":1,"win_rate":0.0,"timestamp":1609584550,"path_taken":["M","M","?","M","?","E","?","?","T","?","E","?","R","$","R","BOSS","M","M","$","?","?","?","M","?","T","?","M","?","M","E"],"items_purchased_type":["Relic","Relic","Relic","Card"],"build_version":"2020-12-22","purchased_purges":1,"victory":false,"max_hp_per_floor":[82,82,82,82,82,88,88,88,88,88,88,88,88,88,88,88,88,88,88,88,88,88,88,88,88,88,88,88,88,88,88,88],"relic_stats":{"Peace Pipe":0,"counters":[15,65],"aspiration:RunicSpoon":[35],"Juzu Bracelet":0,"obtain_stats":[{"vexMod:PlasmaPancake":6,"vexMod:MemoryStick":11,"aspiration:Nostalgia":14,"vexMod:ScavengeHelm":26,"aspiration:RunicSpoon":17,"Oddly Smooth Stone":9,"Juzu Bracelet":14,"aspiration:SeaSaltIceCream":14,"WarpedTongs":5,"Peace Pipe":20,"vexMod:InvisibilityCloak":25,"PureWater":14,"hermit:Momento":0,"REME_ComplimentaryCards":0,"conspire:Flyswatter":23},{"vexMod:PlasmaPancake":5,"vexMod:MemoryStick":7,"aspiration:Nostalgia":8,"vexMod:ScavengeHelm":12,"aspiration:RunicSpoon":9,"Oddly Smooth Stone":6,"Juzu Bracelet":8,"aspiration:SeaSaltIceCream":8,"WarpedTongs":4,"Peace Pipe":11,"vexMod:InvisibilityCloak":12,"PureWater":8,"hermit:Momento":0,"REME_ComplimentaryCards":0,"conspire:Flyswatter":11},{"vexMod:PlasmaPancake":18,"vexMod:MemoryStick":25,"aspiration:Nostalgia":28,"vexMod:ScavengeHelm":52,"aspiration:RunicSpoon":35,"Oddly Smooth Stone":20,"Juzu Bracelet":28,"aspiration:SeaSaltIceCream":28,"WarpedTongs":12,"Peace Pipe":43,"vexMod:InvisibilityCloak":52,"PureWater":28,"hermit:Momento":0,"REME_ComplimentaryCards":0,"conspire:Flyswatter":43}],"WarpedTongs":[53]},"card_choices":[{"not_picked":["hermit:TakeCover","hermit:FlashPowder"],"picked":"hermit:Headshot","floor":1.0},{"not_picked":["hermit:TrackingShot","hermit:EyeOfTheStorm"],"picked":"hermit:Snipe","floor":2.0},{"not_picked":["hermit:LoneWolf","hermit:Manifest"],"picked":"hermit:Quickdraw","floor":3.0},{"not_picked":["hermit:Malice","hermit:LoneWolf"],"picked":"hermit:Deadeye","floor":4.0},{"not_picked":["hermit:HighCaliber","hermit:Desperado","hermit:Feint"],"picked":"SKIP","floor":6.0},{"not_picked":["hermit:SprayPray","hermit:ShadowCloak"],"picked":"hermit:CursedWeapon","floor":7},{"not_picked":["hermit:BodyArmor","hermit:Vantage"],"picked":"hermit:DeadOrAlive","floor":11},{"not_picked":["hermit:HighCaliber","hermit:TrackingShot"],"picked":"hermit:Snipe","floor":12},{"not_picked":["hermit:FromBeyond","hermit:EternalForm"],"picked":"hermit:HeroicBravado","floor":16},{"not_picked":["hermit:HoleUp","hermit:Manifest"],"picked":"hermit:Coalescence","floor":18},{"not_picked":["hermit:Grudge","hermit:BodyArmor"],"picked":"hermit:SprayPray","floor":19},{"not_picked":["hermit:Gestalt","hermit:TakeCover"],"picked":"hermit:Maintenance","floor":24},{"not_picked":["hermit:ShadowCloak","hermit:Ricochet"],"picked":"hermit:Determination","floor":28},{"not_picked":["hermit:Cheat","hermit:Quickdraw","hermit:CalledShot"],"picked":"SKIP","floor":30}],"player_experience":299580,"relics_obtained":[{"floor":6.0,"key":"vexMod:PlasmaPancake"},{"floor":9,"key":"Oddly Smooth Stone"},{"floor":11,"key":"vexMod:MemoryStick"},{"floor":23,"key":"conspire:Flyswatter"},{"floor":26,"key":"vexMod:ScavengeHelm"}],"event_choices":[{"damage_healed":0.0,"max_hp_gain":0.0,"max_hp_loss":0.0,"gold_gain":0.0,"event_name":"Accursed Blacksmith","player_choice":"Rummage","floor":5.0,"gold_loss":0.0,"damage_taken":0.0,"relics_obtained":["WarpedTongs"],"cards_obtained":["Pain"]},{"damage_healed":0,"gold_gain":175,"player_choice":"AGREE","damage_taken":0,"max_hp_gain":0,"max_hp_loss":0,"event_name":"Liars Game","floor":8,"gold_loss":0,"cards_obtained":["Doubt"]},{"damage_healed":0,"gold_gain":0,"cards_transformed":["Pain"],"player_choice":"Transformed","damage_taken":0,"max_hp_gain":0,"max_hp_loss":0,"event_name":"Transmorgrifier","floor":10,"gold_loss":0,"cards_obtained":["Injury"]},{"damage_healed":0,"gold_gain":0,"player_choice":"Paid Fearfully","damage_taken":0,"max_hp_gain":0,"max_hp_loss":0,"event_name":"Masked Bandits","floor":21,"gold_loss":18},{"damage_healed":0,"gold_gain":0,"player_choice":"Ignored","damage_taken":0,"max_hp_gain":0,"max_hp_loss":0,"event_name":"Ghosts","floor":22,"gold_loss":0},{"damage_healed":0,"gold_gain":0,"player_choice":"Stole Relic","damage_taken":0,"relics_obtained":["vexMod:InvisibilityCloak"],"max_hp_gain":0,"max_hp_loss":0,"event_name":"Addict","floor":25,"gold_loss":0,"cards_obtained":["Shame"]},{"damage_healed":0,"gold_gain":0,"player_choice":"Simplicity","damage_taken":0,"max_hp_gain":0,"max_hp_loss":0,"event_name":"Back to Basics","floor":27,"gold_loss":0,"cards_upgraded":["hermit:Strike_Hermit","hermit:Strike_Hermit","hermit:Strike_Hermit","hermit:Defend_Hermit","hermit:Defend_Hermit","hermit:Defend_Hermit","hermit:Defend_Hermit"]}],"is_beta":false,"boss_relics":[{"not_picked":["Philosopher\u0027s Stone","Velvet Choker"],"picked":"aspiration:RunicSpoon"}],"items_purged_floors":[14],"is_endless":false,"potions_floor_spawned":[1,3,6,11,16,19,24],"killed_by":"Gremlin Leader","ascension_level":0}}