{"host":"sc0o2qwpf9j16a4i","time":1609608579,"event":{"mods":["AchievementEnabler","BaseMod","BetterRewards","Block Reminder","Colored Map","Colored Powertips","Custom Start","Highlight Path","Minty Spire (QoL Compilation)","Relic Stats"],"gold_per_floor":[116,134,284,284,294,294,355,390,416,440,42,42,55,89,89,162,162,181,181,181,201,212,212,239,249,249,279,279,296,296,196,196,272,272,288,74,74,74,89,114,114,124,147,147,147,147,179,202,214,226,238,250,262,9,34,34],"floor_reached":57,"playtime":2422,"items_purged":["Strike_P","Strike_P","Defend_P"],"score":3712,"play_id":"f2a40fbf-dae5-4f93-b80d-ce271a5685e4","local_time":"20210102192939","is_ascension_mode":true,"campfire_choices":[{"floor":6,"key":"REST"},{"data":"Apotheosis","floor":12,"key":"SMITH"},{"data":"TalkToTheHand","floor":15,"key":"SMITH"},{"data":"Meditate","floor":23,"key":"SMITH"},{"data":"Strike_P","floor":30,"key":"PURGE"},{"floor":32,"key":"REST"},{"data":"Defend_P","floor":41,"key":"PURGE"},{"floor":45,"key":"RECALL"},{"floor":49,"key":"REST"},{"data":"Defend_P","floor":53,"key":"PURGE"}],"circlet_count":0,"master_deck":["AscendersBane","Eruption","Vigilance","Apotheosis+1","TalkToTheHand+1","ThirdEye","FlyingSleeves","EmptyFist","Devotion","CrushJoints","FearNoEvil","BowlingBash","Devotion","Meditate+1","Brilliance","Indignation","Vault+1","CurseOfTheBell","MentalFortress","Vault+1","Wallop+1","Vault+1","Adaptation"],"relics":["PureWater","CloakClasp","Bag of Preparation","TeardropLocket","Anchor","Odd Mushroom","PreservedInsect","DollysMirror","Ornamental Fan","Snecko Eye","MutagenicStrength","Peace Pipe","Toxic Egg 2","Du-Vu Doll","Singing Bowl","Calling Bell","Nunchaku","Mummified Hand","Ginger","Kunai","MawBank","Lee\u0027s Waffle","Happy Flower"],"acts_visited":["Exordium","TheCity","TheBeyond","TheEnding"],"potions_floor_usage":[14,16,27,50,55,56,56],"damage_taken":[{"damage":0,"enemies":"Small Slimes","floor":1,"turns":2},{"damage":4,"enemies":"Jaw Worm","floor":2,"turns":3},{"damage":0,"enemies":"Cultist","floor":5,"turns":2},{"damage":6,"enemies":"3 Sentries","floor":7,"turns":7},{"damage":0,"enemies":"3 Sentries","floor":8,"turns":6},{"damage":2,"enemies":"The Mushroom Lair","floor":10,"turns":3},{"damage":0,"enemies":"Looter","floor":13,"turns":1},{"damage":0,"enemies":"Gremlin Nob","floor":14,"turns":2},{"damage":3,"enemies":"Slime Boss","floor":16,"turns":5},{"damage":0,"enemies":"Shell Parasite","floor":18,"turns":4},{"damage":0,"enemies":"Spheric Guardian","floor":21,"turns":3},{"damage":9,"enemies":"Snecko","floor":22,"turns":4},{"damage":6,"enemies":"Book of Stabbing","floor":24,"turns":4},{"damage":0,"enemies":"Centurion and Healer","floor":25,"turns":3},{"damage":0,"enemies":"Gremlin Leader","floor":27,"turns":3},{"damage":12,"enemies":"Snake Plant","floor":29,"turns":3},{"damage":0,"enemies":"Champ","floor":33,"turns":7},{"damage":0,"enemies":"3 Darklings","floor":35,"turns":5},{"damage":0,"enemies":"3 Shapes","floor":39,"turns":4},{"damage":11,"enemies":"Nemesis","floor":40,"turns":7},{"damage":0,"enemies":"Transient","floor":42,"turns":8},{"damage":30,"enemies":"Reptomancer","floor":47,"turns":6},{"damage":4,"enemies":"Spire Growth","floor":48,"turns":4},{"damage":25,"enemies":"Donu and Deca","floor":50,"turns":7},{"damage":0,"enemies":"Time Eater","floor":51,"turns":7},{"damage":0,"enemies":"Shield and Spear","floor":55,"turns":5},{"damage":55,"enemies":"The Heart","floor":56,"turns":9}],"seed_played":"-6175120519745714977","potions_obtained":[{"floor":8,"key":"Fire Potion"},{"floor":10,"key":"Regen Potion"},{"floor":14,"key":"Regen Potion"},{"floor":21,"key":"FairyPotion"},{"floor":29,"key":"Explosive Potion"},{"floor":33,"key":"Dexterity Potion"},{"floor":55,"key":"Dexterity Potion"}],"is_trial":false,"path_per_floor":["M","M","?","?","M","R","?","E","T","?","$","R","M","E","R","B",null,"M","?","?","M","M","R","E","M","T","E","T","M","R","$","R","B",null,"M","$","?","?","M","E","R","M","T","?","R","$","E","M","R","B","B",null,"R","$","E","B",null],"character_chosen":"WATCHER","items_purchased":["Apotheosis","CloakClasp","TalkToTheHand","ThirdEye","PreservedInsect","DollysMirror","MentalFortress","Lee\u0027s Waffle","Adaptation","PowerPotion"],"campfire_rested":3,"item_purchase_floors":[0,0,0,0,11,11,36,54,54,54],"current_hp_per_floor":[36,32,32,32,32,52,46,46,46,44,44,44,44,49,49,60,66,66,66,66,66,57,57,51,51,51,51,51,41,41,41,62,62,68,70,70,68,68,68,59,59,59,59,59,59,59,29,27,48,23,23,60,60,79,81,26],"gold":34,"neow_bonus":"","is_daily":false,"chose_seed":false,"campfire_upgraded":3,"win_rate":0.0,"timestamp":1609608579,"path_taken":["M","M","?","?","?","R","?","E","T","?","?","R","M","E","R","BOSS","M","?","?","M","?","R","E","M","T","E","?","M","R","$","R","BOSS","M","$","?","?","M","E","R","M","T","?","R","?","E","M","R","BOSS","BOSS","R","$","E","BOSS"],"items_purchased_type":["Card","Relic","Card","Card","Relic","Relic","Card","Relic","Card","Potion"],"build_version":"2020-12-22","purchased_purges":3,"victory":true,"max_hp_per_floor":[68,68,68,68,68,68,68,68,68,68,68,68,68,68,68,68,68,68,68,68,68,68,68,68,68,68,68,68,70,70,70,70,70,70,72,72,68,68,68,70,70,70,70,70,70,70,70,72,72,72,72,72,72,79,81,81],"relic_stats":{"Lee\u0027s Waffle":19,"Singing Bowl":10,"Happy Flower":[3],"counters":[105,550],"PreservedInsect":308,"CloakClasp":[439],"Bag of Preparation":[116],"Ginger":[4],"MawBank":144,"Peace Pipe":3,"Nunchaku":[11],"Ornamental Fan":[156],"Mummified Hand":[73],"Snecko Eye":[155,162,160,146],"Kunai":[17],"obtain_stats":[{"Calipers":31,"Vajra":0,"Ginger":34,"Sling":0,"Boot":11,"Blood Vial":47,"Centennial Puzzle":9,"Lizard Tail":24,"HornCleat":20,"DollysMirror":20,"Fusion Hammer":17,"Necronomicon":24,"Kunai":30,"Toxic Egg 2":20,"Girya":36,"Pear":38,"Happy Flower":14,"Dead Branch":37,"Oddly Smooth Stone":7,"Letter Opener":26,"War Paint":9,"Question Card":43,"Du-Vu Doll":27,"Bronze Scales":41,"MutagenicStrength":20,"Snecko Eye":17,"Black Star":17,"Darkstone Periapt":31,"Singing Bowl":0,"SacredBark":34,"Yang":9,"Bag of Preparation":0,"CloakClasp":0,"TeardropLocket":39,"Ancient Tea Set":26,"Empty Cage":34,"ClockworkSouvenir":0,"Nunchaku":34,"Shovel":10,"Mummified Hand":0,"Pantograph":0,"Potion Belt":7,"Lee\u0027s Waffle":0,"Golden Idol":4,"Damaru":30,"The Courier":13,"PreservedInsect":26,"Omamori":0,"Orichalcum":0,"Odd Mushroom":10,"Medical Kit":19,"MawBank":25,"White Beast Statue":10,"Peace Pipe":24,"Calling Bell":34,"Anchor":36,"Busted Crown":34,"Ornamental Fan":14,"Bag of Marbles":12,"Art of War":24,"Bottled Lightning":23,"PureWater":0},{"Calipers":58,"Vajra":19,"Ginger":95,"Sling":19,"Boot":25,"Blood Vial":41,"Centennial Puzzle":23,"Lizard Tail":32,"HornCleat":8,"DollysMirror":29,"Fusion Hammer":28,"Necronomicon":10,"Kunai":13,"Toxic Egg 2":8,"Girya":60,"Pear":37,"Happy Flower":50,"Dead Branch":17,"Oddly Smooth Stone":4,"Letter Opener":55,"War Paint":4,"Question Card":63,"Du-Vu Doll":93,"Bronze Scales":39,"MutagenicStrength":74,"Snecko Eye":7,"Black Star":51,"Darkstone Periapt":58,"Singing Bowl":43,"SacredBark":36,"Yang":70,"Bag of Preparation":43,"CloakClasp":78,"TeardropLocket":18,"Ancient Tea Set":32,"Empty Cage":59,"ClockworkSouvenir":19,"Nunchaku":95,"Shovel":48,"Mummified Hand":66,"Pantograph":66,"Potion Belt":23,"Lee\u0027s Waffle":43,"Golden Idol":45,"Damaru":34,"The Courier":5,"PreservedInsect":10,"Omamori":66,"Orichalcum":19,"Odd Mushroom":84,"Medical Kit":52,"MawBank":76,"White Beast Statue":4,"Peace Pipe":91,"Calling Bell":95,"Anchor":60,"Busted Crown":15,"Ornamental Fan":86,"Bag of Marbles":5,"Art of War":55,"Bottled Lightning":10,"PureWater":0},{"Calipers":321,"Vajra":75,"Ginger":488,"Sling":75,"Boot":97,"Blood Vial":212,"Centennial Puzzle":89,"Lizard Tail":140,"HornCleat":31,"DollysMirror":121,"Fusion Hammer":114,"Necronomicon":38,"Kunai":47,"Toxic Egg 2":31,"Girya":333,"Pear":183,"Happy Flower":277,"Dead Branch":63,"Oddly Smooth Stone":13,"Letter Opener":304,"War Paint":13,"Question Card":351,"Du-Vu Doll":478,"Bronze Scales":196,"MutagenicStrength":405,"Snecko Eye":29,"Black Star":286,"Darkstone Periapt":321,"Singing Bowl":249,"SacredBark":174,"Yang":387,"Bag of Preparation":249,"CloakClasp":426,"TeardropLocket":72,"Ancient Tea Set":140,"Empty Cage":329,"ClockworkSouvenir":75,"Nunchaku":488,"Shovel":270,"Mummified Hand":374,"Pantograph":374,"Potion Belt":89,"Lee\u0027s Waffle":249,"Golden Idol":256,"Damaru":155,"The Courier":20,"PreservedInsect":38,"Omamori":374,"Orichalcum":75,"Odd Mushroom":449,"Medical Kit":292,"MawBank":418,"White Beast Statue":13,"Peace Pipe":472,"Calling Bell":488,"Anchor":333,"Busted Crown":56,"Ornamental Fan":452,"Bag of Marbles":20,"Art of War":304,"Bottled Lightning":38,"PureWater":0}]},"card_choices":[{"not_picked":["EmptyMind","PathToVictory"],"picked":"FlyingSleeves","floor":1},{"not_picked":["Prostrate","WaveOfTheHand"],"picked":"EmptyFist","floor":2},{"not_picked":["MentalFortress","Adaptation"],"picked":"Devotion","floor":5},{"not_picked":["Prostrate","ClearTheMind"],"picked":"CrushJoints","floor":7},{"not_picked":["Halt","CutThroughFate"],"picked":"FearNoEvil","floor":8},{"not_picked":["ThirdEye","JustLucky"],"picked":"BowlingBash","floor":10},{"not_picked":["ThirdEye","Evaluate","BowlingBash"],"picked":"SKIP","floor":13},{"not_picked":["Swivel","Weave"],"picked":"Meditate","floor":14},{"not_picked":["SpiritShield","LessonLearned"],"picked":"Brilliance","floor":16},{"not_picked":["CrushJoints","Consecrate","FlurryOfBlows"],"picked":"SKIP","floor":18},{"not_picked":["FlurryOfBlows","FlyingSleeves","Devotion"],"picked":"SKIP","floor":21},{"not_picked":["FollowUp","Prostrate","WindmillStrike"],"picked":"SKIP","floor":22},{"not_picked":["CrushJoints","Alpha","Halt"],"picked":"SKIP","floor":24},{"not_picked":["JustLucky","SashWhip"],"picked":"Indignation","floor":25},{"not_picked":["Prostrate+1","Conclude","Consecrate+1"],"picked":"SKIP","floor":27},{"not_picked":["SashWhip+1","BowlingBash","Protect+1"],"picked":"Singing Bowl","floor":29},{"not_picked":["Brilliance","Establishment"],"picked":"Vault+1","floor":33},{"not_picked":["Crescendo+1","Worship+1","Evaluate+1"],"picked":"Singing Bowl","floor":35},{"not_picked":["PathToVictory+1","CrushJoints+1"],"picked":"Vault+1","floor":39},{"not_picked":["Protect+1","Halt+1","SashWhip+1"],"picked":"Singing Bowl","floor":40},{"not_picked":["PathToVictory+1","MentalFortress"],"picked":"Wallop+1","floor":42},{"not_picked":["ThirdEye+1","PathToVictory+1"],"picked":"Vault+1","floor":47},{"not_picked":["Crescendo+1","Protect+1","TalkToTheHand"],"picked":"Singing Bowl","floor":48},{"not_picked":["Fasting2+1","SignatureMove","Halt+1"],"picked":"Singing Bowl","floor":55}],"player_experience":511230,"relics_obtained":[{"floor":7,"key":"Bag of Preparation"},{"floor":8,"key":"TeardropLocket"},{"floor":9,"key":"Anchor"},{"floor":10,"key":"Odd Mushroom"},{"floor":14,"key":"Ornamental Fan"},{"floor":24,"key":"Peace Pipe"},{"floor":26,"key":"Toxic Egg 2"},{"floor":27,"key":"Du-Vu Doll"},{"floor":28,"key":"Singing Bowl"},{"floor":34,"key":"Nunchaku"},{"floor":34,"key":"Mummified Hand"},{"floor":34,"key":"Ginger"},{"floor":40,"key":"Kunai"},{"floor":47,"key":"MawBank"},{"floor":55,"key":"Happy Flower"}],"event_choices":[{"damage_healed":0,"gold_gain":150,"player_choice":"AGREE","damage_taken":0,"max_hp_gain":0,"max_hp_loss":0,"event_name":"Liars Game","floor":3,"gold_loss":0,"cards_obtained":["Doubt"]},{"cards_removed":["Doubt"],"damage_healed":0,"gold_gain":0,"player_choice":"Purged","damage_taken":0,"max_hp_gain":0,"max_hp_loss":0,"event_name":"Purifier","floor":4,"gold_loss":0},{"damage_healed":0,"gold_gain":0,"player_choice":"Searched \u00271\u0027 times","damage_taken":0,"max_hp_gain":0,"max_hp_loss":0,"event_name":"Dead Adventurer","floor":7,"gold_loss":0},{"damage_healed":0,"gold_gain":0,"player_choice":"Fought Mushrooms","damage_taken":0,"max_hp_gain":0,"max_hp_loss":0,"event_name":"Mushrooms","floor":10,"gold_loss":0},{"damage_healed":0,"gold_gain":0,"player_choice":"Inject Mutagens","damage_taken":0,"relics_obtained":["MutagenicStrength"],"max_hp_gain":0,"max_hp_loss":0,"event_name":"Drug Dealer","floor":19,"gold_loss":0},{"cards_removed":["Strike_P"],"damage_healed":0,"gold_gain":0,"player_choice":"Offered Basic","damage_taken":0,"max_hp_gain":0,"max_hp_loss":0,"event_name":"Bonfire Elementals","floor":20,"gold_loss":0},{"damage_healed":0,"gold_gain":0,"player_choice":"Max HP","damage_taken":0,"max_hp_gain":0,"max_hp_loss":4,"event_name":"Winding Halls","floor":37,"gold_loss":0},{"cards_removed":["Defend_P"],"damage_healed":0,"gold_gain":0,"player_choice":"Removed Skill","damage_taken":0,"max_hp_gain":0,"max_hp_loss":0,"event_name":"Falling","floor":38,"gold_loss":0},{"damage_healed":0,"gold_gain":0,"player_choice":"Ignored","damage_taken":0,"max_hp_gain":0,"max_hp_loss":0,"event_name":"Tomb of Lord Red Mask","floor":44,"gold_loss":0}],"is_beta":false,"boss_relics":[{"not_picked":["Ectoplasm","HolyWater"],"picked":"Snecko Eye"},{"not_picked":["Runic Dome","SacredBark"],"picked":"Calling Bell"}],"items_purged_floors":[11,31,36],"is_endless":false,"potions_floor_spawned":[8,10,14,21,29,33,35,47,48,55],"ascension_level":20}}