{"host":"ylc7rmysbrk5cxws","time":1609587992,"event":{"mods":["Act Like it!","BaseMod","Friendly Minions","FutureSeer","Gensokyo","Koishi","Marisa£®ÏF”Í°°ƒß¿Ì…≥£©","Minty Spire (QoL Compilation)","Prisma Mod","Spicy Shops","StSLib","The Alterego","The Animator","The Construct","The Servant 0.9.4","UnlockEverythingMod","Waifu the Spire","Yakumo Yukari mod","Yuyuko","noobMod","°æπ¶ƒ‹Mod°øªÏ„Á÷Æª∑–ﬁ∏¥≤π∂°"],"gold_per_floor":[111,123,16,32,42,42,72,72,72,91,107,33,33,33,33,129,129,147,161,161,92,108,108,133,133,133,151,161,41,54,72,72,172,172,187,204,21,34,34,64,64,4,4,4,22,38,38,53,53,53,53,53,53,84,84],"floor_reached":56,"playtime":4475,"items_purged":[],"score":1278,"play_id":"2a7cff80-6fc7-45c6-9d95-c43bf6eba74e","local_time":"20210102194632","is_ascension_mode":false,"campfire_choices":[{"data":"Exchange","floor":6.0,"key":"SMITH"},{"data":"InstantArmor","floor":8.0,"key":"SMITH"},{"data":"Luminosity","floor":13.0,"key":"SMITH"},{"data":"SoulSculpture","floor":15.0,"key":"SMITH"},{"data":"Solidify","floor":25.0,"key":"SMITH"},{"data":"ForgedInTime","floor":32.0,"key":"SMITH"},{"data":"Sunlight","floor":41.0,"key":"SMITH"},{"floor":44.0,"key":"RECALL"},{"data":"Gensokyo:LittleGreenMen","floor":49,"key":"SMITH"},{"data":"TheWorld","floor":52,"key":"SMITH"}],"circlet_count":0,"master_deck":["Strike_S","Strike_S","Strike_S","Strike_S","Defend_S","Defend_S","Defend_S","Defend_S","KidneyShot","Exchange+1","Moonlight","InstantArmor+1","Defy","Advance","Gouge","Reset","Rearm","Luminosity+1","SoulSculpture+1","ShatteredReality","ForgedInTime+1","Snipe","SurpressingFire","Rearm+1","Solidify+1","Read+1","Desolation","TheWorld+1","Gensokyo:LittleGreenMen+1","Sunlight+1","Gensokyo:CustomPotion","Starlight+1","Moonlight"],"relics":["SplendidAttire","ice","Smiling Mask","HornCleat","Gensokyo:ConquerorOfFear","Art of War","Strawberry","Gensokyo:SpiderMask","Anchor","Gambling Chip","Bronze Scales"],"acts_visited":["Gensokyo:Gensokyo","Gensokyo:Gensokyoer","Gensokyo:Gensokyoest","TheEnding"],"potions_floor_usage":[],"damage_taken":[{"damage":4.0,"enemies":"Gensokyo:3_Fairies","floor":1.0,"turns":4.0},{"damage":4.0,"enemies":"Gensokyo:Python","floor":2.0,"turns":3.0},{"damage":0.0,"enemies":"Gensokyo:Gryphon","floor":4.0,"turns":2.0},{"damage":9.0,"enemies":"Gensokyo:Python_and_Kodama","floor":5.0,"turns":6.0},{"damage":103.0,"enemies":"Gensokyo:Mamizou","floor":7.0,"turns":19.0},{"damage":0.0,"enemies":"Gensokyo:Kitsune","floor":10.0,"turns":3.0},{"damage":0.0,"enemies":"Gensokyo:3_Kodama","floor":11.0,"turns":4.0},{"damage":27.0,"enemies":"Gensokyo:Reimu","floor":16.0,"turns":7.0},{"damage":0.0,"enemies":"Gensokyo:3_Dogs","floor":18.0,"turns":3.0},{"damage":0.0,"enemies":"Gensokyo:2_Gloops","floor":19.0,"turns":3.0},{"damage":13.0,"enemies":"Gensokyo:Monolith_and_Dog","floor":22.0,"turns":4.0},{"damage":0.0,"enemies":"Gensokyo:Reisen","floor":24.0,"turns":2.0},{"damage":0.0,"enemies":"Gensokyo:Slime_Group","floor":27.0,"turns":2.0},{"damage":14.0,"enemies":"Gensokyo:Mirror_and_Dog","floor":28.0,"turns":2.0},{"damage":9.0,"enemies":"Gensokyo:Wraith","floor":30.0,"turns":1.0},{"damage":0.0,"enemies":"Gensokyo:3_Gloops","floor":31.0,"turns":3.0},{"damage":92.0,"enemies":"Gensokyo:Kaguya","floor":33.0,"turns":18.0},{"damage":0.0,"enemies":"Gensokyo:3_Bats","floor":35.0,"turns":3.0},{"damage":4.0,"enemies":"Gensokyo:3_Boulders","floor":36.0,"turns":3.0},{"damage":0.0,"enemies":"Gensokyo:Rafflesia","floor":38.0,"turns":6.0},{"damage":0.0,"enemies":"Gensokyo:Kasen","floor":40.0,"turns":8.0},{"damage":0.0,"enemies":"Gensokyo:Dusk_and_Dawn","floor":45.0,"turns":3.0},{"damage":0.0,"enemies":"Gensokyo:Sharpion","floor":46.0,"turns":4.0},{"damage":150,"enemies":"Gensokyo:Rafflesia","floor":48,"turns":10},{"damage":0,"enemies":"Gensokyo:Shinki","floor":50,"turns":9},{"damage":30,"enemies":"Shield and Spear","floor":54,"turns":5},{"damage":78,"enemies":"The Heart","floor":55,"turns":8}],"seed_played":"1650894720978974666","potions_obtained":[{"floor":1.0,"key":"Strength Potion"},{"floor":4.0,"key":"Swift Potion"},{"floor":10.0,"key":"PowerPotion"},{"floor":31.0,"key":"FairyPotion"},{"floor":36.0,"key":"DuplicationPotion"},{"floor":40.0,"key":"Strength Potion"},{"floor":46.0,"key":"Fruit Juice"}],"is_trial":false,"path_per_floor":["M","M","COS","M","M","R","E","R","T","M","M","$","R","?","R","B",null,"M","M","?","$","M","$","E","R","T","M","M","?","M","M","R","B",null,"M","M","COS","M","$","E","R","?","T","R","M","M","?","M","R","B",null,"R","$","E","B",null],"character_chosen":"THE_SERVANT","items_purchased":["Luminosity","SurpressingFire"],"campfire_rested":0,"item_purchase_floors":[12,21],"current_hp_per_floor":[67,63,63,63,54,54,15,15,15,15,15,15,15,15,15,72,90,90,90,90,90,89,89,89,89,96,96,82,82,73,73,73,96,128,128,124,124,124,124,124,124,124,124,124,124,129,129,137,137,137,170,170,170,140,62],"gold":84,"neow_bonus":"TEN_PERCENT_HP_BONUS","is_daily":false,"chose_seed":false,"campfire_upgraded":9,"win_rate":0.0,"timestamp":1609587992,"path_taken":["M","M","COS","M","M","R","E","R","T","M","M","$","R","?","R","BOSS","M","M","?","$","M","$","E","R","T","M","?","?","M","M","R","BOSS","M","M","COS","?","?","E","R","?","T","R","M","?","?","?","R","BOSS","R","$","E","BOSS"],"items_purchased_type":["Card","Card"],"build_version":"2020-12-22","purchased_purges":0,"victory":true,"max_hp_per_floor":[71,71,71,71,71,71,74,74,74,76,84,84,84,84,84,90,90,99,99,99,99,106,106,108,108,115,116,119,119,123,123,123,128,128,129,132,132,136,136,150,150,150,150,150,152,161,161,162,162,170,170,170,170,180,256],"card_choices":[{"not_picked":["SpecialFormula","Barrier"],"picked":"Moonlight","floor":1.0},{"not_picked":["TimeWarp","Comet"],"picked":"InstantArmor","floor":2.0},{"not_picked":["BestPractice","Spin"],"picked":"Defy","floor":4.0},{"not_picked":["Starlight","Collapse"],"picked":"Advance","floor":5.0},{"not_picked":["Moonlight","Ricochet"],"picked":"Gouge","floor":7.0},{"not_picked":["Revamp","Alleviate"],"picked":"Reset","floor":10.0},{"not_picked":["Potential","ShatteredReality"],"picked":"Rearm","floor":11.0},{"not_picked":["Starlight","Ricochet"],"picked":"SoulSculpture","floor":14.0},{"not_picked":["Starlight","Unruled"],"picked":"ShatteredReality","floor":14.0},{"not_picked":["FloweringNight","SoulSculpture"],"picked":"ForgedInTime","floor":16.0},{"not_picked":["Alleviate","Revamp","DoubleEdge"],"picked":"SKIP","floor":18.0},{"not_picked":["Spin","Alleviate"],"picked":"Snipe","floor":19.0},{"not_picked":["DoubleEdge","Defy"],"picked":"Rearm+1","floor":22.0},{"not_picked":["WasteNot","Ricochet"],"picked":"Solidify","floor":24.0},{"not_picked":["FastForward","Luminosity"],"picked":"Read+1","floor":27.0},{"not_picked":["ShatteredReality","WasteNot","Ricochet"],"picked":"SKIP","floor":28.0},{"not_picked":["Potential","TimeWarp"],"picked":"Desolation","floor":30.0},{"not_picked":["Gouge","Rearm","SurpressingFire"],"picked":"SKIP","floor":31.0},{"not_picked":["Initiator","Duplication"],"picked":"TheWorld","floor":33.0},{"not_picked":["Starlight+1","Defy+1","SpecialFormula"],"picked":"SKIP","floor":35.0},{"not_picked":["Spin","ShatteredReality","Rearm"],"picked":"SKIP","floor":36.0},{"not_picked":["Advance","Spin+1","Desolation"],"picked":"SKIP","floor":38.0},{"not_picked":["Desolation","Rewind"],"picked":"Sunlight","floor":40.0},{"not_picked":["DoubleEdge+1","ShatteredReality"],"picked":"Starlight+1","floor":45.0},{"not_picked":["ShatteredReality","Unruled"],"picked":"Moonlight","floor":46.0},{"not_picked":["Contraction","Spin+1","Potential"],"picked":"SKIP","floor":48},{"not_picked":["Moonlight+1","WasteNot","Read"],"picked":"SKIP","floor":54}],"player_experience":71100,"relics_obtained":[{"floor":7.0,"key":"HornCleat"},{"floor":22.0,"key":"Gensokyo:ConquerorOfFear"},{"floor":24.0,"key":"Art of War"},{"floor":26.0,"key":"Strawberry"},{"floor":40.0,"key":"Anchor"},{"floor":43.0,"key":"Gambling Chip"},{"floor":54,"key":"Bronze Scales"}],"event_choices":[],"is_beta":false,"boss_relics":[{"not_picked":["MysterySword","Velvet Choker","Cursed Key"]},{"not_picked":["Sozu","construct:ClawGrip"],"picked":"SplendidAttire"}],"items_purged_floors":[],"is_endless":false,"potions_floor_spawned":[1,4,10,11,19,24,31,36,40,46],"ascension_level":0}}