{"host":"wmovrua22dwk70u6","time":1609585178,"event":{"mods":["AchievementEnabler","BaseMod","Colored Map","Colored Powertips","DeckTracker","Hermit","Highlight Path","KOR Keyword Fix","KinomotoSakuraMod(Ÿ Ò˝‹‚?)","Minty Spire (QoL Compilation)","Quick Restart","Rare Cards Sparkle","StSLib","SuperFastMode","The Bug Knight","The Cursed","The Hierophant","The Poker Player","The Senshi","everything is the same but u backflip on backflip","slay the spire mod where everything is the same but ironclad has a cowboy hat"],"gold_per_floor":[116,116,129,139,139,167,167,178,178,188,188,198,214,273,273,372,372,391,391,411,423,338,338,356,110,164,177,197,197,197,212,212,317,317,334,346,357,4,4,4,4,4,28,78,3,3,18,30,30,30,30,30,30,62,62,62],"floor_reached":55,"playtime":2766,"items_purged":["Wild Strike"],"score":673,"play_id":"35fc96fd-b355-4c67-8aee-790870f8bd3d","local_time":"20210102195938","is_ascension_mode":false,"campfire_choices":[{"floor":7,"key":"RECALL"},{"data":"Perfected Strike","floor":11,"key":"SMITH"},{"data":"Perfected Strike","floor":15,"key":"SMITH"},{"data":"Offering","floor":23,"key":"SMITH"},{"data":"Perfected Strike","floor":30,"key":"SMITH"},{"data":"Perfected Strike","floor":32,"key":"SMITH"},{"data":"Double Tap","floor":40,"key":"SMITH"},{"data":"Perfected Strike","floor":42,"key":"SMITH"},{"data":"Violence","floor":46,"key":"SMITH"},{"data":"Rage","floor":49,"key":"SMITH"},{"data":"Shrug It Off","floor":52,"key":"SMITH"}],"circlet_count":0,"master_deck":["Strike_R","Strike_R","Strike_R","Strike_R","Strike_R","Defend_R","Defend_R","Defend_R","Defend_R","Bash","Ghostly Armor","Perfected Strike+1","Twin Strike","Perfected Strike+1","Pommel Strike","Reaper","Sentinel+1","Necronomicurse","Twin Strike","Offering+1","Perfected Strike+1","Armaments+1","Perfected Strike+1","Double Tap+1","Twin Strike","Perfected Strike+1","Master of Strategy","Finesse","Violence+1","Perfected Strike+1","Shrug It Off+1","Rage+1","Shrug It Off+1"],"relics":["Black Blood","Bronze Scales","Toy Ornithopter","Question Card","Pen Nib","Velvet Choker","Necronomicon","Potion Belt","theSenshi:SailorFukuRelic","HollowMod:PaleOreRelic","Blood Vial","HandDrill","Boot","Gambling Chip","theSenshi:FeatherClipsRelic"],"acts_visited":["Exordium","TheCity","TheBeyond","TheEnding"],"potions_floor_usage":[14,16,21,33,50,55,55,55,55],"damage_taken":[{"damage":5,"enemies":"Small Slimes","floor":1,"turns":4},{"damage":0,"enemies":"Cultist","floor":3,"turns":3},{"damage":7,"enemies":"2 Louse","floor":4,"turns":3},{"damage":41,"enemies":"3 Sentries","floor":6,"turns":11},{"damage":0,"enemies":"Looter","floor":8,"turns":3},{"damage":4,"enemies":"Blue Slaver","floor":10,"turns":3},{"damage":6,"enemies":"Lots of Slimes","floor":12,"turns":4},{"damage":11,"enemies":"2 Fungi Beasts","floor":13,"turns":3},{"damage":2,"enemies":"Gremlin Nob","floor":14,"turns":3},{"damage":40,"enemies":"Hexaghost","floor":16,"turns":8},{"damage":2,"enemies":"Shell Parasite","floor":18,"turns":2},{"damage":0,"enemies":"Spheric Guardian","floor":20,"turns":1},{"damage":1,"enemies":"3 Cultists","floor":21,"turns":4},{"damage":5,"enemies":"Cultist and Chosen","floor":24,"turns":3},{"damage":0,"enemies":"Shelled Parasite and Fungi","floor":27,"turns":2},{"damage":6,"enemies":"Snecko","floor":28,"turns":2},{"damage":0,"enemies":"Snake Plant","floor":31,"turns":2},{"damage":27,"enemies":"Champ","floor":33,"turns":5},{"damage":17,"enemies":"3 Shapes","floor":35,"turns":6},{"damage":5,"enemies":"Orb Walker","floor":36,"turns":2},{"damage":0,"enemies":"Sphere and 2 Shapes","floor":37,"turns":2},{"damage":0,"enemies":"Mind Bloom Boss Battle","floor":44,"turns":3},{"damage":12,"enemies":"3 Darklings","floor":47,"turns":2},{"damage":0,"enemies":"Spire Growth","floor":48,"turns":1},{"damage":55,"enemies":"Time Eater","floor":50,"turns":5},{"damage":4,"enemies":"Shield and Spear","floor":54,"turns":3},{"damage":113,"enemies":"The Heart","floor":55,"turns":6}],"seed_played":"8139834374445297367","potions_obtained":[{"floor":1,"key":"FearPotion"},{"floor":6,"key":"DuplicationPotion"},{"floor":12,"key":"Block Potion"},{"floor":13,"key":"HeartOfIron"},{"floor":14,"key":"DuplicationPotion"},{"floor":18,"key":"EssenceOfSteel"},{"floor":24,"key":"BlessingOfTheForge"},{"floor":28,"key":"Swift Potion"},{"floor":33,"key":"LiquidBronze"},{"floor":35,"key":"Swift Potion"},{"floor":36,"key":"PowerPotion"}],"is_trial":false,"path_per_floor":["M","?","M","M","?","E","R","M","T","M","R","M","M","?","R","B",null,"M","?","M","M","?","R","M","$","T","M","M","?","R","M","R","B",null,"M","M","M","$","?","R","?","R","T","?","$","R","M","M","R","B",null,"R","$","E","B"],"character_chosen":"IRONCLAD","items_purchased":["BloodPotion","Perfected Strike","theSenshi:SailorFukuRelic","Blood Vial","HandDrill","Perfected Strike"],"campfire_rested":0,"item_purchase_floors":[25,25,25,38,38,38],"current_hp_per_floor":[80,80,80,79,84,49,49,55,55,57,57,57,52,61,61,32,85,85,69,75,85,85,85,85,85,85,85,85,85,85,85,85,76,85,85,85,85,85,75,75,75,75,75,81,81,81,81,81,81,43,81,81,81,81,0,0],"gold":62,"neow_bonus":"RANDOM_COMMON_RELIC","is_daily":false,"chose_seed":false,"campfire_upgraded":10,"win_rate":0.0,"timestamp":1609585178,"path_taken":["M","?","?","M","?","E","R","M","T","M","R","M","M","?","R","BOSS","M","?","M","M","?","R","M","$","T","M","M","?","R","M","R","BOSS","M","M","M","?","?","R","?","R","T","?","?","R","M","M","R","BOSS","R","$","E","BOSS"],"items_purchased_type":["Potion","Card","Relic","Relic","Relic","Card"],"build_version":"2020-12-22","purchased_purges":1,"victory":false,"max_hp_per_floor":[80,80,80,80,85,85,85,85,85,85,85,85,85,85,85,85,85,85,85,85,85,85,85,85,85,85,85,85,85,85,85,85,85,85,85,85,85,85,85,85,81,81,81,81,81,81,81,81,81,81,81,81,81,81,81,81],"card_choices":[{"not_picked":["Iron Wave","Warcry"],"picked":"Ghostly Armor","floor":1},{"not_picked":["Clothesline","Cleave"],"picked":"Dropkick","floor":3},{"not_picked":["Hemokinesis","Dual Wield"],"picked":"Perfected Strike","floor":4},{"not_picked":["Pummel","Wild Strike"],"picked":"Twin Strike","floor":6},{"not_picked":["Headbutt","Combust","Havoc"],"picked":"Perfected Strike","floor":8},{"not_picked":["True Grit","Sever Soul","Searing Blow"],"picked":"Pommel Strike","floor":10},{"not_picked":["Dropkick","Hemokinesis","Cleave","Infernal Blade"],"picked":"SKIP","floor":12},{"not_picked":["True Grit","Flame Barrier","Second Wind","Reckless Charge"],"picked":"SKIP","floor":13},{"not_picked":["Corruption","Limit Break","Immolate"],"picked":"Reaper","floor":16},{"not_picked":["Heavy Blade","Body Slam+1","Cleave"],"picked":"Sentinel+1","floor":18},{"not_picked":["Ghostly Armor","Iron Wave","Searing Blow"],"picked":"Twin Strike","floor":20},{"not_picked":["Cleave","Twin Strike","Headbutt"],"picked":"Offering","floor":21},{"not_picked":["Sword Boomerang","Iron Wave","Carnage","Flex"],"picked":"SKIP","floor":24},{"not_picked":["Sword Boomerang","Iron Wave","Carnage","Flex"],"picked":"SKIP","floor":24},{"not_picked":["Inflame","Hemokinesis+1","Heavy Blade+1"],"picked":"Armaments+1","floor":27},{"not_picked":["Clash","Bludgeon","Body Slam"],"picked":"Wild Strike","floor":28},{"not_picked":["Feel No Pain+1","Shrug It Off+1","Dropkick"],"picked":"Perfected Strike","floor":31},{"not_picked":["Reaper","Feed","Corruption"],"picked":"Double Tap","floor":33},{"not_picked":["Hemokinesis","Dark Embrace","Armaments+1","Flex"],"picked":"SKIP","floor":35},{"not_picked":["Iron Wave+1","Headbutt+1","Flame Barrier+1"],"picked":"Twin Strike","floor":36},{"not_picked":["Fire Breathing","Wild Strike","Iron Wave+1","Bloodletting+1"],"picked":"SKIP","floor":37},{"not_picked":["Mind Blast","Trip","Chrysalis"],"picked":"Master of Strategy","floor":39},{"not_picked":["Jack Of All Trades","Discovery","HandOfGreed"],"picked":"Finesse","floor":39},{"not_picked":["Impatience","HandOfGreed","Purity"],"picked":"Violence","floor":39},{"not_picked":["Anger+1","Thunderclap","Burning Pact"],"picked":"Perfected Strike+1","floor":44},{"not_picked":["Wild Strike","Rupture+1","Flame Barrier+1"],"picked":"Shrug It Off","floor":47},{"not_picked":["Twin Strike+1","Clash+1","Anger+1"],"picked":"Rage","floor":48},{"not_picked":["Fire Breathing","Thunderclap","Warcry+1"],"picked":"Shrug It Off+1","floor":54}],"player_experience":343315,"relics_obtained":[{"floor":6,"key":"Question Card"},{"floor":14,"key":"Pen Nib"},{"floor":19,"key":"Necronomicon"},{"floor":26,"key":"HollowMod:PaleOreRelic"},{"floor":43,"key":"Boot"},{"floor":44,"key":"Gambling Chip"},{"floor":54,"key":"theSenshi:FeatherClipsRelic"}],"event_choices":[{"damage_healed":0,"gold_gain":0,"player_choice":"Gave Potion","damage_taken":0,"relics_obtained":["Toy Ornithopter"],"max_hp_gain":0,"max_hp_loss":0,"event_name":"WeMeetAgain","floor":2,"gold_loss":0},{"damage_healed":0,"gold_gain":0,"player_choice":"Donut","damage_taken":0,"max_hp_gain":5,"max_hp_loss":0,"event_name":"Big Fish","floor":5,"gold_loss":0},{"damage_healed":0,"gold_gain":0,"player_choice":"Searched \u00271\u0027 times","damage_taken":0,"max_hp_gain":0,"max_hp_loss":0,"event_name":"Dead Adventurer","floor":14,"gold_loss":0},{"damage_healed":0,"gold_gain":0,"player_choice":"Obtained Book","damage_taken":16,"max_hp_gain":0,"max_hp_loss":0,"event_name":"Cursed Tome","floor":19,"gold_loss":0},{"damage_healed":0,"gold_gain":0,"player_choice":"Obtained Relic","damage_taken":0,"relics_obtained":["Potion Belt"],"max_hp_gain":0,"max_hp_loss":0,"event_name":"Addict","floor":22,"gold_loss":85},{"cards_removed":["Dropkick"],"damage_healed":0,"gold_gain":0,"player_choice":"Offered Uncommon","damage_taken":0,"max_hp_gain":0,"max_hp_loss":0,"event_name":"Bonfire Elementals","floor":29,"gold_loss":0},{"damage_healed":0,"gold_gain":0,"player_choice":"Memory 3","damage_taken":10,"max_hp_gain":0,"max_hp_loss":0,"event_name":"SensoryStone","floor":39,"gold_loss":0},{"damage_healed":0,"gold_gain":0,"player_choice":"Max HP","damage_taken":0,"max_hp_gain":0,"max_hp_loss":4,"event_name":"Winding Halls","floor":41,"gold_loss":0},{"damage_healed":0,"gold_gain":0,"player_choice":"Fight","damage_taken":0,"max_hp_gain":0,"max_hp_loss":0,"event_name":"MindBloom","floor":44,"gold_loss":0}],"is_beta":false,"boss_relics":[{"not_picked":["Runic Dome","Snecko Eye"],"picked":"Velvet Choker"},{"not_picked":["Sozu","Tiny House"],"picked":"Black Blood"}],"items_purged_floors":[45],"is_endless":false,"potions_floor_spawned":[1,6,12,13,14,18,24,28,33,35,36],"killed_by":"The Heart","ascension_level":0}}