{"host":"vsdszi3rnxsdp24p","time":1609602913,"event":{"mods":["AchievementEnabler","BaseMod","Colored Map","Colored Powertips","Hermit","Highlight Path","Minty Spire (QoL Compilation)","Quick Restart","Relic Sorter","Relic Stats","StSLib","SuperFastMode","Synergy Search","The Cursed","The Mystic"],"gold_per_floor":[113,132,132,149,161,189,189,214,214,230,242,242,252,278,278,278,278],"floor_reached":16,"playtime":618,"items_purged":[],"score":139,"play_id":"fcae6c11-9d88-4c67-967f-0d8d933c3ca1","local_time":"20210102165513","is_ascension_mode":false,"campfire_choices":[{"data":"Inflame","floor":7,"key":"SMITH"},{"floor":12,"key":"REST"},{"floor":15,"key":"REST"}],"circlet_count":0,"master_deck":["Strike_R","Strike_R","Strike_R","Strike_R","Defend_R","Defend_R","Defend_R","Defend_R","Bash","Flex","Flex","Flex","Clothesline","Inflame+1","Bloodletting","Flex+1","Headbutt","Heavy Blade"],"relics":["Burning Blood","Tiny Chest","Lantern","Kunai","Toxic Egg 2"],"acts_visited":["Exordium"],"potions_floor_usage":[6,8,16],"damage_taken":[{"damage":2,"enemies":"Cultist","floor":1,"turns":5},{"damage":10,"enemies":"2 Louse","floor":2,"turns":3},{"damage":1,"enemies":"Jaw Worm","floor":4,"turns":3},{"damage":9,"enemies":"2 Fungi Beasts","floor":5,"turns":5},{"damage":42,"enemies":"3 Sentries","floor":6,"turns":11},{"damage":25,"enemies":"Gremlin Nob","floor":8,"turns":5},{"damage":12,"enemies":"Blue Slaver","floor":10,"turns":4},{"damage":5,"enemies":"Looter","floor":11,"turns":2},{"damage":12,"enemies":"2 Fungi Beasts","floor":13,"turns":3},{"damage":63,"enemies":"The Guardian","floor":16,"turns":8}],"seed_played":"-29972535157774910","potions_obtained":[{"floor":5,"key":"FearPotion"},{"floor":6,"key":"DuplicationPotion"},{"floor":10,"key":"FearPotion"}],"is_trial":false,"path_per_floor":["M","M","?","M","M","E","R","E","T","M","M","R","M","T","R","B"],"character_chosen":"IRONCLAD","items_purchased":[],"campfire_rested":2,"item_purchase_floors":[],"current_hp_per_floor":[80,76,76,80,77,41,41,22,22,16,17,41,35,35,59,0,0],"gold":278,"neow_bonus":"RANDOM_COMMON_RELIC","is_daily":false,"chose_seed":false,"campfire_upgraded":1,"win_rate":0.0,"timestamp":1609602913,"path_taken":["M","?","?","M","?","E","R","E","T","M","M","R","M","?","R","BOSS"],"items_purchased_type":[],"build_version":"2020-12-22","purchased_purges":0,"victory":false,"max_hp_per_floor":[80,80,80,80,80,80,80,80,80,80,80,80,80,80,80,80,80],"relic_stats":{"counters":[10,49],"Tiny Chest":1,"Kunai":[0],"obtain_stats":[{"Lantern":6,"Tiny Chest":0,"Kunai":8,"Toxic Egg 2":9,"Burning Blood":0},{"Lantern":5,"Tiny Chest":0,"Kunai":6,"Toxic Egg 2":6,"Burning Blood":0},{"Lantern":27,"Tiny Chest":0,"Kunai":32,"Toxic Egg 2":32,"Burning Blood":0}],"Burning Blood":49},"card_choices":[{"not_picked":["Perfected Strike","Shrug It Off"],"picked":"Flex","floor":1},{"not_picked":["Twin Strike","Thunderclap"],"picked":"Flex","floor":2},{"not_picked":["Iron Wave","Sword Boomerang"],"picked":"Flex","floor":4},{"not_picked":["Dropkick","Sword Boomerang"],"picked":"Clothesline","floor":5},{"not_picked":["Anger","Wild Strike"],"picked":"Inflame","floor":6},{"not_picked":["Dropkick","Sword Boomerang"],"picked":"Bloodletting","floor":8},{"not_picked":["Battle Trance+1","True Grit+1"],"picked":"Flex+1","floor":10},{"not_picked":["Feel No Pain","Wild Strike"],"picked":"Headbutt","floor":11},{"not_picked":["Fiend Fire","Perfected Strike"],"picked":"Heavy Blade","floor":13}],"player_experience":112125,"relics_obtained":[{"floor":6,"key":"Lantern"},{"floor":8,"key":"Kunai"},{"floor":9,"key":"Toxic Egg 2"}],"event_choices":[{"cards_removed":["Strike_R"],"damage_healed":0,"gold_gain":0,"player_choice":"Card Removal","damage_taken":0,"max_hp_gain":0,"max_hp_loss":0,"event_name":"Wheel of Change","floor":3,"gold_loss":0}],"is_beta":false,"boss_relics":[],"items_purged_floors":[],"is_endless":false,"potions_floor_spawned":[5,6,10],"killed_by":"The Guardian","ascension_level":0}}