{"host":"ymknu7vcxiutstwp","time":1609623785,"event":{"mods":["AchievementEnabler","BaseMod","Colored Powertips","Highlight Path","Minty Spire (QoL Compilation)","Relic Stats","StSLib"],"gold_per_floor":[167,167,185,27,27,27,59,59,59,59,59,79,113,129,129,233,233,250,264,25,25,45,45,45,45,45,58,78,78,108,121,121,225,225,243,253,265,13,13,13],"floor_reached":39,"playtime":3031,"items_purged":[],"score":646,"play_id":"dab0a059-d8ca-47c0-8e8c-540741dd9673","local_time":"20210102214305","is_ascension_mode":true,"campfire_choices":[{"data":"Neutralize","floor":6.0,"key":"SMITH"},{"data":"Catalyst","floor":8.0,"key":"SMITH"},{"data":"Predator","floor":10.0,"key":"SMITH"},{"floor":15.0,"key":"REST"},{"data":"Sucker Punch","floor":23.0,"key":"SMITH"},{"floor":25.0,"key":"REST"},{"floor":29.0,"key":"REST"},{"floor":32.0,"key":"REST"}],"circlet_count":0,"master_deck":["Strike_G","Strike_G","Strike_G","Strike_G","Strike_G","Defend_G","Defend_G+1","Defend_G","Defend_G","Defend_G","Survivor","Neutralize+1","Deadly Poison","Predator+1","Poisoned Stab","Glass Knife+1","Catalyst+1","Parasite","Blade Dance","Die Die Die","Unload","Backflip","Noxious Fumes","Sucker Punch+1","Writhe","Dagger Throw+1","Crippling Poison+1","PiercingWail","Deflect+1","Terror+1","Phantasmal Killer","Calculated Gamble+1","Accuracy+1","Backflip"],"relics":["Tiny House","Mango","Pear","PreservedInsect","SacredBark","Pen Nib","Sundial","Anchor","Bronze Scales","Runic Dome","Eternal Feather"],"acts_visited":["Exordium","TheCity","TheBeyond"],"potions_floor_usage":[35,39],"damage_taken":[{"damage":4.0,"enemies":"Small Slimes","floor":1.0,"turns":6.0},{"damage":2.0,"enemies":"Jaw Worm","floor":3.0,"turns":5.0},{"damage":17.0,"enemies":"Gremlin Nob","floor":7.0,"turns":4.0},{"damage":0.0,"enemies":"2 Louse","floor":12.0,"turns":3.0},{"damage":25.0,"enemies":"Lagavulin","floor":13.0,"turns":6.0},{"damage":3.0,"enemies":"Looter","floor":14.0,"turns":3.0},{"damage":25.0,"enemies":"The Guardian","floor":16.0,"turns":8.0},{"damage":9.0,"enemies":"Shell Parasite","floor":18.0,"turns":3.0},{"damage":8.0,"enemies":"Chosen","floor":19.0,"turns":4.0},{"damage":28.0,"enemies":"Snake Plant","floor":22.0,"turns":6.0},{"damage":16.0,"enemies":"Centurion and Healer","floor":27.0,"turns":7.0},{"damage":3.0,"enemies":"Chosen and Byrds","floor":28.0,"turns":6.0},{"damage":3.0,"enemies":"Gremlin Leader","floor":30.0,"turns":4.0},{"damage":8.0,"enemies":"Snake Plant","floor":31.0,"turns":4.0},{"damage":68.0,"enemies":"Collector","floor":33.0,"turns":10.0},{"damage":29,"enemies":"3 Darklings","floor":35,"turns":5},{"damage":5,"enemies":"3 Shapes","floor":36,"turns":6},{"damage":44,"enemies":"Maw","floor":37,"turns":7},{"damage":13,"enemies":"4 Shapes","floor":39,"turns":1}],"seed_played":"1775772417013742541","potions_obtained":[{"floor":0.0,"key":"SneckoOil"},{"floor":1.0,"key":"CunningPotion"},{"floor":13.0,"key":"Fire Potion"},{"floor":14.0,"key":"Poison Potion"},{"floor":16.0,"key":"PowerPotion"},{"floor":27.0,"key":"Ancient Potion"},{"floor":28.0,"key":"EssenceOfSteel"},{"floor":33.0,"key":"DuplicationPotion"},{"floor":37,"key":"EssenceOfSteel"}],"is_trial":false,"path_per_floor":["M","?","M","$","?","R","E","R","T","R","?","M","E","M","R","B",null,"M","M","$","?","M","R","?","R","T","M","M","R","E","M","R","B",null,"M","M","M","$","M"],"character_chosen":"THE_SILENT","items_purchased":["Glass Knife","SpeedPotion","Pen Nib","Sucker Punch","Eternal Feather"],"campfire_rested":4,"item_purchase_floors":[4,20,20,20,38],"current_hp_per_floor":[64,64,62,62,62,62,59,59,69,69,93,93,68,65,94,69,92,83,75,75,75,47,47,27,58,58,42,39,70,67,59,90,22,84,55,50,6,6,0,0],"gold":13,"neow_bonus":"BOSS_RELIC","is_daily":false,"chose_seed":false,"campfire_upgraded":4,"win_rate":0.0,"timestamp":1609623785,"path_taken":["M","?","M","$","?","R","E","R","T","R","?","M","E","?","R","BOSS","M","M","$","?","M","R","?","R","T","M","M","R","E","M","R","BOSS","M","M","M","$","M"],"items_purchased_type":["Card","Potion","Relic","Card","Relic"],"build_version":"2020-12-22","purchased_purges":0,"victory":false,"max_hp_per_floor":[75,75,75,75,75,75,89,89,99,99,99,99,99,99,99,99,99,99,99,99,99,99,99,104,104,104,104,104,104,104,104,104,104,104,104,104,104,104,104,104],"relic_stats":{"counters":[19,98],"Sundial":[4],"Bronze Scales":[91],"Eternal Feather":0,"PreservedInsect":48,"Pen Nib":[9],"obtain_stats":[{"Runic Dome":34,"Anchor":26,"Tiny House":0,"Pear":9,"Sundial":21,"SacredBark":17,"Bronze Scales":30,"Mango":7,"Eternal Feather":38,"PreservedInsect":13,"Pen Nib":20,"Ring of the Snake":0},{"Runic Dome":15,"Anchor":10,"Tiny House":0,"Pear":3,"Sundial":9,"SacredBark":7,"Bronze Scales":13,"Mango":3,"Eternal Feather":18,"PreservedInsect":5,"Pen Nib":9,"Ring of the Snake":0},{"Runic Dome":79,"Anchor":48,"Tiny House":0,"Pear":15,"Sundial":42,"SacredBark":35,"Bronze Scales":65,"Mango":15,"Eternal Feather":97,"PreservedInsect":24,"Pen Nib":42,"Ring of the Snake":0}]},"card_choices":[{"not_picked":["Setup","Dagger Throw"],"picked":"Deadly Poison","floor":0.0},{"not_picked":["Flying Knee","Quick Slash"],"picked":"Predator","floor":1.0},{"not_picked":["Dodge and Roll","Expertise"],"picked":"Poisoned Stab","floor":3.0},{"not_picked":["Heel Hook","Dash"],"picked":"Catalyst","floor":7.0},{"not_picked":["Prepared","Eviscerate"],"picked":"Blade Dance","floor":12.0},{"not_picked":["Acrobatics","Poisoned Stab"],"picked":"Die Die Die","floor":13.0},{"not_picked":["All Out Attack","Underhanded Strike","Slice"],"picked":"SKIP","floor":14.0},{"not_picked":["Malaise","Doppelganger"],"picked":"Unload","floor":16.0},{"not_picked":["Choke","Setup"],"picked":"Backflip","floor":18.0},{"not_picked":["Deadly Poison","Well Laid Plans"],"picked":"Noxious Fumes","floor":19.0},{"not_picked":["Poisoned Stab+1","Slice"],"picked":"Dagger Throw+1","floor":22.0},{"not_picked":["Infinite Blades+1","Underhanded Strike"],"picked":"Crippling Poison+1","floor":27.0},{"not_picked":["Backstab","Blur+1"],"picked":"PiercingWail","floor":28.0},{"not_picked":["Prepared+1","Die Die Die"],"picked":"Deflect+1","floor":30.0},{"not_picked":["Quick Slash","All Out Attack"],"picked":"Terror+1","floor":31.0},{"not_picked":["Grand Finale","Wraith Form v2"],"picked":"Phantasmal Killer","floor":33.0},{"not_picked":["Outmaneuver","Catalyst"],"picked":"Calculated Gamble+1","floor":35},{"not_picked":["Bouncing Flask","Reflex"],"picked":"Accuracy+1","floor":36},{"not_picked":["Concentrate+1","Outmaneuver+1"],"picked":"Backflip","floor":37}],"player_experience":613974,"relics_obtained":[{"floor":7.0,"key":"Mango"},{"floor":9.0,"key":"Pear"},{"floor":13.0,"key":"PreservedInsect"},{"floor":26.0,"key":"Anchor"},{"floor":30.0,"key":"Bronze Scales"}],"event_choices":[{"damage_healed":0.0,"max_hp_gain":0.0,"max_hp_loss":0.0,"gold_gain":0.0,"event_name":"Shining Light","player_choice":"Ignored","floor":2.0,"gold_loss":0.0,"damage_taken":0.0},{"damage_healed":0.0,"max_hp_gain":0.0,"max_hp_loss":0.0,"gold_gain":0.0,"event_name":"Living Wall","player_choice":"Grow","floor":5.0,"gold_loss":0.0,"damage_taken":0.0,"cards_upgraded":["Glass Knife"]},{"damage_healed":24.0,"max_hp_gain":0.0,"max_hp_loss":0.0,"gold_gain":0.0,"event_name":"Mushrooms","player_choice":"Healed and dodged fight","floor":11.0,"gold_loss":0.0,"damage_taken":0.0,"cards_obtained":["Parasite"]},{"damage_healed":0.0,"max_hp_gain":0.0,"max_hp_loss":0.0,"gold_gain":0.0,"event_name":"The Mausoleum","player_choice":"Opened","floor":21.0,"gold_loss":0.0,"damage_taken":0.0,"relics_obtained":["Sundial"],"cards_obtained":["Writhe"]},{"damage_healed":0.0,"max_hp_gain":5.0,"max_hp_loss":0.0,"gold_gain":0.0,"event_name":"Forgotten Altar","player_choice":"Shed Blood","floor":24.0,"gold_loss":0.0,"damage_taken":25.0}],"is_beta":false,"boss_relics":[{"not_picked":["Coffee Dripper","Fusion Hammer"],"picked":"SacredBark"},{"not_picked":["Astrolabe","Sozu"],"picked":"Runic Dome"}],"items_purged_floors":[],"is_endless":false,"potions_floor_spawned":[1,13,14,16,27,28,33,37],"killed_by":"4 Shapes","ascension_level":9}}