{"host":"my77oq6kb6j47rwl","time":1609565927,"event":{"mods":["BaseMod","Emptier Cage","Ironclad Rager","Minty Spire (QoL Compilation)","Quick Restart","Rare Cards Sparkle","StSLib"],"gold_per_floor":[117,192,192,2,2,35,45,45,70,88,108,138,160,160,160,258,258,269,194,206,131,141,141,152,165,216,243,243,243,96,114,114,215,215,225,225,0,0,0],"floor_reached":38,"playtime":3737,"items_purged":["Omniscience","Decay"],"score":470,"play_id":"00048311-6c0b-4abf-ad27-3d821cc4270a","local_time":"20210102003847","is_ascension_mode":true,"campfire_choices":[{"data":"Apotheosis","floor":8,"key":"SMITH"},{"data":"Establishment","floor":15,"key":"SMITH"},{"floor":23,"key":"REST"},{"floor":29,"key":"REST"},{"floor":32,"key":"REST"}],"circlet_count":0,"master_deck":["Strike_P","Strike_P","Defend_P+1","Defend_P+1","Defend_P","Eruption","Vigilance","CutThroughFate","Apotheosis+1","Weave","Tantrum","Wireheading","Establishment+1","WindmillStrike","FlyingSleeves","SandsOfTime","Perseverance","PathToVictory","FlurryOfBlows","Halt","CrushJoints","FollowUp","DeusExMachina","Madness","Madness"],"relics":["PureWater","NeowsBlessing","PreservedInsect","Potion Belt","Meat on the Bone","Odd Mushroom","War Paint","Busted Crown","Toy Ornithopter","Nunchaku","Fusion Hammer","Red Mask"],"acts_visited":["Exordium","TheCity","TheBeyond"],"potions_floor_usage":[13,13,20,27,27,33],"damage_taken":[{"damage":0,"enemies":"Jaw Worm","floor":1,"turns":1},{"damage":0,"enemies":"Lagavulin","floor":6,"turns":1},{"damage":0,"enemies":"Small Slimes","floor":7,"turns":1},{"damage":0,"enemies":"2 Louse","floor":10,"turns":1},{"damage":0,"enemies":"2 Fungi Beasts","floor":11,"turns":3},{"damage":2,"enemies":"3 Sentries","floor":12,"turns":3},{"damage":0,"enemies":"The Mushroom Lair","floor":13,"turns":3},{"damage":11,"enemies":"The Guardian","floor":16,"turns":10},{"damage":16,"enemies":"Spheric Guardian","floor":18,"turns":5},{"damage":7,"enemies":"2 Thieves","floor":20,"turns":3},{"damage":0,"enemies":"3 Cultists","floor":22,"turns":4},{"damage":9,"enemies":"Shelled Parasite and Fungi","floor":24,"turns":5},{"damage":32,"enemies":"Snake Plant","floor":25,"turns":4},{"damage":46,"enemies":"Slavers","floor":27,"turns":5},{"damage":15,"enemies":"Chosen and Byrds","floor":31,"turns":7},{"damage":44,"enemies":"Automaton","floor":33,"turns":10},{"damage":23,"enemies":"Orb Walker","floor":35,"turns":4},{"damage":48,"enemies":"3 Darklings","floor":38,"turns":4}],"seed_played":"1661106119739296709","potions_obtained":[{"floor":1,"key":"GamblersBrew"},{"floor":7,"key":"SkillPotion"},{"floor":11,"key":"ColorlessPotion"},{"floor":16,"key":"Block Potion"},{"floor":18,"key":"SpeedPotion"},{"floor":22,"key":"DuplicationPotion"},{"floor":25,"key":"PowerPotion"}],"is_trial":false,"path_per_floor":["M","?","?","$","?","E","M","R","T","M","M","E","?","?","R","B",null,"M","?","M","$","M","R","M","M","T","E","?","R","$","M","R","B",null,"M","?","?","M"],"character_chosen":"WATCHER","items_purchased":["Apotheosis","CrushJoints"],"campfire_rested":3,"item_purchase_floors":[4,30],"current_hp_per_floor":[72,61,61,61,54,54,54,54,54,54,54,52,52,52,52,41,72,56,56,49,49,49,70,61,41,41,17,17,38,38,35,56,29,72,49,40,40,0,0],"gold":0,"neow_bonus":"THREE_ENEMY_KILL","is_daily":false,"chose_seed":false,"campfire_upgraded":2,"win_rate":0.0,"timestamp":1609565927,"path_taken":["M","?","?","$","?","E","M","R","T","M","M","E","?","?","R","BOSS","M","?","M","$","M","R","M","M","T","E","?","R","$","M","R","BOSS","M","?","?","M"],"items_purchased_type":["Card","Card"],"build_version":"2020-12-22","purchased_purges":2,"victory":false,"max_hp_per_floor":[72,72,72,72,72,72,72,72,72,72,72,72,72,72,72,72,72,72,72,72,72,72,72,72,72,72,72,72,72,72,72,72,72,72,72,72,72,72,72],"card_choices":[{"not_picked":["Fasting2","Halt"],"picked":"CutThroughFate","floor":1},{"not_picked":["EmptyFist","FlurryOfBlows"],"picked":"Weave","floor":6},{"not_picked":["SandsOfTime","Wallop"],"picked":"Tantrum","floor":7},{"not_picked":["Prostrate","Evaluate"],"picked":"Wireheading","floor":10},{"not_picked":["Prostrate","EmptyBody"],"picked":"Establishment","floor":11},{"not_picked":["CrushJoints","CutThroughFate"],"picked":"WindmillStrike","floor":12},{"not_picked":["Consecrate","ConjureBlade"],"picked":"FlyingSleeves","floor":13},{"not_picked":["LessonLearned","Alpha"],"picked":"Omniscience","floor":16},{"not_picked":[],"picked":"SandsOfTime","floor":18},{"not_picked":[],"picked":"Perseverance","floor":20},{"not_picked":[],"picked":"PathToVictory","floor":22},{"not_picked":[],"picked":"FlurryOfBlows","floor":24},{"not_picked":["Pray"],"picked":"SKIP","floor":25},{"not_picked":[],"picked":"Halt","floor":27},{"not_picked":[],"picked":"FollowUp","floor":31},{"not_picked":[],"picked":"DeusExMachina","floor":33},{"not_picked":["BowlingBash+1"],"picked":"SKIP","floor":35}],"player_experience":1008751,"relics_obtained":[{"floor":6,"key":"PreservedInsect"},{"floor":9,"key":"Potion Belt"},{"floor":12,"key":"Meat on the Bone"},{"floor":13,"key":"Odd Mushroom"},{"floor":26,"key":"Toy Ornithopter"},{"floor":27,"key":"Nunchaku"}],"event_choices":[{"damage_healed":0,"gold_gain":75,"player_choice":"Gather Gold","damage_taken":11,"max_hp_gain":0,"max_hp_loss":0,"event_name":"World of Goop","floor":2,"gold_loss":0},{"cards_removed":["Strike_P"],"damage_healed":0,"gold_gain":0,"player_choice":"Forget","damage_taken":0,"max_hp_gain":0,"max_hp_loss":0,"event_name":"Living Wall","floor":3,"gold_loss":0},{"cards_removed":["Strike_P"],"damage_healed":0,"gold_gain":0,"player_choice":"Card Removal","damage_taken":7,"max_hp_gain":0,"max_hp_loss":0,"event_name":"Golden Wing","floor":5,"gold_loss":0},{"damage_healed":0,"gold_gain":0,"player_choice":"Fought Mushrooms","damage_taken":0,"max_hp_gain":0,"max_hp_loss":0,"event_name":"Mushrooms","floor":13,"gold_loss":0},{"damage_healed":0,"gold_gain":0,"player_choice":"Searched \u00271\u0027 times","damage_taken":0,"relics_obtained":["War Paint"],"max_hp_gain":0,"max_hp_loss":0,"event_name":"Dead Adventurer","floor":14,"gold_loss":0},{"cards_removed":["Defend_P"],"damage_healed":0,"gold_gain":0,"player_choice":"Gave Gold","damage_taken":0,"max_hp_gain":0,"max_hp_loss":0,"event_name":"Beggar","floor":19,"gold_loss":75},{"damage_healed":0,"gold_gain":0,"player_choice":"Smashed Altar","damage_taken":0,"max_hp_gain":0,"max_hp_loss":0,"event_name":"Forgotten Altar","floor":28,"gold_loss":0,"cards_obtained":["Decay"]},{"damage_healed":0,"gold_gain":0,"player_choice":"Embrace Madness","damage_taken":9,"max_hp_gain":0,"max_hp_loss":0,"event_name":"Winding Halls","floor":36,"gold_loss":0,"cards_obtained":["Madness","Madness"]},{"damage_healed":0,"gold_gain":0,"player_choice":"Paid","damage_taken":0,"relics_obtained":["Red Mask"],"max_hp_gain":0,"max_hp_loss":0,"event_name":"Tomb of Lord Red Mask","floor":37,"gold_loss":225}],"is_beta":false,"boss_relics":[{"not_picked":["Tiny House","Velvet Choker"],"picked":"Busted Crown"},{"not_picked":["Sozu","HolyWater"],"picked":"Fusion Hammer"}],"items_purged_floors":[21,30],"is_endless":false,"potions_floor_spawned":[1,7,11,16,18,22,25],"killed_by":"3 Darklings","ascension_level":2}}