{"host":"w9yruvs4bqht6bhw","time":1609552963,"event":{"mods":["BaseMod","Colored Powertips","Minty Spire (QoL Compilation)"],"gold_per_floor":[112,64,164,183,133,168,226,255,255,31,31,31,46,94,94,194,194,213,12,12,23,51,51,78,78,126,144,144,163,174,174,174],"floor_reached":31,"playtime":984,"items_purged":["Strike_R","Strike_R"],"score":339,"play_id":"1c8d9a34-6849-4a89-b6a2-0ef89c370ff8","local_time":"20210101210243","is_ascension_mode":true,"campfire_choices":[{"floor":15,"key":"REST"},{"floor":23,"key":"REST"},{"data":"Berserk","floor":25,"key":"SMITH"},{"floor":28,"key":"REST"}],"circlet_count":0,"master_deck":["Strike_R","Defend_R","Defend_R","Defend_R","Defend_R","Bash","Twin Strike","Clash","Pommel Strike","Battle Trance","Seeing Red","Anger","Berserk+1","Flex+1"],"relics":["Burning Blood","The Courier","Blood Vial","Sundial","Kunai","Nunchaku","Lantern","Busted Crown","Vajra","Red Mask","Strawberry"],"acts_visited":["Exordium","TheCity"],"potions_floor_usage":[6,16,16,21,22,24,31],"damage_taken":[{"damage":9,"enemies":"Jaw Worm","floor":1,"turns":4},{"damage":1,"enemies":"Cultist","floor":4,"turns":3},{"damage":20,"enemies":"Lagavulin","floor":6,"turns":5},{"damage":16,"enemies":"Gremlin Nob","floor":7,"turns":3},{"damage":10,"enemies":"Gremlin Nob","floor":8,"turns":3},{"damage":10,"enemies":"Small Slimes","floor":13,"turns":2},{"damage":29,"enemies":"Hexaghost","floor":16,"turns":6},{"damage":20,"enemies":"Spheric Guardian","floor":18,"turns":5},{"damage":0,"enemies":"3 Byrds","floor":21,"turns":4},{"damage":40,"enemies":"Masked Bandits","floor":22,"turns":5},{"damage":6,"enemies":"Slavers","floor":24,"turns":5},{"damage":34,"enemies":"Snake Plant","floor":27,"turns":3},{"damage":10,"enemies":"3 Cultists","floor":29,"turns":4},{"damage":67,"enemies":"Snecko","floor":30,"turns":9},{"damage":12,"enemies":"Centurion and Healer","floor":31,"turns":2}],"seed_played":"754899095579429568","potions_obtained":[{"floor":1,"key":"Weak Potion"},{"floor":7,"key":"Block Potion"},{"floor":8,"key":"Swift Potion"},{"floor":16,"key":"SneckoOil"},{"floor":22,"key":"DistilledChaos"},{"floor":30,"key":"FearPotion"}],"is_trial":false,"path_per_floor":["M","$","?","M","?","E","?","E","T","$","?","$","M","T","R","B",null,"M","$","?","M","?","R","E","R","T","M","R","M","M","M"],"character_chosen":"IRONCLAD","items_purchased":["Pommel Strike","Nunchaku","PowerPotion","Vajra"],"campfire_rested":3,"item_purchase_floors":[2,10,10,19],"current_hp_per_floor":[69,69,69,74,74,60,50,48,48,48,41,41,39,39,63,42,71,59,59,59,67,35,59,68,68,68,42,68,66,7,0,0],"gold":174,"neow_bonus":"THREE_CARDS","is_daily":false,"chose_seed":false,"campfire_upgraded":1,"win_rate":0.0,"timestamp":1609552963,"path_taken":["M","$","?","?","?","E","?","E","T","$","?","?","M","?","R","BOSS","M","$","?","M","?","R","E","R","T","M","R","M","M","M"],"items_purchased_type":["Card","Relic","Potion","Relic"],"build_version":"2020-12-22","purchased_purges":2,"victory":false,"max_hp_per_floor":[80,80,80,80,80,80,80,80,80,80,80,80,80,80,80,80,80,80,80,80,80,80,80,87,87,87,87,87,87,87,87,87],"card_choices":[{"not_picked":["True Grit","Flame Barrier"],"picked":"Twin Strike","floor":0},{"not_picked":["Seeing Red","Twin Strike"],"picked":"Clash","floor":1},{"not_picked":["Thunderclap","Shockwave"],"picked":"Battle Trance","floor":4},{"not_picked":["Feel No Pain","Entrench"],"picked":"Seeing Red","floor":6},{"not_picked":["Headbutt","True Grit"],"picked":"Anger","floor":8},{"not_picked":["Havoc","Metallicize","Dropkick"],"picked":"SKIP","floor":13},{"not_picked":["Fiend Fire","Brutality"],"picked":"Berserk","floor":16},{"not_picked":["Iron Wave"],"picked":"SKIP","floor":18},{"not_picked":["Thunderclap"],"picked":"SKIP","floor":21},{"not_picked":[],"picked":"Flex+1","floor":24},{"not_picked":["Body Slam"],"picked":"SKIP","floor":27},{"not_picked":["Dropkick"],"picked":"SKIP","floor":29},{"not_picked":["Body Slam"],"picked":"SKIP","floor":30}],"player_experience":247143,"relics_obtained":[{"floor":6,"key":"The Courier"},{"floor":7,"key":"Blood Vial"},{"floor":8,"key":"Sundial"},{"floor":9,"key":"Kunai"},{"floor":14,"key":"Lantern"},{"floor":22,"key":"Red Mask"},{"floor":24,"key":"Strawberry"}],"event_choices":[{"damage_healed":0,"gold_gain":100,"player_choice":"Pray","damage_taken":0,"max_hp_gain":0,"max_hp_loss":0,"event_name":"Golden Shrine","floor":3,"gold_loss":0},{"cards_removed":["Strike_R"],"damage_healed":0,"gold_gain":0,"player_choice":"Card Removal","damage_taken":0,"max_hp_gain":0,"max_hp_loss":0,"event_name":"The Cleric","floor":5,"gold_loss":50},{"damage_healed":0,"gold_gain":0,"player_choice":"Searched \u00272\u0027 times","damage_taken":0,"max_hp_gain":0,"max_hp_loss":0,"event_name":"Dead Adventurer","floor":7,"gold_loss":0},{"cards_removed":["Strike_R"],"damage_healed":0,"gold_gain":0,"player_choice":"Card Removal","damage_taken":7,"max_hp_gain":0,"max_hp_loss":0,"event_name":"Golden Wing","floor":11,"gold_loss":0},{"damage_healed":0,"gold_gain":0,"player_choice":"Fought Bandits","damage_taken":0,"max_hp_gain":0,"max_hp_loss":0,"event_name":"Masked Bandits","floor":22,"gold_loss":0}],"is_beta":false,"boss_relics":[{"not_picked":["SlaversCollar","Mark of Pain"],"picked":"Busted Crown"}],"items_purged_floors":[10,19],"is_endless":false,"potions_floor_spawned":[1,7,8,16,22,30],"killed_by":"Centurion and Healer","ascension_level":6}}