{"host":"zekcc3vicrep0och","time":1609595525,"event":{"mods":["AchievementEnabler","BaseMod","Colored Map","Colored Powertips","Displayed Cursed Tome","Highlight Path","Minty Spire (QoL Compilation)","Quick Restart","Relic Stats","StSLib","The Cursed"],"gold_per_floor":[10,24,1,1,18,43,43,60,105,117,163,185,197,238,250,336,348,380,407,419,445,180,180,206,206,206,206,238,238,2,33,33,104,104,115,133,93,109,126,159,159,194,220,220,236,236,253,288,288,288],"floor_reached":51,"playtime":2593,"items_purged":["Strike_G","All Out Attack"],"score":1976,"play_id":"1aa9ddd2-d201-4e7e-9deb-678bce76d60f","local_time":"20210102165205","is_ascension_mode":true,"campfire_choices":[{"data":"Crippling Poison","floor":7.0,"key":"SMITH"},{"floor":10.0,"key":"REST"},{"floor":15.0,"key":"REST"},{"data":"Wraith Form v2","floor":23.0,"key":"SMITH"},{"data":"Noxious Fumes","floor":25.0,"key":"SMITH"},{"data":"1","floor":29.0,"key":"LIFT"},{"data":"2","floor":32.0,"key":"LIFT"},{"data":"Burst","floor":41.0,"key":"SMITH"},{"data":"Prepared","floor":44.0,"key":"SMITH"},{"data":"3","floor":46.0,"key":"LIFT"},{"data":"Underhanded Strike","floor":49.0,"key":"SMITH"}],"circlet_count":0,"master_deck":["AscendersBane","Defend_G","Defend_G","Defend_G","Survivor","Neutralize","Tools of the Trade+1","Dagger Throw","Noxious Fumes+1","Flying Knee","Crippling Poison+1","PiercingWail","Poisoned Stab","Poisoned Stab","Wraith Form v2+1","Reflex","Ghostly","Ghostly","Ghostly","Ghostly+1","Ghostly","Prepared+1","Poisoned Stab","Catalyst+1","Burst+1","Bane","Glass Knife+1","Blur+1","Doppelganger+1","Dagger Spray+1","Underhanded Strike+1","Adrenaline","Terror","Adrenaline"],"relics":["Ring of the Snake","Sundial","MawBank","PreservedInsect","Happy Flower","Empty Cage","Blood Vial","Orichalcum","StrikeDummy","Girya","Red Mask","Astrolabe","Oddly Smooth Stone","Omamori","Pen Nib","Eternal Feather"],"acts_visited":["Exordium","TheCity","TheBeyond"],"potions_floor_usage":[50],"damage_taken":[{"damage":2.0,"enemies":"Cultist","floor":1.0,"turns":5.0},{"damage":4.0,"enemies":"2 Louse","floor":2.0,"turns":3.0},{"damage":2.0,"enemies":"Jaw Worm","floor":5.0,"turns":4.0},{"damage":16.0,"enemies":"Gremlin Nob","floor":6.0,"turns":4.0},{"damage":9.0,"enemies":"3 Louse","floor":8.0,"turns":3.0},{"damage":20.0,"enemies":"Lagavulin","floor":11.0,"turns":6.0},{"damage":2.0,"enemies":"2 Fungi Beasts","floor":12.0,"turns":5.0},{"damage":17.0,"enemies":"Gremlin Nob","floor":14.0,"turns":4.0},{"damage":15.0,"enemies":"Hexaghost","floor":16.0,"turns":9.0},{"damage":1.0,"enemies":"3 Byrds","floor":18.0,"turns":5.0},{"damage":22.0,"enemies":"2 Thieves","floor":19.0,"turns":5.0},{"damage":6.0,"enemies":"Snecko","floor":21.0,"turns":9.0},{"damage":5.0,"enemies":"Slavers","floor":24.0,"turns":6.0},{"damage":0.0,"enemies":"Book of Stabbing","floor":28.0,"turns":6.0},{"damage":0.0,"enemies":"Masked Bandits","floor":31.0,"turns":6.0},{"damage":0.0,"enemies":"Champ","floor":33.0,"turns":8.0},{"damage":0.0,"enemies":"3 Shapes","floor":35.0,"turns":4.0},{"damage":0.0,"enemies":"Orb Walker","floor":36.0,"turns":4.0},{"damage":0.0,"enemies":"Sphere and 2 Shapes","floor":38.0,"turns":4.0},{"damage":0.0,"enemies":"4 Shapes","floor":39.0,"turns":6.0},{"damage":0.0,"enemies":"Reptomancer","floor":40.0,"turns":6.0},{"damage":0.0,"enemies":"Nemesis","floor":42.0,"turns":5.0},{"damage":12.0,"enemies":"Maw","floor":45.0,"turns":6.0},{"damage":1.0,"enemies":"Spire Growth","floor":47.0,"turns":5.0},{"damage":0.0,"enemies":"Reptomancer","floor":48.0,"turns":5.0},{"damage":10,"enemies":"Donu and Deca","floor":50,"turns":6}],"seed_played":"4171623193032318486","potions_obtained":[{"floor":2.0,"key":"BlessingOfTheForge"},{"floor":6.0,"key":"FearPotion"},{"floor":12.0,"key":"LiquidBronze"},{"floor":14.0,"key":"BlessingOfTheForge"},{"floor":18.0,"key":"Swift Potion"},{"floor":36.0,"key":"Explosive Potion"},{"floor":42.0,"key":"Fire Potion"},{"floor":45.0,"key":"Dexterity Potion"}],"is_trial":false,"path_per_floor":["M","M","$","?","M","E","R","M","T","R","E","M","?","E","R","B",null,"M","M","?","M","$","R","E","R","T","?","E","R","$","?","R","B",null,"M","M","?","M","M","E","R","E","T","R","M","R","M","E","R","B",null],"character_chosen":"THE_SILENT","items_purchased":["Flying Knee","Blood Vial","Poisoned Stab","Burst"],"campfire_rested":2,"item_purchase_floors":[3,22,22,30],"current_hp_per_floor":[57,53,53,53,51,35,35,26,26,45,25,23,23,6,25,10,52,51,29,29,23,23,23,20,20,20,20,22,22,22,24,24,26,31,33,33,33,33,33,33,33,33,33,33,21,21,22,24,33,23],"gold":288,"neow_bonus":"TRANSFORM_TWO_CARDS","is_daily":false,"chose_seed":false,"campfire_upgraded":6,"win_rate":0.0,"timestamp":1609595525,"path_taken":["M","M","?","?","M","E","R","M","T","R","E","M","?","E","R","BOSS","M","M","?","M","$","R","E","R","T","?","E","R","$","?","R","BOSS","M","M","?","M","M","E","R","E","T","R","M","R","M","E","R","BOSS"],"items_purchased_type":["Card","Relic","Card","Card"],"build_version":"2020-12-22","purchased_purges":2,"victory":true,"max_hp_per_floor":[66,66,66,66,66,66,66,66,66,66,66,66,66,66,66,66,66,66,66,33,33,33,33,33,33,33,33,33,33,33,33,33,33,33,33,33,33,33,33,33,33,33,33,33,33,33,33,33,33,33],"relic_stats":{"Blood Vial":14,"Happy Flower":[35],"counters":[26,139],"Sundial":[12],"Astrolabe":["Glass Knife","Blur","Doppelganger"],"Eternal Feather":9,"PreservedInsect":280,"Pen Nib":[4],"Orichalcum":[276],"MawBank":156,"obtain_stats":[{"Girya":28,"Happy Flower":14,"Astrolabe":34,"Oddly Smooth Stone":40,"Eternal Feather":48,"PreservedInsect":11,"Pen Nib":43,"Omamori":42,"Orichalcum":24,"MawBank":9,"Empty Cage":17,"Blood Vial":22,"Sundial":6,"Red Mask":31,"StrikeDummy":26,"Ring of the Snake":0},{"Girya":14,"Happy Flower":8,"Astrolabe":16,"Oddly Smooth Stone":21,"Eternal Feather":25,"PreservedInsect":6,"Pen Nib":22,"Omamori":22,"Orichalcum":13,"MawBank":5,"Empty Cage":9,"Blood Vial":12,"Sundial":4,"Red Mask":15,"StrikeDummy":13,"Ring of the Snake":0},{"Girya":74,"Happy Flower":34,"Astrolabe":88,"Oddly Smooth Stone":112,"Eternal Feather":133,"PreservedInsect":25,"Pen Nib":117,"Omamori":117,"Orichalcum":68,"MawBank":19,"Empty Cage":43,"Blood Vial":62,"Sundial":16,"Red Mask":80,"StrikeDummy":68,"Ring of the Snake":0}],"Ring of the Snake":[52]},"card_choices":[{"not_picked":["Quick Slash","Cloak And Dagger"],"picked":"Dagger Throw","floor":1.0},{"not_picked":["PiercingWail","Distraction"],"picked":"Noxious Fumes","floor":2.0},{"not_picked":["Acrobatics","Infinite Blades"],"picked":"All Out Attack","floor":5.0},{"not_picked":["Finisher","Burst"],"picked":"Crippling Poison","floor":6.0},{"not_picked":["Poisoned Stab","Flying Knee"],"picked":"PiercingWail","floor":8.0},{"not_picked":["Accuracy","Cloak And Dagger"],"picked":"Poisoned Stab","floor":11.0},{"not_picked":["Dagger Spray","Outmaneuver","Riddle With Holes"],"picked":"SKIP","floor":12.0},{"not_picked":["Infinite Blades","Cloak And Dagger"],"picked":"Poisoned Stab","floor":14.0},{"not_picked":["Die Die Die","Venomology"],"picked":"Wraith Form v2","floor":16.0},{"not_picked":["All Out Attack","Prepared","Predator"],"picked":"SKIP","floor":18.0},{"not_picked":["Accuracy","Deflect"],"picked":"Reflex","floor":19.0},{"not_picked":["Flying Knee","Outmaneuver+1"],"picked":"Prepared","floor":21.0},{"not_picked":["Deadly Poison","Cloak And Dagger","Acrobatics"],"picked":"SKIP","floor":24.0},{"not_picked":["Setup","Quick Slash"],"picked":"Catalyst+1","floor":28.0},{"not_picked":["Backstab","Poisoned Stab"],"picked":"Bane","floor":31.0},{"not_picked":["Outmaneuver","Quick Slash"],"picked":"Dagger Spray+1","floor":35.0},{"not_picked":["Blade Dance+1","Quick Slash","Dagger Spray"],"picked":"SKIP","floor":36.0},{"not_picked":["Endless Agony","Deadly Poison+1"],"picked":"Underhanded Strike","floor":38.0},{"not_picked":["Accuracy","Distraction+1"],"picked":"Adrenaline","floor":39.0},{"not_picked":["Caltrops+1","Unload"],"picked":"Terror","floor":40.0},{"not_picked":["Deadly Poison+1","Quick Slash","Skewer"],"picked":"SKIP","floor":42.0},{"not_picked":["Prepared","Backstab","Dodge and Roll+1"],"picked":"SKIP","floor":45.0},{"not_picked":["Acrobatics","Quick Slash+1","Bouncing Flask+1"],"picked":"SKIP","floor":47.0},{"not_picked":["Poisoned Stab","Eviscerate"],"picked":"Adrenaline","floor":48.0}],"player_experience":490796,"relics_obtained":[{"floor":6.0,"key":"Sundial"},{"floor":9.0,"key":"MawBank"},{"floor":11.0,"key":"PreservedInsect"},{"floor":14.0,"key":"Happy Flower"},{"floor":24.0,"key":"Orichalcum"},{"floor":26.0,"key":"StrikeDummy"},{"floor":28.0,"key":"Girya"},{"floor":31.0,"key":"Red Mask"},{"floor":40.0,"key":"Oddly Smooth Stone"},{"floor":42.0,"key":"Omamori"},{"floor":43.0,"key":"Pen Nib"},{"floor":48.0,"key":"Eternal Feather"}],"event_choices":[{"damage_healed":0.0,"max_hp_gain":0.0,"max_hp_loss":0.0,"gold_gain":0.0,"event_name":"Liars Game","player_choice":"Ignored","floor":4.0,"gold_loss":0.0,"damage_taken":0.0},{"damage_healed":0.0,"max_hp_gain":0.0,"max_hp_loss":0.0,"gold_gain":0.0,"event_name":"Shining Light","player_choice":"Ignored","floor":13.0,"gold_loss":0.0,"damage_taken":0.0},{"damage_healed":0.0,"max_hp_gain":0.0,"max_hp_loss":33.0,"gold_gain":0.0,"event_name":"Ghosts","player_choice":"Became a Ghost","floor":20.0,"gold_loss":0.0,"damage_taken":0.0,"cards_obtained":["Ghostly","Ghostly","Ghostly","Ghostly","Ghostly"]},{"damage_healed":0.0,"max_hp_gain":0.0,"max_hp_loss":0.0,"gold_gain":0.0,"event_name":"Cursed Tome","player_choice":"Ignored","floor":27.0,"gold_loss":0.0,"damage_taken":0.0},{"damage_healed":0.0,"max_hp_gain":0.0,"max_hp_loss":0.0,"gold_gain":0.0,"event_name":"Masked Bandits","player_choice":"Fought Bandits","floor":31.0,"gold_loss":0.0,"damage_taken":0.0},{"damage_healed":0.0,"max_hp_gain":0.0,"max_hp_loss":0.0,"gold_gain":0.0,"event_name":"Designer","player_choice":"Upgraded Two","floor":37.0,"gold_loss":40.0,"damage_taken":0.0,"cards_upgraded":["Ghostly","Tools of the Trade"]}],"is_beta":false,"boss_relics":[{"not_picked":["Ring of the Serpent","Sozu"],"picked":"Empty Cage"},{"not_picked":["Fusion Hammer","Snecko Eye"],"picked":"Astrolabe"}],"items_purged_floors":[22,30],"is_endless":false,"potions_floor_spawned":[2,6,12,14,18,19,21,31,36,42,45,47],"ascension_level":14}}