{"host":"pvafbce70weqvzks","time":1609550682,"event":{"mods":["BaseMod","Gremlin Mod","Hermit","Minty Spire (QoL Compilation)","StSLib","themimic"],"gold_per_floor":[112,124,141,141,23,57,67,67,67,67,93,103,103,113,113,211,211,231,231,62,62,76,106,106,119,146,146,146],"floor_reached":27,"playtime":1025,"items_purged":[],"score":243,"play_id":"8da1f812-d7bc-4fc5-960d-52abffa9946a","local_time":"20210101222442","is_ascension_mode":false,"campfire_choices":[{"floor":8,"key":"REST"},{"data":"Dualcast","floor":10,"key":"SMITH"},{"floor":15,"key":"REST"},{"floor":24,"key":"REST"}],"circlet_count":0,"master_deck":["Strike_B","Strike_B","Strike_B","Strike_B","Defend_B","Defend_B","Defend_B","Defend_B","Zap","Dualcast+1","Gash","Steam","Streamline","Darkness","Doom and Gloom","Flash of Steel","Ball Lightning","Sweeping Beam","Gash","Ball Lightning","Glacier","Machine Learning","Fusion","White Noise","Leap","Self Repair","Go for the Eyes+1","Compile Driver+1","Aggregate"],"relics":["FrozenCore","PreservedInsect","Gremlin Horn","CaptainsWheel","Anchor","Molten Egg 2","Peace Pipe","Smiling Mask"],"acts_visited":["Exordium","TheCity"],"potions_floor_usage":[6,14,16,16,25,27],"damage_taken":[{"damage":5,"enemies":"2 Louse","floor":1,"turns":2},{"damage":1,"enemies":"Cultist","floor":2,"turns":3},{"damage":0,"enemies":"Small Slimes","floor":3,"turns":3},{"damage":22,"enemies":"Lagavulin","floor":6,"turns":6},{"damage":14,"enemies":"Gremlin Gang","floor":7,"turns":3},{"damage":3,"enemies":"3 Sentries","floor":11,"turns":2},{"damage":6,"enemies":"Red Slaver","floor":12,"turns":3},{"damage":0,"enemies":"Exordium Wildlife","floor":14,"turns":1},{"damage":34,"enemies":"Hexaghost","floor":16,"turns":8},{"damage":10,"enemies":"2 Thieves","floor":18,"turns":4},{"damage":3,"enemies":"Spheric Guardian","floor":22,"turns":5},{"damage":43,"enemies":"Slavers","floor":23,"turns":6},{"damage":22,"enemies":"Centurion and Healer","floor":25,"turns":9},{"damage":38,"enemies":"Cultist and Chosen","floor":27,"turns":5}],"seed_played":"6160828283248972018","potions_obtained":[{"floor":2,"key":"FocusPotion"},{"floor":3,"key":"EssenceOfSteel"},{"floor":7,"key":"AttackPotion"},{"floor":12,"key":"ColorlessPotion"},{"floor":16,"key":"SpeedPotion"},{"floor":18,"key":"Weak Potion"},{"floor":22,"key":"CultistPotion"}],"is_trial":false,"path_per_floor":["M","M","M","?","$","E","M","R","T","R","E","M","?","M","R","B",null,"M","?","$","T","M","E","R","M","T","M"],"character_chosen":"DEFECT","items_purchased":["Doom and Gloom","Flash of Steel","White Noise","Leap","Self Repair"],"campfire_rested":3,"item_purchase_floors":[5,5,20,20,20],"current_hp_per_floor":[70,69,69,69,69,47,33,55,55,55,52,46,46,46,68,34,75,65,65,65,65,69,26,48,33,33,0,0],"gold":146,"neow_bonus":"THREE_CARDS","is_daily":false,"chose_seed":false,"campfire_upgraded":1,"win_rate":0.0,"timestamp":1609550682,"path_taken":["M","M","M","?","$","E","M","R","T","R","E","M","?","M","R","BOSS","M","?","$","?","M","E","R","M","T","M"],"items_purchased_type":["Card","Card","Card","Card","Card"],"build_version":"2020-12-22","purchased_purges":0,"victory":false,"max_hp_per_floor":[75,75,75,75,75,75,75,75,75,75,75,75,75,75,75,75,75,75,75,75,75,75,75,75,75,75,75,75],"card_choices":[{"not_picked":["Storm","Stack"],"picked":"Gash","floor":0},{"not_picked":["Hologram","Aggregate"],"picked":"Steam","floor":1},{"not_picked":["Auto Shields","Steam"],"picked":"Streamline","floor":2},{"not_picked":["Rip and Tear","Storm"],"picked":"Darkness","floor":3},{"not_picked":["Defragment","Multi-Cast"],"picked":"Ball Lightning","floor":6},{"not_picked":["Cold Snap","Conserve Battery"],"picked":"Sweeping Beam","floor":7},{"not_picked":["Stack","Skim"],"picked":"Gash","floor":11},{"not_picked":["Streamline","Conserve Battery"],"picked":"Ball Lightning","floor":12},{"not_picked":["Compile Driver","Coolheaded"],"picked":"Glacier","floor":14},{"not_picked":["Multi-Cast","Reboot"],"picked":"Machine Learning","floor":16},{"not_picked":["Barrage","Conserve Battery"],"picked":"Fusion","floor":18},{"not_picked":["Fusion","Streamline+1"],"picked":"Go for the Eyes+1","floor":22},{"not_picked":["Coolheaded","Redo+1"],"picked":"Compile Driver+1","floor":23},{"not_picked":["Hologram","Heatsinks"],"picked":"Aggregate","floor":25}],"player_experience":19648,"relics_obtained":[{"floor":6,"key":"PreservedInsect"},{"floor":9,"key":"Gremlin Horn"},{"floor":11,"key":"CaptainsWheel"},{"floor":21,"key":"Molten Egg 2"},{"floor":23,"key":"Peace Pipe"},{"floor":26,"key":"Smiling Mask"}],"event_choices":[{"damage_healed":0,"gold_gain":0,"player_choice":"Leave","damage_taken":0,"max_hp_gain":0,"max_hp_loss":0,"event_name":"The Cleric","floor":4,"gold_loss":0},{"damage_healed":0,"gold_gain":0,"player_choice":"Leave","damage_taken":0,"max_hp_gain":0,"max_hp_loss":0,"event_name":"FaceTrader","floor":13,"gold_loss":0},{"damage_healed":0,"gold_gain":0,"player_choice":"Gave Potion","damage_taken":0,"relics_obtained":["Anchor"],"max_hp_gain":0,"max_hp_loss":0,"event_name":"WeMeetAgain","floor":19,"gold_loss":0}],"is_beta":false,"boss_relics":[{"not_picked":["Snecko Eye","Black Star"],"picked":"FrozenCore"}],"items_purged_floors":[],"is_endless":false,"potions_floor_spawned":[2,3,7,12,16,18,22],"killed_by":"Cultist and Chosen","ascension_level":0}}