{"host":"344lv32hnei0mdhu","time":1609558481,"event":{"mods":["Act Like it!","BaseMod","Better Match","Better Sensory Stone","Better Skull","Better Third Choice","Better Vampires","Colored Powertips","Highlight Path","Minty Spire (QoL Compilation)","Quick Restart","Random Character Button","Rare Cards Sparkle","StSLib"],"gold_per_floor":[117,117,130,205,205,205,233,249,303,332,108,118,147,147,147,247,247,260,105,105,119,119,119,149,81,104,118,118,118],"floor_reached":28,"playtime":1003,"items_purged":["Strike_R"],"score":405,"play_id":"fc524fc5-d65c-417e-81cc-45c7d94217ed","local_time":"20210101213440","is_ascension_mode":true,"campfire_choices":[{"data":"Thunderclap","floor":6,"key":"SMITH"},{"data":"Rage","floor":15,"key":"SMITH"},{"data":"Rupture","floor":23,"key":"SMITH"}],"circlet_count":0,"master_deck":["Strike_R","Strike_R","Strike_R","Strike_R","Defend_R","Defend_R","Defend_R","Defend_R","Bash+1","Flex","Thunderclap+1","Infernal Blade","Twin Strike","Rage+1","Ghostly Armor","Twin Strike","Metallicize","Combust","Wild Strike","Metallicize","Immolate","Feel No Pain+1","Rupture+1","Flame Barrier","Inflame","Shrug It Off+1"],"relics":["Burning Blood","NeowsBlessing","CultistMask","Omamori","Regal Pillow","Happy Flower","Orrery","Bag of Preparation","Question Card","Runic Pyramid","Toy Ornithopter","Red Skull","Dream Catcher"],"acts_visited":["Exordium","TheCity"],"potions_floor_usage":[13,16,24,24],"damage_taken":[{"damage":0,"enemies":"Small Slimes","floor":1,"turns":1},{"damage":0,"enemies":"2 Louse","floor":3,"turns":1},{"damage":0,"enemies":"3 Sentries","floor":7,"turns":2},{"damage":0,"enemies":"Cultist","floor":8,"turns":3},{"damage":25,"enemies":"Lagavulin","floor":10,"turns":5},{"damage":16,"enemies":"Exordium Thugs","floor":12,"turns":4},{"damage":10,"enemies":"3 Sentries","floor":13,"turns":7},{"damage":41,"enemies":"Slime Boss","floor":16,"turns":17},{"damage":2,"enemies":"Chosen","floor":18,"turns":6},{"damage":21,"enemies":"Shell Parasite","floor":21,"turns":8},{"damage":35,"enemies":"Gremlin Leader","floor":24,"turns":8},{"damage":32,"enemies":"Sentry and Sphere","floor":27,"turns":4},{"damage":11,"enemies":"Shelled Parasite and Fungi","floor":28,"turns":2}],"seed_played":"-525535861019661743","potions_obtained":[{"floor":1,"key":"Dexterity Potion"},{"floor":3,"key":"Dexterity Potion"},{"floor":8,"key":"BloodPotion"},{"floor":13,"key":"HeartOfIron"}],"is_trial":false,"path_per_floor":["M","?","M","?","?","R","E","M","T","E","$","M","E","T","R","B",null,"M","$","?","M","$","R","E","$","T","M","M"],"character_chosen":"IRONCLAD","items_purchased":["Rage","Orrery","Rupture","Inflame"],"campfire_rested":0,"item_purchase_floors":[11,11,19,25],"current_hp_per_floor":[78,78,80,69,69,69,75,80,80,61,61,51,63,63,63,28,67,71,71,71,56,56,56,37,37,37,11,0,0],"gold":118,"neow_bonus":"THREE_ENEMY_KILL","is_daily":false,"chose_seed":false,"campfire_upgraded":3,"win_rate":0.0,"timestamp":1609558480,"path_taken":["M","?","M","?","?","R","E","?","T","E","$","M","E","?","R","BOSS","M","$","?","M","$","R","E","$","T","M","M"],"items_purchased_type":["Card","Relic","Card","Card"],"build_version":"2020-12-22","purchased_purges":1,"victory":false,"max_hp_per_floor":[80,80,80,80,80,80,80,80,80,80,80,80,80,80,80,80,80,80,80,80,80,80,80,80,80,80,80,80,80],"card_choices":[{"not_picked":["Havoc","Headbutt"],"picked":"Flex","floor":1},{"not_picked":["Rampage","True Grit"],"picked":"Thunderclap","floor":3},{"not_picked":["Burning Pact","Body Slam","True Grit"],"picked":"SKIP","floor":7},{"not_picked":["Body Slam","Havoc"],"picked":"Infernal Blade","floor":8},{"not_picked":["Havoc","Corruption"],"picked":"Twin Strike","floor":10},{"not_picked":["Thunderclap","Whirlwind"],"picked":"Ghostly Armor","floor":11},{"not_picked":["Pommel Strike","Infernal Blade"],"picked":"Twin Strike","floor":11},{"not_picked":["True Grit","Shrug It Off"],"picked":"Metallicize","floor":11},{"not_picked":["Headbutt","Pommel Strike"],"picked":"Combust","floor":11},{"not_picked":["Iron Wave","Shrug It Off"],"picked":"Wild Strike","floor":12},{"not_picked":["Searing Blow","Offering"],"picked":"Metallicize","floor":13},{"not_picked":["Impervious","Juggernaut","Fiend Fire"],"picked":"Immolate","floor":16},{"not_picked":["Searing Blow","Disarm","Iron Wave"],"picked":"Feel No Pain+1","floor":18},{"not_picked":["Anger","True Grit","Pummel","Intimidate"],"picked":"SKIP","floor":21},{"not_picked":["Bloodletting","Immolate","Metallicize"],"picked":"Flame Barrier","floor":24},{"not_picked":["Battle Trance","Twin Strike+1","Inflame"],"picked":"Shrug It Off+1","floor":27}],"player_experience":297872,"relics_obtained":[{"floor":7,"key":"Omamori"},{"floor":9,"key":"Regal Pillow"},{"floor":10,"key":"Happy Flower"},{"floor":13,"key":"Bag of Preparation"},{"floor":14,"key":"Question Card"},{"floor":24,"key":"Red Skull"},{"floor":26,"key":"Dream Catcher"}],"event_choices":[{"damage_healed":0,"gold_gain":0,"player_choice":"Grow","damage_taken":0,"max_hp_gain":0,"max_hp_loss":0,"event_name":"Living Wall","floor":2,"gold_loss":0,"cards_upgraded":["Bash"]},{"damage_healed":0,"gold_gain":75,"player_choice":"Gold","damage_taken":11,"max_hp_gain":0,"max_hp_loss":0,"event_name":"betterThird:BetterGoop","floor":4,"gold_loss":0},{"damage_healed":0,"gold_gain":0,"player_choice":"Trade","damage_taken":0,"relics_obtained":["CultistMask"],"max_hp_gain":0,"max_hp_loss":0,"event_name":"FaceTrader","floor":5,"gold_loss":0},{"damage_healed":0,"gold_gain":0,"player_choice":"Opened","damage_taken":0,"relics_obtained":["Toy Ornithopter"],"max_hp_gain":0,"max_hp_loss":0,"event_name":"The Mausoleum","floor":20,"gold_loss":0,"cards_obtained":["Writhe"]}],"is_beta":false,"boss_relics":[{"not_picked":["SlaversCollar","SacredBark"],"picked":"Runic Pyramid"}],"items_purged_floors":[19],"is_endless":false,"potions_floor_spawned":[1,3,8,13],"killed_by":"Shelled Parasite and Fungi","ascension_level":9}}