{"host":"vumwfieg2b2mnrfl","time":1609553768,"event":{"mods":["AchievementEnabler","BaseMod","Minty Spire (QoL Compilation)","Rare Cards Sparkle","Relic Stats"],"gold_per_floor":[111,121,121,121,82,82,111,111,111,121,154,166,176,190,190,289,289,300,144,144,90,90,90,102,131,185,213,128,128,94,106,106,207,207,224,124,124,124,134,134,100,130,130,130,130,130],"floor_reached":45,"playtime":1530,"items_purged":["Strike_P","Defend_P"],"score":589,"play_id":"cec5d768-5208-427a-81d9-a0c07e5f1f03","local_time":"20210101201608","is_ascension_mode":true,"campfire_choices":[{"data":"Eruption","floor":6.0,"key":"SMITH"},{"data":"Vengeance","floor":15.0,"key":"SMITH"},{"data":"ConjureBlade","floor":23.0,"key":"SMITH"},{"floor":29.0,"key":"REST"},{"floor":32.0,"key":"REST"},{"data":"MentalFortress","floor":40.0,"key":"SMITH"},{"floor":44,"key":"REST"}],"circlet_count":0,"master_deck":["Strike_P","Strike_P","Strike_P+1","Defend_P","Defend_P","Eruption+1","Vigilance+1","Evaluate","WheelKick","Tantrum","Vengeance+1","CarveReality","FlurryOfBlows+1","ConjureBlade+1","Sanctity+1","FearNoEvil","Consecrate","MentalFortress+1","LessonLearned","FearNoEvil","EmptyMind","Omniscience","Adaptation+1","ThirdEye+1","Wallop"],"relics":["PureWater","NeowsBlessing","Gremlin Horn","Question Card","Bronze Scales","Philosopher\u0027s Stone","Ice Cream","Strawberry","Pen Nib","StrikeDummy","VioletLotus","Unceasing Top"],"acts_visited":["Exordium","TheCity","TheBeyond"],"potions_floor_usage":[45],"damage_taken":[{"damage":0.0,"enemies":"Jaw Worm","floor":1.0,"turns":1.0},{"damage":0.0,"enemies":"Cultist","floor":2.0,"turns":1.0},{"damage":0.0,"enemies":"Lagavulin","floor":7.0,"turns":1.0},{"damage":0.0,"enemies":"Small Slimes","floor":10.0,"turns":2.0},{"damage":3.0,"enemies":"3 Sentries","floor":11.0,"turns":5.0},{"damage":0.0,"enemies":"3 Louse","floor":12.0,"turns":1.0},{"damage":0.0,"enemies":"Blue Slaver","floor":13.0,"turns":2.0},{"damage":1.0,"enemies":"2 Fungi Beasts","floor":14.0,"turns":2.0},{"damage":24.0,"enemies":"Hexaghost","floor":16.0,"turns":8.0},{"damage":10.0,"enemies":"Chosen","floor":18.0,"turns":4.0},{"damage":18.0,"enemies":"3 Byrds","floor":24.0,"turns":4.0},{"damage":10.0,"enemies":"Gremlin Leader","floor":25.0,"turns":3.0},{"damage":22.0,"enemies":"Slavers","floor":27.0,"turns":3.0},{"damage":20.0,"enemies":"Snecko","floor":31.0,"turns":4.0},{"damage":44.0,"enemies":"Collector","floor":33.0,"turns":7.0},{"damage":13.0,"enemies":"3 Shapes","floor":35.0,"turns":4.0},{"damage":0.0,"enemies":"Orb Walker","floor":39.0,"turns":2.0},{"damage":63.0,"enemies":"Reptomancer","floor":42.0,"turns":5.0},{"damage":29,"enemies":"Jaw Worm Horde","floor":45,"turns":1}],"seed_played":"1966638797759110632","potions_obtained":[{"floor":10.0,"key":"Weak Potion"},{"floor":12.0,"key":"StancePotion"},{"floor":18.0,"key":"Swift Potion"},{"floor":27.0,"key":"AttackPotion"},{"floor":33.0,"key":"SneckoOil"},{"floor":39.0,"key":"Strength Potion"},{"floor":42.0,"key":"PowerPotion"}],"is_trial":false,"path_per_floor":["M","M","$","?","$","R","E","$","T","M","E","M","M","M","R","B",null,"M","$","?","$","?","R","M","E","T","E","?","R","$","M","R","B",null,"M","$","?","?","M","R","$","E","T","R","M"],"character_chosen":"WATCHER","items_purchased":["WheelKick","FearNoEvil","Consecrate","EmptyMind","Wallop"],"campfire_rested":3,"item_purchase_floors":[5,19,21,30,41],"current_hp_per_floor":[72,72,72,58,58,58,58,58,58,58,55,55,55,54,54,30,72,62,62,62,62,62,62,44,34,41,19,19,42,42,22,45,1,79,66,66,66,66,66,66,66,3,3,26,0,0],"gold":130,"neow_bonus":"THREE_ENEMY_KILL","is_daily":false,"chose_seed":false,"campfire_upgraded":4,"win_rate":0.0,"timestamp":1609553768,"path_taken":["M","M","$","?","$","R","E","?","T","M","E","?","?","M","R","BOSS","M","$","?","$","?","R","M","E","T","E","?","R","?","M","R","BOSS","M","$","?","?","?","R","$","E","T","R","M"],"items_purchased_type":["Card","Card","Card","Card","Card"],"build_version":"2020-12-22","purchased_purges":2,"victory":false,"max_hp_per_floor":[72,72,72,72,72,72,72,72,72,72,72,72,72,72,72,72,72,72,72,72,72,72,72,72,72,79,79,79,79,79,79,79,79,79,79,79,79,79,79,79,79,79,79,79,79,79],"relic_stats":{"Gremlin Horn":[19,20],"counters":[19,60],"Bronze Scales":[134],"Pen Nib":[6],"VioletLotus":[3],"Question Card":15,"obtain_stats":[{"Ice Cream":25,"NeowsBlessing":0,"Gremlin Horn":7,"Bronze Scales":11,"Strawberry":26,"Philosopher\u0027s Stone":17,"Pen Nib":27,"VioletLotus":34,"PureWater":0,"Question Card":9,"StrikeDummy":28,"Unceasing Top":42},{"Ice Cream":12,"NeowsBlessing":0,"Gremlin Horn":3,"Bronze Scales":5,"Strawberry":12,"Philosopher\u0027s Stone":9,"Pen Nib":13,"VioletLotus":15,"PureWater":0,"Question Card":3,"StrikeDummy":13,"Unceasing Top":18},{"Ice Cream":34,"NeowsBlessing":0,"Gremlin Horn":3,"Bronze Scales":10,"Strawberry":34,"Philosopher\u0027s Stone":23,"Pen Nib":37,"VioletLotus":48,"PureWater":0,"Question Card":3,"StrikeDummy":37,"Unceasing Top":59}],"Unceasing Top":[0]},"card_choices":[{"not_picked":["JustLucky","WaveOfTheHand"],"picked":"Evaluate","floor":1.0},{"not_picked":["ThirdEye","MentalFortress","Prostrate"],"picked":"SKIP","floor":2.0},{"not_picked":["ClearTheMind","CrushJoints"],"picked":"Tantrum","floor":7.0},{"not_picked":["EmptyFist","SandsOfTime","Sanctity"],"picked":"Vengeance","floor":10.0},{"not_picked":["WheelKick","SashWhip","Perseverance"],"picked":"CarveReality","floor":11.0},{"not_picked":["FlyingSleeves","Study","Perseverance"],"picked":"FlurryOfBlows","floor":12.0},{"not_picked":["Tantrum","Halt","BowlingBash"],"picked":"Wireheading","floor":13.0},{"not_picked":["FlyingSleeves","JustLucky","FollowUp","ThirdEye"],"picked":"SKIP","floor":14.0},{"not_picked":["Scrawl","SpiritShield","Devotion"],"picked":"ConjureBlade","floor":16.0},{"not_picked":["Consecrate","Prostrate","Evaluate"],"picked":"Sanctity+1","floor":18.0},{"not_picked":["Consecrate+1","WreathOfFlame","SignatureMove"],"picked":"MentalFortress","floor":24.0},{"not_picked":["JustLucky","ForeignInfluence","Meditate+1"],"picked":"LessonLearned","floor":25.0},{"not_picked":["Wireheading","Judgement","FlurryOfBlows"],"picked":"FearNoEvil","floor":27.0},{"not_picked":["JustLucky","FollowUp","ReachHeaven+1","ClearTheMind"],"picked":"SKIP","floor":31.0},{"not_picked":["MasterReality","DeusExMachina","Ragnarok"],"picked":"Omniscience","floor":33.0},{"not_picked":["SandsOfTime","JustLucky","WaveOfTheHand+1"],"picked":"Adaptation+1","floor":35.0},{"not_picked":["FollowUp","InnerPeace","CrushJoints+1"],"picked":"ThirdEye+1","floor":39.0},{"not_picked":["FlyingSleeves+1","Sanctity","BowlingBash+1","Conclude"],"picked":"SKIP","floor":42.0}],"player_experience":347332,"relics_obtained":[{"floor":7.0,"key":"Gremlin Horn"},{"floor":9.0,"key":"Question Card"},{"floor":11.0,"key":"Bronze Scales"},{"floor":25.0,"key":"Ice Cream"},{"floor":26.0,"key":"Strawberry"},{"floor":27.0,"key":"Pen Nib"},{"floor":42.0,"key":"Unceasing Top"}],"event_choices":[{"damage_healed":0.0,"max_hp_gain":0.0,"max_hp_loss":0.0,"gold_gain":0.0,"event_name":"Shining Light","player_choice":"Entered Light","floor":4.0,"gold_loss":0.0,"damage_taken":14.0,"cards_upgraded":["Vigilance","Strike_P"]},{"cards_removed":["Defend_P"],"damage_healed":0.0,"max_hp_gain":0.0,"max_hp_loss":0.0,"gold_gain":0.0,"event_name":"Back to Basics","player_choice":"Elegance","floor":20.0,"gold_loss":0.0,"damage_taken":0.0},{"damage_healed":0.0,"max_hp_gain":0.0,"max_hp_loss":0.0,"gold_gain":0.0,"event_name":"Cursed Tome","player_choice":"Ignored","floor":22.0,"gold_loss":0.0,"damage_taken":0.0},{"damage_healed":0.0,"max_hp_gain":0.0,"max_hp_loss":0.0,"gold_gain":0.0,"event_name":"Addict","player_choice":"Obtained Relic","floor":28.0,"gold_loss":85.0,"damage_taken":0.0,"relics_obtained":["StrikeDummy"]},{"damage_healed":0.0,"max_hp_gain":0.0,"max_hp_loss":0.0,"gold_gain":0.0,"event_name":"Tomb of Lord Red Mask","player_choice":"Ignored","floor":37.0,"gold_loss":0.0,"damage_taken":0.0},{"cards_removed":["Wireheading"],"damage_healed":0.0,"max_hp_gain":0.0,"max_hp_loss":0.0,"gold_gain":0.0,"event_name":"Wheel of Change","player_choice":"Card Removal","floor":38.0,"gold_loss":0.0,"damage_taken":0.0}],"is_beta":false,"boss_relics":[{"not_picked":["Calling Bell","Coffee Dripper"],"picked":"Philosopher\u0027s Stone"},{"not_picked":["Black Star","SacredBark"],"picked":"VioletLotus"}],"items_purged_floors":[19,36],"is_endless":false,"potions_floor_spawned":[10,12,18,27,33,39,42],"killed_by":"Jaw Worm Horde","ascension_level":3}}