{"host":"tnhjz9cb8p0320p2","time":1609561248,"event":{"mods":["BaseMod","Better Third Choice","Downfall","Hermit","Marisa????????","Minty Spire (QoL Compilation)","Relic Stats","Replay The Spire","Shade Mod","StSLib","The Construct","The Cursed","The Jungle","The Runesmith"],"gold_per_floor":[115,12,24,40,53,53,53,53],"floor_reached":7,"playtime":309,"items_purged":["Strike_G"],"score":86,"play_id":"9cdc7850-48a8-49b5-b0ff-2ff189fb674b","local_time":"20210101222048","is_ascension_mode":true,"campfire_choices":[{"data":"Bouncing Flask","floor":6,"key":"SMITH"}],"circlet_count":0,"master_deck":["AscendersBane","Strike_G","Strike_G","Strike_G","Strike_G","Defend_G","Defend_G","Defend_G","Defend_G","Defend_G","Survivor","Neutralize","Toxin Wave","Deadly Poison","ReplayTheSpireMod:Speed Training","Sucker Punch","Bouncing Flask+1"],"relics":["Velvet Choker"],"acts_visited":["Exordium"],"potions_floor_usage":[5],"damage_taken":[{"damage":0,"enemies":"Cultist","floor":1,"turns":4},{"damage":0,"enemies":"2 Louse","floor":3,"turns":2},{"damage":4,"enemies":"Jaw Worm","floor":4,"turns":6},{"damage":9,"enemies":"3 Louse","floor":5,"turns":4},{"damage":72,"enemies":"Gremlin Nob","floor":7,"turns":4}],"seed_played":"2911705121172330231","potions_obtained":[{"floor":1,"key":"Dexterity Potion"}],"is_trial":false,"path_per_floor":["M","$","M","M","M","R","E"],"character_chosen":"THE_SILENT","items_purchased":["Deadly Poison"],"campfire_rested":0,"item_purchase_floors":[2],"current_hp_per_floor":[59,59,59,55,46,46,0,0],"gold":53,"neow_bonus":"BOSS_RELIC","is_daily":false,"chose_seed":false,"campfire_upgraded":1,"win_rate":0.0,"timestamp":1609561248,"path_taken":["M","$","M","M","M","R","E"],"items_purchased_type":["Card"],"build_version":"2020-12-22","purchased_purges":1,"victory":false,"max_hp_per_floor":[66,66,66,66,66,66,66,66],"relic_stats":{"counters":[5,20],"obtain_stats":[{"Velvet Choker":0,"Ring of the Snake":0},{"Velvet Choker":0,"Ring of the Snake":0},{"Velvet Choker":0,"Ring of the Snake":0}]},"card_choices":[{"not_picked":["Predator","Outmaneuver"],"picked":"Toxin Wave","floor":1},{"not_picked":["Acrobatics","Dodge and Roll"],"picked":"ReplayTheSpireMod:Speed Training","floor":3},{"not_picked":["Accuracy","Deflect"],"picked":"Sucker Punch","floor":4},{"not_picked":["Prepared","Dagger Throw"],"picked":"Bouncing Flask","floor":5}],"player_experience":2075849,"relics_obtained":[],"event_choices":[],"is_beta":false,"boss_relics":[],"items_purged_floors":[2],"is_endless":false,"potions_floor_spawned":[1],"killed_by":"Gremlin Nob","ascension_level":20}}