{"host":"73u9ojxmo0iakdto","time":1609630030,"event":{"mods":["BaseMod","Better Third Choice","Downfall","Minty Spire (QoL Compilation)","Permanent Neow","StSLib"],"gold_per_floor":[99,99,115,125,125,135,135,149,249,265,250,250,260,272,288,391,391,391,407,428,428,428,428,428],"floor_reached":22,"playtime":2104,"items_purged":[],"score":180,"play_id":"d446aacc-a5ef-4e37-891d-7e1b715ae8e1","local_time":"20210102172710","is_ascension_mode":false,"campfire_choices":[{"data":"hexamod:Sear","floor":1,"key":"SMITH"},{"data":"hexamod:Float","floor":18,"key":"SMITH"}],"circlet_count":0,"master_deck":["hexamod:Strike","hexamod:Strike","hexamod:Strike","hexamod:Defend","hexamod:Defend+1","hexamod:Defend+1","hexamod:Sear+1","hexamod:Float+1","hexamod:SkipABeat+1","Iron Wave+1","hexamod:FastForward","hexamod:HeatCrush","hexamod:FastForward","hexamod:FirstSeal","hexamod:RadiantFlame","hexamod:GhostOfSpirePast","hexamod:FifthSeal","hexamod:SecondSeal","hexamod:GhostOfSpireFuture","hexamod:ThirdSeal","Pain"],"relics":["hexamod:SpiritBrand","Bag of Marbles","War Paint","MealTicket","Philosopher\u0027s Stone","Pear"],"acts_visited":["Exordium","TheCity"],"potions_floor_usage":[16,19,22],"damage_taken":[{"damage":4,"enemies":"Jaw Worm","floor":3,"turns":3},{"damage":2,"enemies":"2 Louse","floor":4,"turns":2},{"damage":0,"enemies":"Cultist","floor":6,"turns":3},{"damage":15,"enemies":"Gremlin Gang","floor":8,"turns":4},{"damage":14,"enemies":"downfall:Heads","floor":9,"turns":6},{"damage":0,"enemies":"3 Louse","floor":10,"turns":3},{"damage":4,"enemies":"downfall:FleeingMerchant","floor":11,"turns":4},{"damage":0,"enemies":"Red Slaver","floor":13,"turns":3},{"damage":0,"enemies":"Lots of Slimes","floor":14,"turns":4},{"damage":6,"enemies":"Blue Slaver","floor":15,"turns":3},{"damage":50,"enemies":"downfall:Defect","floor":16,"turns":6},{"damage":38,"enemies":"3 Byrds","floor":19,"turns":5},{"damage":5,"enemies":"Centurion and Healer","floor":20,"turns":6},{"damage":44,"enemies":"Shelled Parasite and Fungi","floor":22,"turns":5}],"seed_played":"4548534366296405890","potions_obtained":[{"floor":6,"key":"PowerPotion"},{"floor":8,"key":"Swift Potion"},{"floor":13,"key":"SpeedPotion"},{"floor":14,"key":"hexamod:InfernoChargePotion"},{"floor":15,"key":"ColorlessPotion"}],"is_trial":false,"path_per_floor":["R","?","M","M","?","M","T","M","?","M","$","?","M","M","M","B",null,"R","M","M","?","M"],"character_chosen":"THE_SPIRIT","items_purchased":[],"campfire_rested":0,"item_purchase_floors":[],"current_hp_per_floor":[70,70,66,64,64,64,64,49,35,35,46,46,53,60,61,11,70,70,39,34,44,0,0,0],"gold":428,"neow_bonus":"RANDOM_COMMON_RELIC","is_daily":false,"chose_seed":false,"campfire_upgraded":2,"win_rate":0.0,"timestamp":1609630030,"path_taken":["R","?","M","M","?","?","T","?","?","M","$","?","M","M","M","BOSS","R","M","M","?","?"],"items_purchased_type":[],"build_version":"2020-12-22","purchased_purges":0,"victory":false,"max_hp_per_floor":[70,70,70,70,70,70,70,70,70,70,70,70,70,70,70,70,70,70,70,70,80,80,80,80],"card_choices":[{"not_picked":["hexamod:NightmareGuise","hexamod:PhantomFireball","hexamod:GhostLash"],"picked":"SKIP","floor":3},{"not_picked":["hexamod:BacktrackSmack","hexamod:ExtraCrispy"],"picked":"hexamod:SkipABeat","floor":4},{"not_picked":["hexamod:GhostflameBarrier","hexamod:NightmareStrike"],"picked":"hexamod:FastForward","floor":6},{"not_picked":["hexamod:InspiringFlames","hexamod:SwordOfDarkness","hexamod:GhostflameBarrier"],"picked":"SKIP","floor":8},{"not_picked":["hexamod:HauntingEcho","hexamod:RainOfEmbers"],"picked":"hexamod:FastForward","floor":10},{"not_picked":["hexamod:HauntingEcho","hexamod:RetreatToShadows"],"picked":"hexamod:FirstSeal","floor":11},{"not_picked":["hexamod:SkipABeat","hexamod:NightmareStrike","hexamod:NecessarySacrifice"],"picked":"SKIP","floor":13},{"not_picked":["hexamod:GhostShield","hexamod:Hexaguard"],"picked":"hexamod:RadiantFlame","floor":14},{"not_picked":["hexamod:SkipABeat","hexamod:NightmareStrike"],"picked":"hexamod:GhostOfSpirePast","floor":15},{"not_picked":["hexamod:GhostflameInferno","hexamod:TimeWarp"],"picked":"hexamod:FifthSeal","floor":16},{"not_picked":["hexamod:FirstSeal","hexamod:FourthSeal"],"picked":"hexamod:SecondSeal","floor":19},{"not_picked":["hexamod:RainOfEmbers+1","hexamod:GhostOfSpirePresent+1"],"picked":"hexamod:GhostOfSpireFuture","floor":19},{"not_picked":["hexamod:FirstSeal","hexamod:SecondSeal"],"picked":"hexamod:ThirdSeal","floor":20},{"not_picked":["hexamod:FastForward","hexamod:SwordOfDarkness","hexamod:GhostLash"],"picked":"SKIP","floor":20}],"player_experience":209751,"relics_obtained":[{"floor":7,"key":"MealTicket"}],"event_choices":[{"damage_healed":0,"gold_gain":0,"player_choice":"Box","damage_taken":0,"relics_obtained":["War Paint"],"max_hp_gain":0,"max_hp_loss":0,"event_name":"Big Fish","floor":2,"gold_loss":0,"cards_obtained":["Regret"]},{"cards_removed":["Regret"],"damage_healed":0,"gold_gain":0,"player_choice":"Took Card","damage_taken":0,"max_hp_gain":0,"max_hp_loss":0,"event_name":"NoteForYourself","floor":5,"gold_loss":0,"cards_obtained":["Iron Wave"]},{"damage_healed":0,"gold_gain":0,"player_choice":"Forge","damage_taken":0,"max_hp_gain":0,"max_hp_loss":0,"event_name":"Accursed Blacksmith","floor":12,"gold_loss":0,"cards_upgraded":["Iron Wave"]}],"is_beta":false,"boss_relics":[{"not_picked":["Calling Bell","Tiny House"],"picked":"Philosopher\u0027s Stone"}],"items_purged_floors":[],"is_endless":false,"potions_floor_spawned":[6,8,13,14,15],"killed_by":"Shelled Parasite and Fungi","ascension_level":0}}