{"host":"8qqctrke4fbvw8wu","time":1609628139,"event":{"mods":["BaseMod","Better Altar","Better Match","Better Note","Better Sensory Stone","Better Skull","Better Third Choice","Colored Map","Colored Powertips","GifTheSpireLib","Highlight Path","Minty Spire (QoL Compilation)","Permanent Neow","Quick Restart","Rare Cards Sparkle","StSLib","everything is the same but u backflip on backflip"],"gold_per_floor":[118,118,37,48,60,60,76,76,100,100,100,110,110,123,123,220,220,230,246,246,99,115,115,30,30,30,43,43,56,56,69,69,169,169,184,184,124,142,161,192,192,210,279,295,305,305,305,305],"floor_reached":47,"playtime":4560,"items_purged":[],"score":476,"play_id":"67474a72-9d0c-4eea-8b70-2c9983af7ed6","local_time":"20210102175539","is_ascension_mode":false,"campfire_choices":[{"data":"Backflip","floor":6,"key":"SMITH"},{"data":"Bouncing Flask","floor":8,"key":"SMITH"},{"data":"Bane","floor":10,"key":"SMITH"},{"floor":13,"key":"REST"},{"data":"Footwork","floor":15,"key":"SMITH"},{"floor":23,"key":"REST"},{"floor":30,"key":"REST"},{"data":"Adrenaline","floor":32,"key":"SMITH"},{"floor":41,"key":"REST"}],"circlet_count":0,"master_deck":["Strike_G","Strike_G","Strike_G","Defend_G","Defend_G","Defend_G","Defend_G","Defend_G","Survivor","Neutralize","Footwork+1","Crippling Poison","Bouncing Flask+1","Backflip+1","Bane+1","Footwork+1","Quick Slash","Adrenaline+1","PiercingWail","Flechettes","Noxious Fumes","All Out Attack","Flying Knee","Backflip+1","Flying Knee","Burst","Distraction+1","Skewer","Poisoned Stab","Bane","Bullet Time","Backflip+1","Deadly Poison","Deadly Poison"],"relics":["Ring of the Serpent","PreservedInsect","Pen Nib","Letter Opener","Enchiridion","Philosopher\u0027s Stone","Darkstone Periapt","InkBottle"],"acts_visited":["Exordium","TheCity","TheBeyond"],"potions_floor_usage":[14,33,45],"damage_taken":[{"damage":0,"enemies":"Small Slimes","floor":1,"turns":4},{"damage":0,"enemies":"Cultist","floor":4,"turns":5},{"damage":0,"enemies":"Jaw Worm","floor":5,"turns":5},{"damage":7,"enemies":"2 Fungi Beasts","floor":7,"turns":6},{"damage":18,"enemies":"Lots of Slimes","floor":12,"turns":6},{"damage":0,"enemies":"Red Slaver","floor":14,"turns":5},{"damage":50,"enemies":"Slime Boss","floor":16,"turns":18},{"damage":2,"enemies":"Shell Parasite","floor":18,"turns":5},{"damage":0,"enemies":"Chosen","floor":19,"turns":5},{"damage":32,"enemies":"Centurion and Healer","floor":22,"turns":7},{"damage":11,"enemies":"Snecko","floor":27,"turns":4},{"damage":0,"enemies":"Chosen and Byrds","floor":29,"turns":6},{"damage":12,"enemies":"Snake Plant","floor":31,"turns":4},{"damage":50,"enemies":"Collector","floor":33,"turns":10},{"damage":0,"enemies":"Orb Walker","floor":35,"turns":4},{"damage":0,"enemies":"3 Shapes","floor":38,"turns":2},{"damage":12,"enemies":"Transient","floor":39,"turns":5},{"damage":28,"enemies":"Nemesis","floor":40,"turns":5},{"damage":19,"enemies":"Spire Growth","floor":42,"turns":5},{"damage":35,"enemies":"Writhing Mass","floor":44,"turns":5},{"damage":3,"enemies":"Maw","floor":45,"turns":7},{"damage":17,"enemies":"Jaw Worm Horde","floor":47,"turns":3}],"seed_played":"4664588139193362422","potions_obtained":[{"floor":4,"key":"Dexterity Potion"},{"floor":12,"key":"AttackPotion"},{"floor":14,"key":"Fruit Juice"},{"floor":19,"key":"ColorlessPotion"},{"floor":27,"key":"GhostInAJar"},{"floor":39,"key":"Strength Potion"},{"floor":40,"key":"CultistPotion"}],"is_trial":false,"path_per_floor":["M","?","$","M","M","R","M","R","T","R","?","M","R","M","R","B",null,"M","M","?","$","M","R","?","$","T","M","?","M","R","M","R","B",null,"M","$","?","M","M","E","R","M","T","M","M","?","M"],"character_chosen":"THE_SILENT","items_purchased":["Crippling Poison","Noxious Fumes","All Out Attack"],"campfire_rested":4,"item_purchase_floors":[3,21,21],"current_hp_per_floor":[77,77,77,77,77,77,70,70,70,70,75,57,81,86,86,36,87,85,85,85,85,53,79,79,79,79,68,52,52,78,66,66,16,87,87,87,87,87,75,47,73,54,54,19,16,16,0,0],"gold":305,"neow_bonus":"TEN_PERCENT_HP_BONUS","is_daily":false,"chose_seed":false,"campfire_upgraded":5,"win_rate":0.0,"timestamp":1609628139,"path_taken":["M","?","$","M","?","R","M","R","T","R","?","M","R","M","R","BOSS","M","M","?","$","?","R","?","?","T","M","?","M","R","M","R","BOSS","M","$","?","M","M","E","R","?","T","M","M","?","M"],"items_purchased_type":["Card","Card","Card"],"build_version":"2020-12-22","purchased_purges":0,"victory":false,"max_hp_per_floor":[77,77,77,77,77,77,77,77,77,77,82,82,82,87,87,87,87,87,87,87,87,87,87,87,87,87,87,87,87,87,87,87,87,87,87,87,87,87,87,87,87,87,87,87,87,87,87,87],"card_choices":[{"not_picked":["Deadly Poison","Well Laid Plans"],"picked":"Footwork","floor":1},{"not_picked":["Eviscerate","Skewer"],"picked":"Bouncing Flask","floor":4},{"not_picked":["Acrobatics","Prepared"],"picked":"Backflip","floor":5},{"not_picked":["Distraction","Masterful Stab"],"picked":"Bane","floor":7},{"not_picked":["Infinite Blades","Bouncing Flask"],"picked":"Footwork","floor":12},{"not_picked":["PiercingWail","Crippling Poison"],"picked":"Quick Slash","floor":14},{"not_picked":["Doppelganger","Malaise"],"picked":"Adrenaline","floor":16},{"not_picked":["Masterful Stab","Dagger Throw"],"picked":"PiercingWail","floor":18},{"not_picked":["Dodge and Roll","Reflex"],"picked":"Flechettes","floor":19},{"not_picked":["Blade Dance","Heel Hook"],"picked":"Flying Knee","floor":22},{"not_picked":["Dagger Spray","Underhanded Strike"],"picked":"Backflip+1","floor":27},{"not_picked":["Well Laid Plans","Riddle With Holes","Malaise"],"picked":"SKIP","floor":29},{"not_picked":["PiercingWail","Eviscerate"],"picked":"Flying Knee","floor":31},{"not_picked":["After Image","Bullet Time"],"picked":"Burst","floor":33},{"not_picked":["Prepared","Bane"],"picked":"Distraction+1","floor":35},{"not_picked":["Acrobatics","Slice+1","Flying Knee"],"picked":"SKIP","floor":38},{"not_picked":["Calculated Gamble","Dodge and Roll+1"],"picked":"Bane","floor":39},{"not_picked":["Crippling Poison","Prepared+1"],"picked":"Bullet Time","floor":40},{"not_picked":["Flying Knee","Caltrops"],"picked":"Backflip+1","floor":42},{"not_picked":["Backflip","Dodge and Roll"],"picked":"Deadly Poison","floor":44},{"not_picked":["Sucker Punch+1","Underhanded Strike"],"picked":"Deadly Poison","floor":45}],"player_experience":24283,"relics_obtained":[{"floor":9,"key":"PreservedInsect"},{"floor":26,"key":"Letter Opener"},{"floor":28,"key":"Enchiridion"},{"floor":40,"key":"Darkstone Periapt"},{"floor":43,"key":"InkBottle"}],"event_choices":[{"damage_healed":0,"gold_gain":0,"player_choice":"Forge","damage_taken":0,"max_hp_gain":0,"max_hp_loss":0,"event_name":"Accursed Blacksmith","floor":2,"gold_loss":0,"cards_upgraded":["Footwork"]},{"damage_healed":0,"gold_gain":0,"player_choice":"Donut","damage_taken":0,"max_hp_gain":5,"max_hp_loss":0,"event_name":"Big Fish","floor":11,"gold_loss":0},{"damage_healed":0,"gold_gain":0,"player_choice":"Ignored","damage_taken":0,"max_hp_gain":0,"max_hp_loss":0,"event_name":"betterNote:BetterNote","floor":20,"gold_loss":0,"cards_obtained":["Defragment"]},{"damage_healed":0,"gold_gain":0,"player_choice":"Obtained Relic","damage_taken":0,"relics_obtained":["Pen Nib"],"max_hp_gain":0,"max_hp_loss":0,"event_name":"Addict","floor":24,"gold_loss":85},{"damage_healed":0,"gold_gain":0,"player_choice":"Obtained Book","damage_taken":16,"max_hp_gain":0,"max_hp_loss":0,"event_name":"Cursed Tome","floor":28,"gold_loss":0},{"damage_healed":0,"gold_gain":0,"cards_transformed":["Strike_G","Strike_G"],"player_choice":"Transformed Cards","damage_taken":0,"max_hp_gain":0,"max_hp_loss":0,"event_name":"Designer","floor":37,"gold_loss":60,"cards_obtained":["Skewer","Poisoned Stab"]},{"damage_healed":0,"gold_gain":0,"player_choice":"Ignored","damage_taken":0,"max_hp_gain":0,"max_hp_loss":0,"event_name":"betterThird:BetterPortal","floor":46,"gold_loss":0}],"is_beta":false,"boss_relics":[{"not_picked":["Sozu","WristBlade"],"picked":"Ring of the Serpent"},{"not_picked":["SacredBark","Busted Crown"],"picked":"Philosopher\u0027s Stone"}],"items_purged_floors":[],"is_endless":false,"potions_floor_spawned":[4,12,14,19,27,31,39,40],"killed_by":"Jaw Worm Horde","ascension_level":0}}