{"host":"my77oq6kb6j47rwl","time":1609630259,"event":{"mods":["BaseMod","Emptier Cage","Ironclad Rager","Minty Spire (QoL Compilation)","Quick Restart","Rare Cards Sparkle","StSLib"],"gold_per_floor":[18,30,30,46,64,96,96,96,96,77,87,99,128,140,140,216,216,232,232,249,259,269,269,297,212,259,290,317,334,368,382,382,458,458,469,469,102,117,137,164,164,177,245,290,290,290],"floor_reached":45,"playtime":9947,"items_purged":[],"score":901,"play_id":"62556707-517b-47d4-967d-37d6a7634db9","local_time":"20210102183059","is_ascension_mode":true,"campfire_choices":[{"data":"Metallicize","floor":7,"key":"SMITH"},{"data":"Rupture","floor":15,"key":"SMITH"},{"floor":23,"key":"REST"},{"floor":32,"key":"REST"},{"floor":41,"key":"REST"}],"circlet_count":0,"master_deck":["AscendersBane","Strike_R","Defend_R","Defend_R","Defend_R+1","Defend_R+1","Bash","Reaper","Searing Blow","Iron Wave","Metallicize+1","Pain","Evolve","Demon Form","Rupture+1","Shrug It Off","Brutality","Spot Weakness","Uppercut","Dark Embrace","Combust","Limit Break","Feel No Pain","Rupture","Demon Form","Metallicize","Wild Strike","Fire Breathing","Fire Breathing","Feed","Power Through","Shame"],"relics":["Burning Blood","WarpedTongs","Mummified Hand","HornCleat","Art of War","Fusion Hammer","Lantern","MealTicket","Oddly Smooth Stone","Bronze Scales","Orichalcum","Bag of Marbles","Cursed Key","Juzu Bracelet","War Paint","Potion Belt","Bottled Flame","Ginger"],"acts_visited":["Exordium","TheCity","TheBeyond"],"potions_floor_usage":[5,6,6,22,42,44],"damage_taken":[{"damage":7,"enemies":"Small Slimes","floor":1,"turns":4},{"damage":1,"enemies":"Cultist","floor":2,"turns":3},{"damage":14,"enemies":"Jaw Worm","floor":4,"turns":5},{"damage":20,"enemies":"Gremlin Gang","floor":5,"turns":6},{"damage":40,"enemies":"Gremlin Nob","floor":6,"turns":7},{"damage":2,"enemies":"Exordium Thugs","floor":10,"turns":4},{"damage":29,"enemies":"Red Slaver","floor":11,"turns":5},{"damage":10,"enemies":"Blue Slaver","floor":12,"turns":4},{"damage":11,"enemies":"Lagavulin","floor":13,"turns":7},{"damage":9,"enemies":"Exordium Wildlife","floor":14,"turns":5},{"damage":26,"enemies":"Slime Boss","floor":16,"turns":6},{"damage":8,"enemies":"Shell Parasite","floor":18,"turns":5},{"damage":26,"enemies":"3 Byrds","floor":20,"turns":6},{"damage":43,"enemies":"Shelled Parasite and Fungi","floor":21,"turns":7},{"damage":49,"enemies":"3 Cultists","floor":22,"turns":6},{"damage":57,"enemies":"Book of Stabbing","floor":24,"turns":6},{"damage":41,"enemies":"Gremlin Leader","floor":27,"turns":6},{"damage":31,"enemies":"Chosen and Byrds","floor":29,"turns":5},{"damage":44,"enemies":"Slavers","floor":30,"turns":6},{"damage":38,"enemies":"Shelled Parasite and Fungi","floor":31,"turns":8},{"damage":87,"enemies":"Collector","floor":33,"turns":8},{"damage":35,"enemies":"3 Shapes","floor":35,"turns":4},{"damage":9,"enemies":"Orb Walker","floor":38,"turns":3},{"damage":37,"enemies":"Maw","floor":39,"turns":7},{"damage":74,"enemies":"Reptomancer","floor":40,"turns":7},{"damage":54,"enemies":"Jaw Worm Horde","floor":42,"turns":6},{"damage":69,"enemies":"2 Orb Walkers","floor":44,"turns":5},{"damage":18,"enemies":"3 Darklings","floor":45,"turns":1}],"seed_played":"-5400705126888466254","potions_obtained":[{"floor":2,"key":"AttackPotion"},{"floor":4,"key":"ColorlessPotion"},{"floor":5,"key":"PowerPotion"},{"floor":10,"key":"SpeedPotion"},{"floor":14,"key":"HeartOfIron"},{"floor":19,"key":"FairyPotion"},{"floor":29,"key":"Strength Potion"},{"floor":40,"key":"Regen Potion"}],"is_trial":false,"path_per_floor":["M","M","?","M","M","E","R","?","T","M","M","M","E","M","R","B",null,"M","?","M","M","M","R","E","?","T","E","T","M","E","M","R","B",null,"M","?","$","M","M","E","R","M","T","?","M"],"character_chosen":"IRONCLAD","items_purchased":["Juzu Bracelet","War Paint","Fire Breathing"],"campfire_rested":3,"item_purchase_floors":[37,37,37],"current_hp_per_floor":[75,80,80,77,75,45,45,45,45,49,44,47,72,80,80,62,76,80,80,67,60,55,79,71,71,71,80,80,69,50,49,73,41,70,79,79,80,77,80,36,60,30,30,11,0,0],"gold":290,"neow_bonus":"TRANSFORM_TWO_CARDS","is_daily":false,"chose_seed":false,"campfire_upgraded":2,"win_rate":0.0,"timestamp":1609630259,"path_taken":["M","M","?","?","M","E","R","?","T","M","M","?","E","M","R","BOSS","M","?","M","?","M","R","E","?","T","E","?","M","E","M","R","BOSS","M","?","$","M","M","E","R","M","T","?","M"],"items_purchased_type":["Relic","Relic","Card"],"build_version":"2020-12-22","purchased_purges":0,"victory":false,"max_hp_per_floor":[80,80,80,80,80,80,80,80,80,80,80,80,80,80,80,80,80,80,80,80,80,80,80,80,80,80,80,80,80,80,80,80,80,80,80,80,80,80,80,80,80,83,83,83,83,83],"card_choices":[{"not_picked":["Perfected Strike","Clothesline"],"picked":"Iron Wave","floor":1},{"not_picked":["Disarm","Cleave"],"picked":"Metallicize","floor":2},{"not_picked":["Battle Trance","Warcry","Wild Strike"],"picked":"SKIP","floor":4},{"not_picked":["Ghostly Armor","Dropkick"],"picked":"Evolve","floor":5},{"not_picked":["Sever Soul","Cleave","Bloodletting"],"picked":"SKIP","floor":6},{"not_picked":["Dropkick","Heavy Blade"],"picked":"Rupture","floor":10},{"not_picked":["Sword Boomerang","Clothesline"],"picked":"Shrug It Off","floor":11},{"not_picked":["Dark Embrace","Thunderclap","Clothesline"],"picked":"SKIP","floor":12},{"not_picked":["Pommel Strike","Cleave"],"picked":"Brutality","floor":13},{"not_picked":["Sentinel","Shrug It Off","Flame Barrier"],"picked":"SKIP","floor":14},{"not_picked":["Flame Barrier","Battle Trance"],"picked":"Spot Weakness","floor":18},{"not_picked":["Iron Wave","Flex"],"picked":"Uppercut","floor":20},{"not_picked":["Flex","Pommel Strike"],"picked":"Dark Embrace","floor":21},{"not_picked":["Seeing Red","Pummel","Anger"],"picked":"SKIP","floor":22},{"not_picked":["Havoc+1","Dark Embrace"],"picked":"Combust","floor":24},{"not_picked":["Pommel Strike","Headbutt"],"picked":"Limit Break","floor":27},{"not_picked":["Armaments","Iron Wave"],"picked":"Feel No Pain","floor":29},{"not_picked":["Spot Weakness","Headbutt","Carnage+1"],"picked":"SKIP","floor":30},{"not_picked":["Uppercut","Wild Strike"],"picked":"Rupture","floor":31},{"not_picked":["Double Tap","Fiend Fire"],"picked":"Demon Form","floor":33},{"not_picked":["Wild Strike+1","Intimidate+1"],"picked":"Metallicize","floor":35},{"not_picked":["Warcry","Searing Blow+1","Perfected Strike"],"picked":"SKIP","floor":38},{"not_picked":["Perfected Strike+1","Body Slam"],"picked":"Fire Breathing","floor":39},{"not_picked":["Pommel Strike","Perfected Strike+1"],"picked":"Feed","floor":40},{"not_picked":["True Grit","Cleave"],"picked":"Power Through","floor":42}],"player_experience":1014432,"relics_obtained":[{"floor":6,"key":"Mummified Hand"},{"floor":9,"key":"HornCleat"},{"floor":13,"key":"Art of War"},{"floor":24,"key":"Lantern"},{"floor":26,"key":"Oddly Smooth Stone"},{"floor":27,"key":"Bronze Scales"},{"floor":28,"key":"Orichalcum"},{"floor":30,"key":"Bag of Marbles"},{"floor":40,"key":"Potion Belt"},{"floor":43,"key":"Bottled Flame"},{"floor":44,"key":"Ginger"}],"event_choices":[{"damage_healed":0,"gold_gain":0,"player_choice":"Rummage","damage_taken":0,"relics_obtained":["WarpedTongs"],"max_hp_gain":0,"max_hp_loss":0,"event_name":"Accursed Blacksmith","floor":3,"gold_loss":0,"cards_obtained":["Pain"]},{"damage_healed":0,"gold_gain":0,"cards_transformed":["Strike_R"],"player_choice":"Transformed","damage_taken":0,"max_hp_gain":0,"max_hp_loss":0,"event_name":"Transmorgrifier","floor":8,"gold_loss":0,"cards_obtained":["Demon Form"]},{"damage_healed":0,"gold_gain":0,"player_choice":"Got Potions","damage_taken":0,"max_hp_gain":0,"max_hp_loss":0,"event_name":"Lab","floor":19,"gold_loss":0},{"damage_healed":0,"gold_gain":0,"player_choice":"Obtained Relic","damage_taken":0,"relics_obtained":["MealTicket"],"max_hp_gain":0,"max_hp_loss":0,"event_name":"Addict","floor":25,"gold_loss":85},{"damage_healed":0,"gold_gain":0,"cards_transformed":["Strike_R"],"player_choice":"Transformed","damage_taken":0,"max_hp_gain":0,"max_hp_loss":0,"event_name":"Transmorgrifier","floor":36,"gold_loss":0,"cards_obtained":["Wild Strike"]},{"damage_healed":0,"gold_gain":0,"player_choice":"Fight","damage_taken":0,"max_hp_gain":0,"max_hp_loss":0,"event_name":"Mysterious Sphere","floor":44,"gold_loss":0}],"is_beta":false,"boss_relics":[{"not_picked":["Pandora\u0027s Box","Empty Cage"],"picked":"Fusion Hammer"},{"not_picked":["Snecko Eye","Velvet Choker"],"picked":"Cursed Key"}],"items_purged_floors":[],"is_endless":false,"potions_floor_spawned":[2,4,5,10,14,20,21,29,33,35,40],"killed_by":"3 Darklings","ascension_level":13}}