{"host":"i3z0gcxurea6197v","time":1609616238,"event":{"mods":["Aspiration","BaseMod","Conspire","Energized Spire","Hubris","Minty Spire (QoL Compilation)","Permanent Neow","Relic Stats","Replay The Spire","Shop Mod","StSLib","SuperFastMode","TheWitcher","Virulent Crown","vexMod"],"gold_per_floor":[127,141,141,165,183,183,220,220,220,70,82,81,87,81,81,171,171,175,275,286,283,286,286,294,294,294,294,333,115,141,47,47,169,169,202,46,46,62,96,96,96,96,123,123,155,179,190,190,190,177],"floor_reached":51,"playtime":3081,"items_purged":["Doubt"],"score":877,"play_id":"155438a5-97c2-43e0-8868-f8fa505b3c35","local_time":"20210103003718","is_ascension_mode":true,"campfire_choices":[{"data":"SnafuTest:MCSuccubusSeduction","floor":6,"key":"SMITH"},{"floor":15,"key":"REST"},{"data":"SnafuTest:CareTaker","floor":23,"key":"SMITH"},{"floor":25,"key":"REST"},{"floor":27,"key":"REST"},{"floor":32,"key":"REST"},{"floor":40,"key":"REST"},{"floor":42,"key":"REST"},{"data":"SnafuTest:PowerBloodLust","floor":44,"key":"SMITH"},{"floor":49,"key":"REST"}],"circlet_count":0,"master_deck":["SnafuTest:DefaultCommonAttack","SnafuTest:DefaultCommonAttack+1","SnafuTest:DefaultCommonAttack","SnafuTest:BountyHunt+1","SnafuTest:DefaultCommonSkill+1","SnafuTest:DefaultCommonSkill","SnafuTest:DefaultCommonSkill","SnafuTest:SignAard","SnafuTest:PayBank","SnafuTest:MCSuccubusSeduction+1","SnafuTest:CareTaker+1","SnafuTest:PowerCrimsonRitual","SnafuTest:OtherWorld","SnafuTest:PowerFireDamnation","SnafuTest:PayArmorSmith+1","SnafuTest:PowerProbingFeint","SnafuTest:SpellIncendiaryShower","SnafuTest:BlackSunReturn","SnafuTest:BombMoonDust","SnafuTest:Offering+1","SnafuTest:DecisiveOpportunity","SnafuTest:Portal","conspire:Banana","SnafuTest:PowerBloodLust+1","SnafuTest:PowerProbingFeint+1","Pot Of Greed","Pot Of Greed","Pot Of Greed","SnafuTest:PayArmorSmith+1"],"relics":["SnafuTest:UnstableMutagenRelic","ReplayTheSpireMod:Ninjato","Replay:Baseball","Boot","Snecko Heart","Juzu Bracelet","vexMod:ConsolationPrize","Replay:Wax Seal","vexMod:InvisibilityCloak","ReplayTheSpireMod:CursedCoin","aspiration:FutureDiary","vexMod:Cooldron","hubris:Icosahedron","Grinning Jar","Blue Doll","Ring of Misfortune","ReplayTheSpireMod:Ring of Addiction","Potion Belt","Chameleon Ring"],"acts_visited":["Exordium","TheCity","TheBeyond"],"potions_floor_usage":[7,8,16,16,21,22,24,24,33,35,45,47,50,50,50,50,50,50,50,50,50,50,50,50,50,50],"damage_taken":[{"damage":0,"enemies":"2 Louse","floor":1,"turns":2},{"damage":6,"enemies":"Cultist","floor":2,"turns":4},{"damage":0,"enemies":"conspire:RoseBush","floor":4,"turns":4},{"damage":7,"enemies":"2 Fungi Beasts","floor":5,"turns":5},{"damage":25,"enemies":"3 Sentries","floor":7,"turns":6},{"damage":0,"enemies":"Lots of Slimes","floor":8,"turns":1},{"damage":9,"enemies":"3 Louse","floor":11,"turns":4},{"damage":3,"enemies":"Replay:BlueRogue","floor":12,"turns":7},{"damage":1,"enemies":"Blue Slaver","floor":13,"turns":7},{"damage":0,"enemies":"Large Slime","floor":14,"turns":8},{"damage":0,"enemies":"Slime Boss","floor":16,"turns":11},{"damage":0,"enemies":"conspire:FuzzyDice","floor":18,"turns":6},{"damage":2,"enemies":"Chosen","floor":20,"turns":4},{"damage":20,"enemies":"Snake Plant","floor":21,"turns":6},{"damage":5,"enemies":"Sentry and Sphere","floor":22,"turns":3},{"damage":24,"enemies":"Slavers","floor":24,"turns":5},{"damage":20,"enemies":"Snecko","floor":28,"turns":5},{"damage":18,"enemies":"Snake Plant","floor":30,"turns":5},{"damage":48,"enemies":"Automaton","floor":33,"turns":12},{"damage":30,"enemies":"3 Darklings","floor":35,"turns":7},{"damage":10,"enemies":"Orb Walker","floor":38,"turns":5},{"damage":35,"enemies":"Writhing Mass","floor":39,"turns":7},{"damage":19,"enemies":"Giant Head","floor":45,"turns":8},{"damage":26,"enemies":"Transient","floor":46,"turns":5},{"damage":0,"enemies":"3 Darklings","floor":47,"turns":3},{"damage":0,"enemies":"Time Eater","floor":50,"turns":5}],"seed_played":"5050716038992935841","potions_obtained":[{"floor":4,"key":"SmokeBomb"},{"floor":5,"key":"PowerPotion"},{"floor":11,"key":"DistilledChaos"},{"floor":12,"key":"Elixir"},{"floor":16,"key":"Reflective Coating"},{"floor":18,"key":"Block Potion"},{"floor":20,"key":"Adrenaline Potion"},{"floor":21,"key":"Toxic Potion"},{"floor":22,"key":"Swift Potion"},{"floor":33,"key":"Weak Potion"},{"floor":35,"key":"CultistPotion"},{"floor":47,"key":"EntropicBrew"},{"floor":48,"key":"EntropicBrew"},{"floor":48,"key":"EntropicBrew"},{"floor":48,"key":"EntropicBrew"}],"is_trial":false,"path_per_floor":["M","M","?","M","M","R","E","M","T","$","M","E","M","M","R","B",null,"M","?","M","M","M","R","E","R","T","R","M","$","M","$","R","B",null,"M","$","?","M","M","R","?","R","T","R","E","M","M","?","R","B",null],"character_chosen":"THE_WITCHER","items_purchased":["SnafuTest:PowerFireDamnation","SnafuTest:PayArmorSmith","Replay:Wax Seal","vexMod:InvisibilityCloak","ReplayTheSpireMod:CursedCoin","conspire:Banana","vexMod:Cooldron"],"campfire_rested":7,"item_purchase_floors":[10,10,29,29,29,31,36],"current_hp_per_floor":[82,76,60,60,53,53,28,28,28,28,19,16,15,15,39,39,82,82,82,80,60,55,55,31,55,55,79,59,59,41,41,65,18,83,54,54,54,45,11,36,36,61,61,61,53,28,28,28,54,55],"gold":177,"neow_bonus":"TEN_PERCENT_HP_BONUS","is_daily":false,"chose_seed":false,"campfire_upgraded":3,"win_rate":0.0,"timestamp":1609616238,"path_taken":["M","M","?","M","M","R","E","M","T","?","M","E","?","M","R","BOSS","M","?","?","M","M","R","E","R","T","R","M","$","M","$","R","BOSS","M","?","?","M","M","R","?","R","T","R","E","M","M","?","R","BOSS"],"items_purchased_type":["Card","Card","Relic","Relic","Relic","Card","Relic"],"build_version":"2020-12-22","purchased_purges":1,"victory":true,"max_hp_per_floor":[82,82,82,82,82,82,82,82,82,82,82,82,82,82,82,82,82,82,82,82,82,82,82,82,82,82,82,82,82,82,82,82,83,83,84,84,84,85,86,86,86,86,86,86,87,88,88,88,88,89],"relic_stats":{"counters":[26,138],"Juzu Bracelet":0,"Boot":[47],"obtain_stats":[{"Potion Belt":48,"SnafuTest:UnstableMutagenRelic":0,"ReplayTheSpireMod:Ninjato":7,"Snecko Heart":17,"ReplayTheSpireMod:CursedCoin":29,"vexMod:ConsolationPrize":26,"ReplayTheSpireMod:Ring of Addiction":48,"Blue Doll":45,"Juzu Bracelet":24,"Boot":12,"vexMod:InvisibilityCloak":29,"Replay:Baseball":9,"vexMod:Cooldron":36,"hubris:Icosahedron":37,"Chameleon Ring":48,"Ring of Misfortune":48,"Replay:Wax Seal":29,"aspiration:FutureDiary":34,"Grinning Jar":43},{"Potion Belt":25,"SnafuTest:UnstableMutagenRelic":0,"ReplayTheSpireMod:Ninjato":5,"Snecko Heart":11,"ReplayTheSpireMod:CursedCoin":17,"vexMod:ConsolationPrize":16,"ReplayTheSpireMod:Ring of Addiction":25,"Blue Doll":23,"Juzu Bracelet":16,"Boot":8,"vexMod:InvisibilityCloak":17,"Replay:Baseball":6,"vexMod:Cooldron":20,"hubris:Icosahedron":20,"Chameleon Ring":25,"Ring of Misfortune":25,"Replay:Wax Seal":17,"aspiration:FutureDiary":19,"Grinning Jar":22},{"Potion Belt":133,"SnafuTest:UnstableMutagenRelic":0,"ReplayTheSpireMod:Ninjato":20,"Snecko Heart":58,"ReplayTheSpireMod:CursedCoin":85,"vexMod:ConsolationPrize":80,"ReplayTheSpireMod:Ring of Addiction":133,"Blue Doll":126,"Juzu Bracelet":80,"Boot":32,"vexMod:InvisibilityCloak":85,"Replay:Baseball":21,"vexMod:Cooldron":108,"hubris:Icosahedron":108,"Chameleon Ring":133,"Ring of Misfortune":133,"Replay:Wax Seal":85,"aspiration:FutureDiary":101,"Grinning Jar":119}]},"card_choices":[{"not_picked":["SnafuTest:UndefeatedNarcissism","SnafuTest:PowerCounterAttack"],"picked":"SnafuTest:PayBank","floor":1},{"not_picked":["SnafuTest:FirstAid","SnafuTest:Shooting"],"picked":"SnafuTest:MCSuccubusSeduction","floor":2},{"not_picked":["SnafuTest:PowerAlwaysAWay","SnafuTest:WitchHunt"],"picked":"SnafuTest:CareTaker","floor":4},{"not_picked":["SnafuTest:MercilessReaper","SnafuTest:BombDancingStar"],"picked":"SnafuTest:PowerCrimsonRitual","floor":5},{"not_picked":["SnafuTest:PayBank","SnafuTest:BattleCry"],"picked":"SnafuTest:OtherWorld","floor":7},{"not_picked":["SnafuTest:SpellDispellingPush","SnafuTest:ExcessiveLevies"],"picked":"SnafuTest:PaySmithWorkshop","floor":11},{"not_picked":["SnafuTest:BoxingChampion","SnafuTest:Kick"],"picked":"SnafuTest:PowerProbingFeint","floor":12},{"not_picked":["SnafuTest:ExcessiveLevies","SnafuTest:ArmoredSortie","SnafuTest:FlashingRaid"],"picked":"SKIP","floor":13},{"not_picked":["SnafuTest:Kick","SnafuTest:QueensGuard"],"picked":"SnafuTest:SpellIncendiaryShower","floor":14},{"not_picked":["SnafuTest:GraveDancingPaleFire","SnafuTest:OtherWorld"],"picked":"SnafuTest:BlackSunReturn","floor":16},{"not_picked":["SnafuTest:DesperateRemediation","SnafuTest:ShoulderSlam","SnafuTest:WitchHunt"],"picked":"SKIP","floor":18},{"not_picked":["SnafuTest:HermitsErudition","SnafuTest:PowerMartialMagical","SnafuTest:Kick"],"picked":"SKIP","floor":20},{"not_picked":["SnafuTest:PowerTrialOfGrasses","SnafuTest:Amputation"],"picked":"SnafuTest:BombMoonDust","floor":21},{"not_picked":["SnafuTest:SignIgni+1","SnafuTest:CalculatingAmbition"],"picked":"SnafuTest:Offering+1","floor":22},{"not_picked":["SnafuTest:PowerHangmenTree","SnafuTest:PowerFireDamnation"],"picked":"SnafuTest:DecisiveOpportunity","floor":24},{"not_picked":["SnafuTest:FirstAid","SnafuTest:SwordDance+1","SnafuTest:SpellTelekinesis"],"picked":"SKIP","floor":28},{"not_picked":["SnafuTest:BombDimeritium","SnafuTest:ShieldUp"],"picked":"SnafuTest:Portal","floor":30},{"not_picked":["SnafuTest:MelitelesCare","SnafuTest:TradeOrTrick"],"picked":"SnafuTest:PowerBloodLust","floor":33},{"not_picked":["SnafuTest:SignAard+1","SnafuTest:PowerAlwaysOnRoads+1"],"picked":"SnafuTest:PowerProbingFeint+1","floor":35},{"not_picked":["SnafuTest:CalculatingAmbition","SnafuTest:ShoulderSlam+1","SnafuTest:SignAxii+1"],"picked":"SKIP","floor":38},{"not_picked":["SnafuTest:PayWeaponSmith","SnafuTest:RecklessBlow+1"],"picked":"SnafuTest:PaySmithWorkshop+1","floor":39},{"not_picked":["SnafuTest:HermitsErudition+1","SnafuTest:Meditation+1","SnafuTest:CareTaker+1"],"picked":"SKIP","floor":45},{"not_picked":["SnafuTest:GetPaid+1","SnafuTest:BombDevilsPuffball"],"picked":"SnafuTest:PayArmorSmith+1","floor":46},{"not_picked":["SnafuTest:SpellTortoise","SnafuTest:DesperateRemediation","SnafuTest:PowerMartialMagical"],"picked":"SKIP","floor":47}],"player_experience":912683,"relics_obtained":[{"floor":7,"key":"ReplayTheSpireMod:Ninjato"},{"floor":9,"key":"Replay:Baseball"},{"floor":12,"key":"Boot"},{"floor":24,"key":"Juzu Bracelet"},{"floor":26,"key":"vexMod:ConsolationPrize"},{"floor":43,"key":"Grinning Jar"},{"floor":45,"key":"Blue Doll"},{"floor":48,"key":"Ring of Misfortune"},{"floor":48,"key":"ReplayTheSpireMod:Ring of Addiction"},{"floor":48,"key":"Potion Belt"},{"floor":48,"key":"Chameleon Ring"}],"event_choices":[{"damage_healed":0,"gold_gain":0,"player_choice":"Entered Light","damage_taken":16,"max_hp_gain":0,"max_hp_loss":0,"event_name":"Shining Light","floor":3,"gold_loss":0,"cards_upgraded":["SnafuTest:DefaultCommonSkill","SnafuTest:DefaultCommonAttack"]},{"damage_healed":0,"gold_gain":100,"player_choice":"Pray","damage_taken":0,"max_hp_gain":0,"max_hp_loss":0,"event_name":"Golden Shrine","floor":19,"gold_loss":0},{"damage_healed":0,"gold_gain":0,"player_choice":"Leave","damage_taken":0,"max_hp_gain":0,"max_hp_loss":0,"event_name":"conspire:Investor","floor":41,"gold_loss":0}],"is_beta":false,"boss_relics":[{"not_picked":["hubris:RunicObelisk","Painkiller Herb"],"picked":"Snecko Heart"},{"not_picked":["SnafuTest:EnergyMutagenRelic","energizedSpire:SpiderWeb"],"picked":"aspiration:FutureDiary"}],"items_purged_floors":[29],"is_endless":false,"potions_floor_spawned":[4,5,11,12,16,18,20,21,22,33,35,47],"ascension_level":1}}