{"host":"1cd1aqaox6jesai3","time":1609577032,"event":{"mods":["Act Like it!","Astrologer","Bartender","BaseMod","Colored Powertips","Downfall","Hallownest","Mimic Mod","Minty Spire (QoL Compilation)","StSLib","The Bug Knight","The Construct","The Factory"],"gold_per_floor":[99,99,99,199,264,297,297,310,310,322,322,348,273,258,271,271,271,271],"floor_reached":16,"playtime":2134,"items_purged":[],"score":106,"play_id":"17cc264a-a216-4e9f-8954-86ca662b9708","local_time":"20210102034352","is_ascension_mode":false,"campfire_choices":[{"data":"champ:Taunt","floor":1,"key":"SMITH"},{"floor":11,"key":"RECALL"},{"floor":13,"key":"DIG"}],"circlet_count":0,"master_deck":["champ:Strike","champ:Strike","champ:Strike","champ:Strike","champ:Defend","champ:Defend","champ:Defend","champ:Defend","champ:Execute","champ:Taunt+1","champ:ShieldWall","champ:DefensiveShout","champ:BladeFlurry","champ:FanOfKnives","champ:BringItOn","champ:FlashCut","champ:CalledShot","champ:RapidStrikes","champ:GladiatorsShout"],"relics":["champ:ChampionCrown","downfall:HeartsMalice","Nunchaku","Bag of Marbles","Bottled Tornado","Shovel","downfall:HeartBlessingRed","Matryoshka"],"acts_visited":["Exordium"],"potions_floor_usage":[15],"damage_taken":[{"damage":0,"enemies":"Cultist","floor":2,"turns":1},{"damage":0,"enemies":"Jaw Worm","floor":3,"turns":1},{"damage":0,"enemies":"3 Sentries","floor":5,"turns":1},{"damage":26,"enemies":"Gremlin Nob","floor":6,"turns":5},{"damage":12,"enemies":"2 Louse","floor":8,"turns":2},{"damage":19,"enemies":"Exordium Thugs","floor":10,"turns":5},{"damage":45,"enemies":"Lagavulin","floor":12,"turns":7},{"damage":15,"enemies":"downfall:FleeingMerchant","floor":14,"turns":4},{"damage":17,"enemies":"Blue Slaver","floor":15,"turns":3},{"damage":38,"enemies":"downfall:Watcher","floor":16,"turns":4}],"seed_played":"-7882825698625518463","potions_obtained":[{"floor":6,"key":"SteroidPotion"},{"floor":8,"key":"CultistPotion"},{"floor":15,"key":"Fruit Juice"}],"is_trial":false,"path_per_floor":["R","M","M","?","?","E","T","M","?","M","R","E","R","$","M","B"],"character_chosen":"THE_CHAMP","items_purchased":[],"campfire_rested":0,"item_purchase_floors":[],"current_hp_per_floor":[90,90,90,90,90,69,69,63,90,71,71,36,36,31,24,0,0,0],"gold":271,"neow_bonus":"THREE_ENEMY_KILL","is_daily":false,"chose_seed":false,"campfire_upgraded":1,"win_rate":0.0,"timestamp":1609577032,"path_taken":["R","?","M","?","?","E","T","M","?","?","R","E","R","?","M","BOSS"],"items_purchased_type":[],"build_version":"2020-12-22","purchased_purges":0,"victory":false,"max_hp_per_floor":[90,90,90,90,90,90,90,90,90,90,90,90,90,90,95,95,95,95],"card_choices":[{"not_picked":["champ:DefensiveStyle","champ:Circumvent"],"picked":"champ:ShieldWall","floor":2},{"not_picked":["champ:TornadoPunch","champ:CrookedStrike"],"picked":"champ:DefensiveShout","floor":3},{"not_picked":["champ:ViciousMockery","champ:HeartStrike"],"picked":"champ:BladeFlurry","floor":5},{"not_picked":["champ:GladiatorStyle","champ:ArenaPreparation"],"picked":"champ:FanOfKnives","floor":6},{"not_picked":["champ:GutPunch","champ:Encircle"],"picked":"champ:BringItOn","floor":8},{"not_picked":["champ:RisingSlash","champ:CrookedStrike"],"picked":"champ:FlashCut","floor":10},{"not_picked":["champ:Haymaker","champ:PerfectForm"],"picked":"champ:CalledShot","floor":12},{"not_picked":["champ:AdrenalArmor","champ:GladiatorsShout"],"picked":"champ:RapidStrikes","floor":14},{"not_picked":["champ:CrookedStrike","champ:AdrenalArmor"],"picked":"champ:GladiatorsShout","floor":15}],"player_experience":140640,"relics_obtained":[{"floor":5,"key":"Nunchaku"},{"floor":6,"key":"Bag of Marbles"},{"floor":7,"key":"Bottled Tornado"},{"floor":12,"key":"Shovel"},{"floor":13,"key":"Matryoshka"}],"event_choices":[{"damage_healed":27,"gold_gain":0,"player_choice":"Full Heal","damage_taken":0,"max_hp_gain":0,"max_hp_loss":0,"event_name":"Wheel of Change","floor":9,"gold_loss":0}],"is_beta":false,"boss_relics":[],"items_purged_floors":[],"is_endless":false,"potions_floor_spawned":[6,8,15],"killed_by":"downfall:Watcher","ascension_level":0}}