{"host":"ifw7cdx76lcpw3w9","time":1609570605,"event":{"mods":["AchievementEnabler","Act Like it!","BaseMod","Duelist Mod","Friendly Minions","Minty Spire (QoL Compilation)","StSLib"],"gold_per_floor":[136,136,86,7,21,21,50,50,77,106,106,149,173,196,196,315,315,328,22,22,45,70,104,104,179,179,202,221,221,264,303,303,422,422,436,456,456,471,487,487,487],"floor_reached":40,"playtime":5199,"items_purged":["theDuelist:CastleWalls"],"score":819,"play_id":"c5dfe580-aa7f-4b41-a45a-ffa89875cc4e","local_time":"20210101235645","is_ascension_mode":true,"campfire_choices":[{"data":"theDuelist:BlizzardPrincess","floor":6,"key":"SMITH"},{"data":"theDuelist:TimeWizard","floor":15,"key":"SMITH"},{"data":"theDuelist:MagiciansRod","floor":24,"key":"SMITH"},{"data":"theDuelist:RainbowKuriboh","floor":32,"key":"SMITH"}],"circlet_count":0,"master_deck":["AscendersBane","theDuelist:DarkMagician","theDuelist:MysticalElf","theDuelist:MysticalElf","theDuelist:NeoMagic","theDuelist:NeoMagic","theDuelist:Sparks","theDuelist:Sparks","theDuelist:Sparks","theDuelist:WaterOrbCard","theDuelist:BlizzardPrincess+1","theDuelist:Fissure","theDuelist:TimeWizard+1","theDuelist:ExodiaRA","theDuelist:RainbowKuriboh+1","theDuelist:Hinotama","theDuelist:IcyCrevasse+1","theDuelist:RainbowMagician","theDuelist:ExodiaLL","theDuelist:MagiciansRod+1","theDuelist:BookSecret","theDuelist:WhiteHowling+1","theDuelist:StatueAnguishPattern+1","theDuelist:ExodiaLA","theDuelist:ExodiaNecross+1","theDuelist:InfernoFireBlast+3","theDuelist:ExodiaRL"],"relics":["theDuelist:MillenniumPuzzle","theDuelist:CardPoolRelic","theDuelist:CardPoolBasicRelic","theDuelist:BoosterPackPoolRelic","theDuelist:CardPoolAddRelic","theDuelist:CardPoolMinusRelic","theDuelist:CardPoolSaveRelic","theDuelist:CardPoolOptionsRelic","NeowsBlessing","Snake Skull","theDuelist:BoosterPackTrapEgg","Golden Idol","theDuelist:ResummonBranch","Cursed Key","TwistedFunnel","Turnip","Enchiridion","Red Mask","Strawberry","HoveringKite"],"acts_visited":["Exordium","TheCity","TheBeyond"],"potions_floor_usage":[],"damage_taken":[{"damage":0,"enemies":"Small Slimes","floor":1,"turns":1},{"damage":0,"enemies":"Jaw Worm","floor":5,"turns":1},{"damage":0,"enemies":"3 Sentries","floor":7,"turns":1},{"damage":2,"enemies":"Lagavulin","floor":10,"turns":7},{"damage":0,"enemies":"3 Sentries","floor":12,"turns":5},{"damage":0,"enemies":"Cultist","floor":13,"turns":3},{"damage":11,"enemies":"Large Slime","floor":14,"turns":5},{"damage":9,"enemies":"The Guardian","floor":16,"turns":12},{"damage":0,"enemies":"Chosen","floor":18,"turns":3},{"damage":0,"enemies":"3 Byrds","floor":21,"turns":3},{"damage":8,"enemies":"Centurion and Healer","floor":22,"turns":8},{"damage":0,"enemies":"Book of Stabbing","floor":23,"turns":7},{"damage":0,"enemies":"Cultist and Chosen","floor":27,"turns":6},{"damage":0,"enemies":"Snecko","floor":28,"turns":5},{"damage":1,"enemies":"Masked Bandits","floor":30,"turns":5},{"damage":4,"enemies":"theDuelist:KaibaA2","floor":31,"turns":4},{"damage":41,"enemies":"Collector","floor":33,"turns":8},{"damage":3,"enemies":"3 Shapes","floor":35,"turns":3},{"damage":20,"enemies":"3 Darklings","floor":36,"turns":5},{"damage":13,"enemies":"Spire Growth","floor":38,"turns":4},{"damage":12,"enemies":"Jaw Worm Horde","floor":39,"turns":5},{"damage":23,"enemies":"Nemesis","floor":40,"turns":3}],"seed_played":"5649093080403522032","potions_obtained":[{"floor":5,"key":"SpeedPotion"},{"floor":7,"key":"theDuelist:TokenPotionB"},{"floor":16,"key":"Energy Potion"},{"floor":21,"key":"theDuelist:MillenniumElixir"},{"floor":33,"key":"theDuelist:CoolBottle"}],"is_trial":false,"path_per_floor":["M","?","?","$","M","R","E","?","T","E","?","E","M","M","R","B",null,"M","$","?","M","M","E","R","?","T","M","M","?","?","E","R","B",null,"M","M","?","M","M","E"],"character_chosen":"THE_DUELIST","items_purchased":["theDuelist:BlizzardPrincess","theDuelist:MagiciansRod","TwistedFunnel"],"campfire_rested":0,"item_purchase_floors":[4,19,19],"current_hp_per_floor":[72,77,77,77,77,77,77,70,70,68,68,68,68,57,57,48,71,71,71,71,71,63,63,63,56,56,56,56,40,39,42,42,1,65,62,42,42,29,17,0,0],"gold":487,"neow_bonus":"THREE_ENEMY_KILL","is_daily":false,"chose_seed":false,"campfire_upgraded":4,"win_rate":0.0,"timestamp":1609570605,"path_taken":["M","?","?","?","M","R","E","?","T","E","?","E","M","M","R","BOSS","M","$","?","M","M","E","R","?","T","?","M","?","?","E","R","BOSS","M","M","?","M","M","E"],"items_purchased_type":["Card","Card","Relic"],"build_version":"2020-12-22","purchased_purges":1,"victory":false,"max_hp_per_floor":[80,85,85,85,85,85,85,85,85,85,79,79,79,79,79,79,79,79,79,79,79,79,79,79,79,79,79,79,79,79,86,86,86,86,86,86,86,86,86,86,86],"card_choices":[{"not_picked":["theDuelist:AlienOrbCard","theDuelist:MistOrbCard"],"picked":"theDuelist:WaterOrbCard","floor":1},{"not_picked":["theDuelist:MillenniumGolem","theDuelist:DarkHole"],"picked":"theDuelist:Fissure","floor":5},{"not_picked":["theDuelist:MagiciansRobe","theDuelist:InariFire"],"picked":"theDuelist:TimeWizard","floor":7},{"not_picked":["theDuelist:SpiritHarp","theDuelist:BlizzardWarrior"],"picked":"theDuelist:ExodiaRA","floor":10},{"not_picked":["theDuelist:GreyGreedOni","theDuelist:RainbowOverdragon"],"picked":"theDuelist:RainbowKuriboh","floor":12},{"not_picked":["theDuelist:MudGolem","theDuelist:RainbowOverdragon"],"picked":"theDuelist:Hinotama","floor":13},{"not_picked":["theDuelist:OnslaughtFireKings","theDuelist:GeminiElf"],"picked":"theDuelist:IcyCrevasse+1","floor":14},{"not_picked":["theDuelist:IrisEarthMother","theDuelist:RainbowKuriboh"],"picked":"theDuelist:RainbowMagician","floor":16},{"not_picked":["theDuelist:InjectionFairy","theDuelist:DarkMagicianGirl+1"],"picked":"theDuelist:ExodiaLL","floor":18},{"not_picked":["theDuelist:FairyBox+1","theDuelist:GiantTrunade"],"picked":"theDuelist:BookSecret","floor":21},{"not_picked":["theDuelist:AltarTribute+1","theDuelist:Graverobber+1"],"picked":"theDuelist:WhiteHowling+1","floor":22},{"not_picked":["theDuelist:EvilswarmHeliotrope","theDuelist:GraniteLoyalist","theDuelist:HeavyStorm"],"picked":"SKIP","floor":23},{"not_picked":["theDuelist:ShadowOrbCard","theDuelist:SmokeOrbCard","theDuelist:PlasmaOrbCard"],"picked":"SKIP","floor":27},{"not_picked":["theDuelist:BlueBloodedOni+1","theDuelist:GreenGraveOni","theDuelist:RedHeadedOni"],"picked":"SKIP","floor":28},{"not_picked":["theDuelist:MagiciansRod","theDuelist:TimeWizard+1","theDuelist:WonderWand"],"picked":"theDuelist:StatueAnguishPattern+1","floor":30},{"not_picked":["theDuelist:SangaThunder","theDuelist:CrystalWingDragon+1"],"picked":"theDuelist:ExodiaLA","floor":31},{"not_picked":["theDuelist:ThousandEyesRestrict","theDuelist:IceQueen+1"],"picked":"theDuelist:ExodiaNecross+1","floor":33},{"not_picked":["theDuelist:Hinotama","theDuelist:WhiteHowling+1","theDuelist:StatueAnguishPattern+1"],"picked":"SKIP","floor":35},{"not_picked":["theDuelist:CallAtlanteans","theDuelist:PowerKaishin"],"picked":"theDuelist:InfernoFireBlast+3","floor":36},{"not_picked":["theDuelist:OnslaughtFireKings+1","theDuelist:PowerKaishin+1"],"picked":"theDuelist:ExodiaRL","floor":38},{"not_picked":["theDuelist:SilentDoom","theDuelist:GiantTrunade","theDuelist:SpellShatteringArrow"],"picked":"SKIP","floor":39}],"player_experience":177417,"relics_obtained":[{"floor":7,"key":"Snake Skull"},{"floor":10,"key":"theDuelist:BoosterPackTrapEgg"},{"floor":12,"key":"theDuelist:ResummonBranch"},{"floor":23,"key":"Turnip"},{"floor":29,"key":"Enchiridion"},{"floor":30,"key":"Red Mask"},{"floor":31,"key":"Strawberry"}],"event_choices":[{"damage_healed":0,"gold_gain":0,"player_choice":"Donut","damage_taken":0,"max_hp_gain":5,"max_hp_loss":0,"event_name":"Big Fish","floor":2,"gold_loss":0},{"cards_removed":["theDuelist:DinnerParty"],"damage_healed":0,"gold_gain":0,"player_choice":"Card Removal","damage_taken":0,"max_hp_gain":0,"max_hp_loss":0,"event_name":"The Cleric","floor":3,"gold_loss":50},{"cards_removed":["theDuelist:CastleWalls"],"damage_healed":0,"gold_gain":0,"player_choice":"Card Removal","damage_taken":7,"max_hp_gain":0,"max_hp_loss":0,"event_name":"Golden Wing","floor":8,"gold_loss":0},{"damage_healed":0,"gold_gain":0,"player_choice":"Lose Max HP","damage_taken":0,"relics_obtained":["Golden Idol"],"max_hp_gain":0,"max_hp_loss":6,"event_name":"Golden Idol","floor":11,"gold_loss":0},{"damage_healed":0,"gold_gain":0,"player_choice":"Ignored","damage_taken":0,"max_hp_gain":0,"max_hp_loss":0,"event_name":"Ghosts","floor":20,"gold_loss":0},{"damage_healed":0,"gold_gain":75,"player_choice":"Touch","damage_taken":7,"max_hp_gain":0,"max_hp_loss":0,"event_name":"FaceTrader","floor":25,"gold_loss":0},{"damage_healed":0,"gold_gain":0,"player_choice":"Obtained Book","damage_taken":16,"max_hp_gain":0,"max_hp_loss":0,"event_name":"Cursed Tome","floor":29,"gold_loss":0},{"damage_healed":0,"gold_gain":0,"player_choice":"Fought Bandits","damage_taken":0,"max_hp_gain":0,"max_hp_loss":0,"event_name":"Masked Bandits","floor":30,"gold_loss":0},{"damage_healed":0,"gold_gain":0,"player_choice":"Got Potions","damage_taken":0,"max_hp_gain":0,"max_hp_loss":0,"event_name":"Lab","floor":37,"gold_loss":0}],"is_beta":false,"boss_relics":[{"not_picked":["Empty Cage","theDuelist:ElectricKey"],"picked":"Cursed Key"},{"not_picked":["Black Star","Philosopher\u0027s Stone"],"picked":"HoveringKite"}],"items_purged_floors":[19],"is_endless":false,"potions_floor_spawned":[5,7,16,21,22,30,31,33,36,38,39],"killed_by":"Nemesis","ascension_level":10}}