{"host":"jpcy2bclvs7juczu","time":1609557778,"event":{"mods":["AchievementEnabler","Alarm Clock","BaseMod","Block Reminder","Colored Map","Colored Powertips","Curses Come First","Filter the Spire","Minty Spire (QoL Compilation)","Quick Restart","RNG Fix","Relic Stats","StSLib","everything is the same but u backflip on backflip","ojb\u0027s Better Paths Mod","ojb\u0027s Info Mod","slay the spire mod where everything is the same but ironclad has a cowboy hat"],"gold_per_floor":[119,132,132,145,155,180,200,218,218,237,165,175,175,12,12,86,86,97,111,70,0,0,0,0,0,0],"floor_reached":25,"playtime":1622,"items_purged":[],"score":410,"play_id":"4a4ac960-aa45-495e-809d-d96deaa08f5c","local_time":"20210102032258","is_ascension_mode":true,"campfire_choices":[{"floor":13.0,"key":"REST"},{"data":"All Out Attack","floor":15.0,"key":"SMITH"},{"data":"Ghostly","floor":23.0,"key":"SMITH"}],"circlet_count":0,"master_deck":["AscendersBane","Strike_G","Strike_G","Strike_G","Strike_G","Strike_G","Defend_G","Defend_G","Defend_G","Defend_G","Defend_G","Survivor","Neutralize","Poisoned Stab","Prepared","Bane","All Out Attack+1","Choke","Die Die Die","Masterful Stab","Quick Slash","Outmaneuver","PiercingWail","Crippling Poison","Ghostly+1","Ghostly","Ghostly"],"relics":["HoveringKite","FossilizedHelix","Frozen Egg 2","Lee\u0027s Waffle","SlaversCollar"],"acts_visited":["Exordium","TheCity"],"potions_floor_usage":[25,25],"damage_taken":[{"damage":18.0,"enemies":"Jaw Worm","floor":1.0,"turns":6.0},{"damage":2.0,"enemies":"Small Slimes","floor":2.0,"turns":5.0},{"damage":1.0,"enemies":"Cultist","floor":4.0,"turns":4.0},{"damage":19.0,"enemies":"Lots of Slimes","floor":5.0,"turns":6.0},{"damage":20.0,"enemies":"Lagavulin","floor":6.0,"turns":5.0},{"damage":15.0,"enemies":"Exordium Thugs","floor":7.0,"turns":5.0},{"damage":0.0,"enemies":"Looter","floor":8.0,"turns":3.0},{"damage":0.0,"enemies":"Blue Slaver","floor":10.0,"turns":2.0},{"damage":4.0,"enemies":"Exordium Thugs","floor":12.0,"turns":4.0},{"damage":48.0,"enemies":"Slime Boss","floor":16.0,"turns":14.0},{"damage":14.0,"enemies":"2 Thieves","floor":18.0,"turns":4.0},{"damage":29.0,"enemies":"Spheric Guardian","floor":19.0,"turns":6.0},{"damage":28,"enemies":"Gremlin Leader","floor":25,"turns":7}],"seed_played":"-2663215221087200103","potions_obtained":[{"floor":4.0,"key":"CunningPotion"},{"floor":5.0,"key":"Poison Potion"},{"floor":7.0,"key":"BlessingOfTheForge"},{"floor":8.0,"key":"LiquidBronze"},{"floor":18.0,"key":"LiquidBronze"}],"is_trial":false,"path_per_floor":["M","M","?","M","M","E","M","M","T","M","?","M","R","$","R","B",null,"M","M","$","?","?","R","$","E"],"character_chosen":"THE_SILENT","items_purchased":["Lee\u0027s Waffle","Crippling Poison"],"campfire_rested":1,"item_purchase_floors":[14,20],"current_hp_per_floor":[41,39,61,60,41,21,6,6,6,6,6,2,21,73,73,25,61,47,18,18,18,18,18,18,0,0],"gold":0,"neow_bonus":"BOSS_RELIC","is_daily":false,"chose_seed":false,"campfire_upgraded":2,"win_rate":0.0,"timestamp":1609557778,"path_taken":["M","M","?","M","M","E","M","M","T","M","?","M","R","?","R","BOSS","M","M","$","?","?","R","$","E"],"items_purchased_type":["Relic","Card"],"build_version":"2020-12-22","purchased_purges":0,"victory":false,"max_hp_per_floor":[66,66,66,66,66,66,66,66,66,66,66,66,66,73,73,73,73,73,73,73,73,36,36,36,36,36],"relic_stats":{"Lee\u0027s Waffle":52,"counters":[13,71],"HoveringKite":[30],"obtain_stats":[{"SlaversCollar":17,"Lee\u0027s Waffle":14,"HoveringKite":0,"Frozen Egg 2":9,"FossilizedHelix":6,"Ring of the Snake":0},{"SlaversCollar":10,"Lee\u0027s Waffle":9,"HoveringKite":0,"Frozen Egg 2":7,"FossilizedHelix":5,"Ring of the Snake":0},{"SlaversCollar":54,"Lee\u0027s Waffle":40,"HoveringKite":0,"Frozen Egg 2":34,"FossilizedHelix":26,"Ring of the Snake":0}]},"card_choices":[{"not_picked":["Bane","Sucker Punch"],"picked":"Poisoned Stab","floor":1.0},{"not_picked":["Cloak And Dagger","Calculated Gamble"],"picked":"Prepared","floor":2.0},{"not_picked":["Underhanded Strike","Deadly Poison"],"picked":"Bane","floor":4.0},{"not_picked":["Flechettes","Dodge and Roll"],"picked":"All Out Attack","floor":5.0},{"not_picked":["PiercingWail","Dodge and Roll"],"picked":"Choke","floor":6.0},{"not_picked":["Masterful Stab","Dash"],"picked":"Die Die Die","floor":7.0},{"not_picked":["Acrobatics","Expertise"],"picked":"Masterful Stab","floor":8.0},{"not_picked":["Prepared","Riddle With Holes","Flechettes"],"picked":"SKIP","floor":10.0},{"not_picked":["Backflip","Dagger Spray"],"picked":"Quick Slash","floor":12.0},{"not_picked":["Blade Dance","Dagger Spray"],"picked":"Outmaneuver","floor":18.0},{"not_picked":["Escape Plan+1","Heel Hook"],"picked":"PiercingWail","floor":19.0}],"player_experience":430172,"relics_obtained":[{"floor":6.0,"key":"FossilizedHelix"},{"floor":9.0,"key":"Frozen Egg 2"}],"event_choices":[{"damage_healed":22.0,"max_hp_gain":0.0,"max_hp_loss":0.0,"gold_gain":0.0,"event_name":"Big Fish","player_choice":"Banana","floor":3.0,"gold_loss":0.0,"damage_taken":0.0},{"damage_healed":0.0,"max_hp_gain":0.0,"max_hp_loss":0.0,"gold_gain":0.0,"event_name":"World of Goop","player_choice":"Left Gold","floor":11.0,"gold_loss":72.0,"damage_taken":0.0},{"damage_healed":0.0,"max_hp_gain":0.0,"max_hp_loss":0.0,"gold_gain":0.0,"event_name":"Masked Bandits","player_choice":"Paid Fearfully","floor":21.0,"gold_loss":70.0,"damage_taken":0.0},{"damage_healed":0.0,"max_hp_gain":0.0,"max_hp_loss":37.0,"gold_gain":0.0,"event_name":"Ghosts","player_choice":"Became a Ghost","floor":22.0,"gold_loss":0.0,"damage_taken":0.0,"cards_obtained":["Ghostly","Ghostly","Ghostly"]}],"is_beta":false,"boss_relics":[{"not_picked":["Snecko Eye","WristBlade"],"picked":"SlaversCollar"}],"items_purged_floors":[],"is_endless":false,"potions_floor_spawned":[4,5,7,8,18],"killed_by":"Gremlin Leader","ascension_level":20}}