{"host":"xumidyqji6pg2yy3","time":1609607262,"event":{"mods":["BaseMod","Highlight Path","Minty Spire (QoL Compilation)","StSLib","The Marked","≤–¡Ù÷ÆŒÔ"],"gold_per_floor":[116,116,116,116,41,41,71,71,139,157,57,77,91,102,102,201,201,221,239,114,134,57,57,71,71,71,71,71,88,88,99,99,203,203,221,233,246,246,296,296,308,308,308,308,327,327,327],"floor_reached":46,"playtime":1874,"items_purged":["theMarked:Strike","theMarked:Defend","theMarked:Defend"],"score":447,"play_id":"1744cf45-85bb-41ca-87f1-fb0a090e95f3","local_time":"20210103010742","is_ascension_mode":false,"campfire_choices":[{"data":"theMarked:SoldierOfQuellstein","floor":6.0,"key":"SMITH"},{"data":"theMarked:ParalyzingBlade","floor":8.0,"key":"SMITH"},{"data":"theMarked:ParalyzingBlade","floor":15.0,"key":"SMITH"},{"data":"theMarked:ElementalBlade","floor":23.0,"key":"SMITH"},{"floor":25.0,"key":"REST"},{"data":"theMarked:SoldierForm","floor":27.0,"key":"SMITH"},{"floor":32.0,"key":"REST"},{"data":"theMarked:EmpowerWeapon","floor":40.0,"key":"SMITH"},{"floor":42,"key":"REST"}],"circlet_count":0,"master_deck":["theMarked:Strike+1","theMarked:Strike+1","theMarked:Defend","theMarked:Defend","theMarked:SoldierOfQuellstein+1","theMarked:ParalyzingBlade+1","theMarked:ParalyzingBlade+1","theMarked:BindingBlade","theMarked:SoldierForm+1","theMarked:EmpowerWeapon+1","theMarked:ElementalBlade+1","theMarked:FavorableWinds","Flash of Steel","theMarked:Challenge","Regret"],"relics":["theMarked:ArtifactOfAir","NeowsBlessing","Whetstone","InkBottle","Velvet Choker","Cursed Key","Girya","Bottled Lightning","Potion Belt"],"acts_visited":["Exordium","TheCity","TheBeyond"],"potions_floor_usage":[],"damage_taken":[{"damage":0.0,"enemies":"2 Louse","floor":1.0,"turns":1.0},{"damage":0.0,"enemies":"Lagavulin","floor":7.0,"turns":1.0},{"damage":0.0,"enemies":"Jaw Worm","floor":10.0,"turns":1.0},{"damage":0.0,"enemies":"Small Slimes","floor":12.0,"turns":3.0},{"damage":0.0,"enemies":"Gremlin Gang","floor":13.0,"turns":4.0},{"damage":6.0,"enemies":"Exordium Wildlife","floor":14.0,"turns":3.0},{"damage":11.0,"enemies":"The Guardian","floor":16.0,"turns":6.0},{"damage":19.0,"enemies":"2 Thieves","floor":18.0,"turns":3.0},{"damage":0.0,"enemies":"Chosen","floor":19.0,"turns":3.0},{"damage":15.0,"enemies":"Shelled Parasite and Fungi","floor":21.0,"turns":3.0},{"damage":29.0,"enemies":"Centurion and Healer","floor":24.0,"turns":4.0},{"damage":13.0,"enemies":"3 Cultists","floor":29.0,"turns":4.0},{"damage":3.0,"enemies":"Snake Plant","floor":31.0,"turns":2.0},{"damage":38.0,"enemies":"Automaton","floor":33.0,"turns":5.0},{"damage":7.0,"enemies":"3 Shapes","floor":35.0,"turns":3.0},{"damage":9.0,"enemies":"Orb Walker","floor":36.0,"turns":3.0},{"damage":8.0,"enemies":"Jaw Worm Horde","floor":37.0,"turns":3.0},{"damage":0.0,"enemies":"Mind Bloom Boss Battle","floor":39.0,"turns":3.0},{"damage":43,"enemies":"Writhing Mass","floor":41,"turns":4},{"damage":14,"enemies":"4 Shapes","floor":45,"turns":4},{"damage":22,"enemies":"Reptomancer","floor":46,"turns":3}],"seed_played":"1010964288098062373","potions_obtained":[{"floor":1.0,"key":"Energy Potion"},{"floor":10.0,"key":"theMarked:ChargePotion"},{"floor":12.0,"key":"Explosive Potion"},{"floor":13.0,"key":"Fruit Juice"},{"floor":18.0,"key":"PlaceholderMod:PlaceholderPotion"},{"floor":19.0,"key":"AttackPotion"},{"floor":29.0,"key":"SneckoOil"},{"floor":35.0,"key":"Weak Potion"},{"floor":36.0,"key":"Ancient Potion"},{"floor":45,"key":"Block Potion"}],"is_trial":false,"path_per_floor":["M","?","?","?","$","R","E","R","T","M","$","M","M","M","R","B",null,"M","M","$","M","$","R","M","R","T","R","$","M","?","M","R","B",null,"M","M","M","?","?","R","M","R","T","?","M","E"],"character_chosen":"THE_DEFAULT","items_purchased":["theMarked:ElementalBlade"],"campfire_rested":3,"item_purchase_floors":[22],"current_hp_per_floor":[70,63,63,68,68,68,68,68,68,68,68,68,68,62,62,51,75,61,61,61,46,46,46,17,41,41,41,41,28,28,25,49,11,80,73,64,56,56,56,56,13,35,35,35,21,0,0],"gold":327,"neow_bonus":"THREE_ENEMY_KILL","is_daily":false,"chose_seed":false,"campfire_upgraded":6,"win_rate":0.0,"timestamp":1609607262,"path_taken":["M","?","?","?","$","R","E","R","T","M","$","M","M","M","R","BOSS","M","M","$","M","$","R","M","R","T","R","$","M","?","?","R","BOSS","M","M","M","?","?","R","M","R","T","?","?","E"],"items_purchased_type":["Card"],"build_version":"2020-12-22","purchased_purges":3,"victory":false,"max_hp_per_floor":[70,70,70,75,75,75,75,75,75,75,75,75,75,75,75,75,75,80,80,80,80,80,80,80,80,80,80,80,80,80,80,80,80,80,80,80,80,76,76,76,76,76,76,76,76,76,76],"card_choices":[{"not_picked":["theMarked:Overthink","theMarked:Static"],"picked":"theMarked:ParalyzingBlade","floor":1.0},{"not_picked":["theMarked:CreepingChasm","theMarked:Electrocute","theMarked:TunnelVision"],"picked":"SKIP","floor":7.0},{"not_picked":["theMarked:Aftermath","theMarked:ParalyzingBlade","theMarked:KeepCalmAndFightOn"],"picked":"SKIP","floor":10.0},{"not_picked":["theMarked:Aftermath","theMarked:KeepCalmAndFightOn"],"picked":"theMarked:ParalyzingBlade","floor":10.0},{"not_picked":["theMarked:ResourceFulStrike","theMarked:CreepingChasm","theMarked:ContemptForTheProud"],"picked":"SKIP","floor":12.0},{"not_picked":["theMarked:Frustration","theMarked:ContemptForTheProud","theMarked:HeightenedSenses"],"picked":"SKIP","floor":13.0},{"not_picked":["theMarked:HeightenedSenses","theMarked:EmpowerWeapon"],"picked":"theMarked:BindingBlade","floor":14.0},{"not_picked":["theMarked:BindingBlade","theMarked:Challenge"],"picked":"theMarked:SoldierForm","floor":16.0},{"not_picked":["theMarked:RepellingDischarge+1","theMarked:Parry","theMarked:SwordAndMagic"],"picked":"SKIP","floor":18.0},{"not_picked":["theMarked:HeightenedSenses+1","theMarked:Parkour","theMarked:LightningStrikesTwice+1"],"picked":"SKIP","floor":19.0},{"not_picked":["theMarked:ContemptForTheProud","theMarked:TakeCover+1"],"picked":"theMarked:EmpowerWeapon","floor":21.0},{"not_picked":["theMarked:HeritageOfTheMarked","theMarked:Aftermath+1","theMarked:Frustration"],"picked":"SKIP","floor":24.0},{"not_picked":["theMarked:Improvise","theMarked:TunnelVision","theMarked:Seal"],"picked":"SKIP","floor":29.0},{"not_picked":["theMarked:ComboAttacks","theMarked:Aftermath+1","theMarked:Static"],"picked":"SKIP","floor":31.0},{"not_picked":["theMarked:Vacuum","theMarked:MuscleMemory"],"picked":"theMarked:Challenge","floor":33.0},{"not_picked":["theMarked:DeterminationOfTheMarked","theMarked:Parry","theMarked:LightningStrikesTwice+1"],"picked":"SKIP","floor":35.0},{"not_picked":["theMarked:Frustration+1","theMarked:HeightenedSenses+1","theMarked:SwordAndMagic"],"picked":"SKIP","floor":36.0},{"not_picked":["theMarked:MaelstromOfLightning","theMarked:ChainLightning+1","theMarked:FavorableWinds"],"picked":"SKIP","floor":37.0},{"not_picked":["theMarked:Reabsorb+1","theMarked:SwordAndMagic","theMarked:EnhanceMovement"],"picked":"SKIP","floor":41},{"not_picked":["theMarked:Indomitable","theMarked:Frustration","theMarked:HeightenedSenses"],"picked":"SKIP","floor":45}],"player_experience":53761,"relics_obtained":[{"floor":7.0,"key":"Whetstone"},{"floor":9.0,"key":"InkBottle"},{"floor":39.0,"key":"Girya"},{"floor":43,"key":"Bottled Lightning"},{"floor":44,"key":"Potion Belt"}],"event_choices":[{"cards_removed":["theMarked:Strike"],"damage_healed":0.0,"max_hp_gain":0.0,"max_hp_loss":0.0,"gold_gain":0.0,"event_name":"Golden Wing","player_choice":"Card Removal","floor":2.0,"gold_loss":0.0,"damage_taken":7.0},{"cards_removed":["theMarked:Strike"],"damage_healed":0.0,"max_hp_gain":0.0,"max_hp_loss":0.0,"gold_gain":0.0,"event_name":"Living Wall","player_choice":"Forget","floor":3.0,"gold_loss":0.0,"damage_taken":0.0},{"damage_healed":0.0,"max_hp_gain":5.0,"max_hp_loss":0.0,"gold_gain":0.0,"event_name":"Big Fish","player_choice":"Donut","floor":4.0,"gold_loss":0.0,"damage_taken":0.0},{"damage_healed":0.0,"max_hp_gain":0.0,"max_hp_loss":0.0,"gold_gain":0.0,"event_name":"Match and Keep!","player_choice":"2 cards matched","floor":30.0,"gold_loss":0.0,"damage_taken":0.0,"cards_obtained":["theMarked:FavorableWinds","Flash of Steel"]},{"damage_healed":0.0,"max_hp_gain":0.0,"max_hp_loss":4.0,"gold_gain":0.0,"event_name":"Winding Halls","player_choice":"Max HP","floor":38.0,"gold_loss":0.0,"damage_taken":0.0},{"damage_healed":0.0,"max_hp_gain":0.0,"max_hp_loss":0.0,"gold_gain":0.0,"event_name":"MindBloom","player_choice":"Fight","floor":39.0,"gold_loss":0.0,"damage_taken":0.0},{"damage_healed":0,"gold_gain":0,"player_choice":"Relic","damage_taken":0,"max_hp_gain":0,"max_hp_loss":0,"event_name":"Wheel of Change","floor":44,"gold_loss":0}],"is_beta":false,"boss_relics":[{"not_picked":["Fusion Hammer","theMarked:Eyepatch"],"picked":"Velvet Choker"},{"not_picked":["Coffee Dripper","SacredBark"],"picked":"Cursed Key"}],"items_purged_floors":[5,11,20],"is_endless":false,"potions_floor_spawned":[1,10,12,13,18,19,29,35,36,45],"killed_by":"Reptomancer","ascension_level":0}}